4080 6052
313 552 382 623 106
695 527 891 618 pnooss
916 542 1010 615 oss
1035 542 1334 615 rennuens.

307 690 466 777 mensis,
491 688 625 767 Oricos
651 686 816 764 Chonles
841 683 1031 760 Tullensis
1053 682 1261 789 presbyter,
1288 681 1501 786 Stephanus
1522 679 1729 758 Commont

306 819 537 908 Parisiensis,
572 817 757 893 bobertus
791 815 839 891 de
872 813 1052 890 Charmes
1085 811 1346 918 Lingonensis,
1375 808 1605 890 Guillelmus
1629 811 1727 889 Dor·

178 952 181 957 ’
306 949 408 1027 melli
444 946 670 1052 bajocensis,
701 943 928 1022 Guillelmus
957 941 1004 1019 de
1029 944 1106 1046 Roy
1132 941 1431 1028 suessionensis,
1458 940 1649 1017 lohannes
1675 941 1725 1017 de

306 1081 372 1159 Vin
394 1075 637 1164 Belracensis,
662 1075 701 1148 P.
728 1072 837 1176 Regis
858 1069 1088 1160 Parisiensis,
1111 1071 1299 1146 Johannes
1321 1068 1368 1144 de
1394 1068 1518 1149 Domo
1536 1069 1609 1147 Dei
1634 1069 1725 1148 Met-

307 1209 447 1295 densis',
485 1204 656 1281 Matheus
687 1200 856 1279 Renaudi
894 1199 1144 1288 Ebroicensis,
1173 1199 1354 1276 Albrinus
1384 1198 1567 1306 Lengleys
1596 1198 1726 1277 Ehroi·

305 1338 438 1426 censis,
459 1333 616 1411 Auricus
645 1332 693 1407 de
718 1334 854 1408 Recors
875 1328 1126 1418 Ebroicensis,
1152 1328 1395 1407 Guaufredus
1415 1329 1522 1404 Ervei
1549 1328 1724 1436 Bajocen·

297 1463 371 1557 sis,
392 1463 620 1544 Guillelmus
642 1461 688 1537 de
711 1459 912 1538 Cormoian
934 1458 1160 1565 Bajocensis,
1179 1459 1379 1538 Guilhnus
1397 1461 1477 1535 Toe
1497 1459 1720 1565 bajocensis,

305 1595 524 1699 Radulphus
555 1595 724 1669 Petrosse
757 1589 1035 1676 Ambianensis,
1064 1589 1191 1667 Guido
1220 1590 1364 1695 Panaye
1398 1589 1721 1696 Rothomagonsis,

306 1721 483 1798 Ricardus
511 1724 723 1827 Bernanger
750 1719 1080 1822 Rothomagensis,
1112 1719 1325 1825 Stephanus
1355 1719 1403 1795 de
1431 1721 1533 1796 Novo
1561 1717 1721 1797 Casteiio

304 1844 629 1958 Rothomagensis,
647 1849 832 1926 Robertus
855 1849 901 1924 de
925 1849 1199 1924 Hermenorille
1225 1849 1524 1937 silvanectensis,
1540 1847 1723 1925 Arbertus

305 1980 352 2056 de
374 1981 536 2058 Cauchis
564 1979 673 2055 miles
704 1979 889 2083 Aquensis
918 1977 1125 2081 provincie,
1146 1978 1452 2067 Mediolanensis3
1482 1980 1521 2054 P.
1548 1976 1596 2054 de
1619 1977 1723 2083 Aqu-

305 2135 394 2185 suno
430 2109 717 2198 Nemausensis,
752 2110 791 2184 P.
825 2106 1005 2185 Gibellini
1040 2106 1211 2212 ejusdem
1252 2107 1530 2196 Nemausensis,
1564 2108 1721 2185 lacobus

305 2237 453 2315 Caisrdi
480 2236 770 2343 Magalonensis,
793 2237 951 2313 Ponsius
970 2235 1092 2313 Pisani
1118 2232 1288 2342 ejusdem
1310 2237 1601 2344 Megalonensis,
1624 2235 1721 2317 Guit

304 2366 441 2444 {elmus
468 2368 515 2444 de
535 2370 664 2444 'Ranco
692 2366 889 2454 Uticensis,
910 2366 1099 2442 lohannes
1121 2365 1169 2442 de
1191 2366 1330 2444 Tribus
1345 2367 1414 2445 viis
1435 2366 1716 2473 Megaloneosis.

303 2499 341 2573 P.
370 2498 406 2574 le
430 2499 581 2579 Prevost
607 2497 873 2594 Atrebatensis,
898 2499 937 2572 P.
963 2496 1010 2572 de
1032 2494 1130 2572 Aciis
1159 2496 1436 2586 Noviomensie,
1469 2495 1645 2576 Gslterus
1674 2496 1718 2574 de

304 2626 399 2704 Villa
435 2628 629 2732 Sapiencie
666 2626 965 2711 Suessionensis,
1003 2625 1193 2702 Coclarius
1227 2624 1508 2710 Amhieoensis,
1537 2628 1647 2734 Hugo
1675 2626 1719 2702 de

305 2755 428 2831 Aiiaco
447 2754 620 2859 ejusdem
640 2754 916 2841 Ambianensis,
935 2752 1155 2858 Radulphus
1180 2754 1227 2830 de
1249 2757 1430 2862 Premeyo
1452 2754 1623 2862 q'usdem
1641 2755 1721 2830 Am

304 2881 508 2969 bianensis,
536 2885 723 2961 Johannes
756 2883 803 2959 de
837 2885 1047 2988 Campanea
1082 2882 1128 2958 de
1163 2885 1305 2960 civitate
1333 2884 1528 2977 Trecensi‚
1554 2884 1720 2962 Nicolaus

223 3088 227 3095 ,
307 3009 353 3083 de
380 3009 544 3085 Bornelli
574 3011 822 3096 Belvaoensis‚
850 3015 889 3088 P.
919 3013 966 3087 de
992 3012 1149 3089 Camino
1175 3013 1446 3103 Noviomensis,
1473 3014 1650 3093 Clemens
1672 3014 1718 3089 de

306 3140 436 3213 Turno
464 3139 695 3228 Parisiensis,
718 3142 905 3216 lohannes
927 3141 974 3216 de
1001 3142 1208 3218 Richavslle
1233 3143 1512 3231 Ambianensis,
1540 3143 1720 3249 hogerius

306 3267 352 3340 de
371 3267 552 3343 Marseliis
569 3268 809 3356 Bclvacensis,
831 3272 946 3345 Lucas
964 3270 1011 3344 de
1029 3270 1196 3375 Somayo
1211 3271 1480 3358 Ambiauensis,
1496 3274 1580 3348 Ber.
1599 3272 1720 3377 Ajuda

304 3398 373 3473 Dei
412 3397 606 3502 presbyter
642 3398 924 3503 Magalonensis,
963 3400 1149 3477 iohannes
1180 3401 1314 3477 Amelii
1350 3401 1716 3486 Charchessonensis,

304 3529 490 3603 Johannes
529 3529 649 3604 Mauri
686 3528 943 3614 Bituricensis,
981 3529 1183 3605 Renaudus
1221 3530 1267 3607 de
1304 3529 1497 3609 Assineilio
1532 3529 1717 3634 Aquensis

305 3658 343 3731 in
361 3657 565 3744 Provincia,
589 3658 829 3735 Gacerandus
850 3658 898 3733 de
920 3660 1047 3735 Monte
1070 3661 1218 3737 Pessato
1243 3659 1501 3745 Narbonensis,
1528 3657 1717 3735 lohannes

305 3787 411 3862 Eiibe
448 3788 681 3875 Thoiosane,
711 3789 870 3863 Poncius
897 3790 1072 3865 Tortossa
1106 3791 1385 3879 Nemausensis,
1412 3787 1641 3867 Guiilelmus
1671 3790 1717 3867 de

305 3917 424 3995 Nuhia
449 3917 667 3993 Lodoiensis
689 3916 755 4022 [9],
776 3918 963 3994 Johannes
988 3920 1098 3997 Costa
1128 3921 1337 4026 Agatensis,
1358 3918 1550 4000 Gerardus
1574 3919 1622 3995 de
1650 3921 1718 3996 Po-

305 4048 366 4123 dio
388 4046 462 4124 fort
479 4046 623 4152 Aguhra
647 4047 866 4153 Agenensis‚
892 4050 929 4122 P.
953 4047 1000 4122 de
1022 4050 1129 4126 Mons
1151 4051 1418 4141 Narbonensis,
1438 4049 1618 4128 Martinus
1647 4051 1716 4125 Ro

303 4173 370 4247 bul
400 4176 608 4279 Agatensis,
635 4177 848 4284 Stephanus
882 4176 1033 4254 Trebati
1063 4180 1319 4266 Bituricensis,
1348 4183 1387 4256 P.
1417 4179 1464 4256 de
1491 4180 1714 4254 Terrassone

304 4305 626 4408 Petregoricensis,
654 4307 894 4414 Raynrondus
921 4308 968 4383 de
993 4311 1176 4387 Prinhans
1201 4311 1466 4398 Gelbeneusis,
1490 4306 1715 4385 Bertraudns

302 4432 350 4508 de
373 4434 408 4508 ie
430 4435 579 4511 Moneta
600 4437 873 4542 Apparniensis,
894 4437 1093 4516 Arnaudus
1118 4442 1164 4516 de
1187 4442 1276 4547 Spei
1297 4439 1469 4547 ejusdem
1495 4436 1715 4542 Appsmien·

304 4561 369 4645 sis,
384 4563 578 4637 Deodatus
597 4563 692 4640 Jaset
711 4565 929 4654 Enerensis,
950 4567 989 4642 P.
1011 4568 1191 4675 Stephani
1207 4568 1412 4676 Agatensis,
1433 4563 1713 4643 Reruotameus

303 4686 453 4761 Andree
478 4687 649 4792 ejusdem
670 4693 876 4798 Agatensie,
902 4695 1141 4802 Raymondus
1164 4700 1213 4775 de
1235 4701 1345 4776 Bassa
1366 4695 1538 4802 ejusdem
1558 4692 1714 4799 Ageteu·

304 4812 369 4902 sis,
393 4814 476 4892 Ber.
495 4816 697 4896 Csseanelli
720 4822 890 4928 ejusdem
909 4825 1117 4930 Agateusis
1142 4828 1371 4908 Guillelmus
1393 4826 1441 4902 de
1466 4823 1595 4902 Castro
1617 4845 1712 4897 novo
