4080 6052
494 515 689 612 proces
715 536 810 609 nas
836 530 1138 610 inuramus
1447 546 1521 618 ric

108 681 227 786 capita
244 677 444 787 ydolorum
463 678 647 767 cordulis,
671 694 709 754 et
728 677 833 783 quod
856 675 949 753 tales
972 676 1127 754 cordule
1146 677 1386 753 traderentur
1404 677 1525 759 Iratri·

108 812 198 901 bus3
216 808 376 916 quilibet
389 826 518 886 tamen
534 808 691 886 fratrum
706 808 877 915 cingebat
893 836 932 885 se
950 837 1063 914 super
1079 806 1266 885 camisiam
1282 836 1357 883 una
1372 809 1526 888 cordula

108 968 221 1048 quam
230 938 436 1045 accipiebat
447 939 506 1014 vel
519 940 668 1016 emebat
682 938 783 1015 unde
796 936 958 1025 volebat,
977 956 1015 1014 et
1028 938 1178 1044 quando
1193 955 1272 1014 erat
1284 955 1410 1042 captus
1425 941 1526 1046 apud

108 1069 310 1148 Saracenos
323 1097 400 1147 non
415 1068 574 1145 dabatur
590 1096 656 1174 pro
672 1068 755 1174 ejus
767 1067 1031 1172 redempcione
1046 1066 1117 1144 nisi
1133 1067 1301 1144 cordulla
1313 1068 1413 1156 talis,
1434 1086 1472 1146 et
1486 1070 1524 1147 in

108 1178 330 1307 hujusmodi
355 1197 662 1304 significationem
686 1197 961 1303 precipiebatur
985 1195 1053 1285 eis,
1073 1214 1117 1273 ut
1141 1197 1248 1286 dixit,
1275 1198 1379 1304 quod
1403 1218 1528 1305 porta·

110 1327 405 1433 rentcordulam
421 1327 643 1433 predictam,
665 1344 703 1404 et
725 1327 817 1404 dixit
841 1355 920 1404 esse
941 1326 988 1403 de
1013 1328 1160 1433 punctis
1185 1327 1327 1405 ordinis
1350 1329 1389 1404 in
1409 1327 1522 1409 Acon.

110 1426 363 1566 lnteirogatns
381 1458 573 1564 quomodo
591 1457 665 1535 hoc
683 1457 837 1549 sciebat,
858 1456 1053 1561 respondit
1071 1456 1174 1562 quod
1195 1458 1318 1561 primo
1334 1487 1448 1563 quam
1469 1487 1526 1536 es-

110 1605 168 1667 set
186 1587 303 1681 frater
318 1587 407 1667 dicti
428 1588 587 1679 ordinis,
609 1586 750 1665 audivit
773 1586 939 1693 predicta
963 1586 1036 1662 dici
1060 1586 1099 1663 in
1119 1585 1222 1664 Acon
1242 1616 1262 1663 a
1281 1584 1392 1664 fratre
1418 1587 1527 1666 Guil-

109 1717 224 1796 1erm0
254 1718 301 1795 ae
330 1717 521 1827 seuojoeo
547 1735 638 1795 tunc
666 1688 849 1824 uariat
867 1715 1009 1794 ordina
1035 1716 1074 1791 in
1101 1716 1216 1793 aomo
1242 1716 1408 1822 Tempu,
1438 1735 1477 1794 a
1506 1747 1527 1792 a

108 1848 283 1954 Magistro
298 1848 365 1954 qui
381 1877 484 1926 nunc
500 1865 558 1947 est
573 1848 756 1926 audivisse
775 1849 813 1926 in
828 1848 941 1954 Cipro
959 1863 1158 1954 postquam
1174 1846 1247 1924 fuit
1259 1845 1371 1924 [rater
1385 1847 1526 1924 ordinis

109 1976 282 2086 predicti.¹

166 2106 278 2192 Item,
299 2107 502 2212 requisitus
525 2137 638 2214 super
662 2135 742 2197 axv,
763 2135 801 2188 vt
821 2125 858 2184 et
877 2135 926 2188 vu
947 2109 1126 2198 articulis,
1148 2106 1253 2215 quod
1274 2107 1529 2185 interficeren-

110 2252 174 2311 tur
189 2233 248 2309 vel
265 2234 580 2312 incarcerarentur
596 2238 664 2343 qui
683 2237 815 2334 nolent
833 2239 872 2313 in
894 2239 1111 2343 recepcione
1127 2267 1193 2315 sua
1211 2238 1328 2314 lacere
1343 2237 1525 2343 predicta,

110 2362 308 2468 respondit
325 2364 432 2470 quod
450 2392 519 2440 nec
538 2364 693 2454 sciehat,
715 2393 785 2441 nec
807 2366 966 2452 viderat,
987 2393 1058 2441 nec
1079 2366 1270 2442 audiverat
1288 2367 1453 2471 aliquem
1473 2367 1530 2442 in-

111 2491 229 2569 terfici
244 2492 303 2568 vel
317 2492 533 2571 incarcerari
548 2511 704 2601 propter
722 2494 899 2603 predicta,
915 2523 985 2571 nec
999 2495 1083 2582 scit,
1100 2522 1170 2570 nec
1182 2493 1323 2570 audivit
1337 2472 1409 2570 dici
1425 2494 1529 2599 quod

112 2621 246 2727 aliquis
264 2624 488 2702 recusaverit
505 2624 626 2701 facere
647 2625 710 2701 illa
729 2653 804 2731 que
822 2626 901 2730 ipse
922 2624 1097 2731 deposuit
1113 2625 1152 2701 in
1170 2624 1386 2730 recepcione
1405 2652 1471 2700 sua
1490 2650 1529 2700 se

111 2751 255 2830 fecisse.
879 2749 883 2756 ’
1111 2859 1113 2863 A

168 2884 282 2970 Item,
299 2884 503 2989 requisitus
522 2912 636 2991 super
651 2890 878 2964 txvur-txxu
892 2883 1074 2997 arnualis}
1087 2911 1136 2960 ne
1151 2882 1316 2989 predicta
1332 2909 1400 2987 per
1414 2910 1530 2959 sacra-

114 3027 288 3088 mentum
306 3011 541 3102 revellerent,
560 3014 755 3120 respondit
771 3014 876 3120 quod
892 3040 960 3119 per
976 3029 1246 3091 sacramentum
1267 3011 1532 3116 imponebatur

116 3141 171 3216 eis
184 3167 232 3215 ne
246 3141 453 3219 revelarent
465 3145 624 3220 modum
638 3143 867 3252 recepcionis
882 3170 948 3220 sue
964 3160 1002 3220 et
1016 3158 1156 3219 secreta
1173 3140 1341 3246 capituli,
1362 3158 1401 3218 et
1417 3142 1446 3218 si
1464 3143 1530 3249 qui

115 3266 353 3357 revelassent,
376 3269 615 3350 abstulissent
632 3273 687 3350 eis
701 3272 939 3369 mantellum,
962 3289 999 3349 et
1018 3271 1231 3377 posuissent
1248 3271 1367 3348 cosin
1386 3299 1529 3347 carcere

114 3398 281 3486 mortali,
309 3427 377 3476 nec
403 3401 450 3477 de
474 3402 651 3507 predictis
670 3402 853 3480 auderent
874 3403 977 3510 loqui
1001 3401 1098 3479 inter
1115 3430 1170 3490 se,
1191 3428 1269 3478 non
1292 3417 1418 3476 tamen
1439 3399 1532 3475 vidit

114 3557 183 3605 nec
206 3529 348 3607 audivit
366 3531 531 3637 aliquem
553 3533 749 3613 revellasse
769 3533 953 3639 predicta,
976 3560 1045 3609 nec
1063 3548 1217 3637 propter
1235 3530 1308 3607 hoc
1327 3529 1440 3606 luisse
1460 3558 1531 3634 pu-

113 3676 249 3735 mtum.

172 3789 285 3874 Item,
314 3789 518 3893 requisitus
540 3818 654 3897 super
675 3818 783 3885 nxxm
803 3790 976 3882 articulo,
1004 3789 1198 3899 respondit
1219 3816 1353 3866 verum
1372 3814 1469 3872 esse,
1496 3802 1533 3862 et

116 3914 221 4021 quod
249 3913 318 3990 sibi
353 3915 562 4020 injunctum
593 3919 715 3996 fuerat
743 3919 848 4025 quod
875 3947 953 3996 non
986 3918 1228 3996 confiteretur
1255 3918 1326 3994 nisi
1357 3915 1532 3994 fratribus

116 4040 332 4148 presbiteris
351 4040 522 4147 ejusdem
542 4046 700 4132 ordinis,
723 4062 761 4122 et
779 4048 888 4124 idem.
902 4047 1042 4125 audivit
1060 4049 1200 4154 precipi
1220 4049 1259 4123 in
1279 4047 1450 4152 capitulis
1470 4073 1533 4122 eo-

115 4202 203 4250 rum
219 4171 357 4279 quibus
371 4172 552 4250 interfuit
569 4175 783 4281 Requisitus
801 4205 917 4282 quare
934 4177 1203 4282 precipiebant,
1222 4176 1417 4281 respondit
1430 4174 1534 4282 quod

118 4303 257 4380 adhoc
277 4319 417 4380 utnon
436 4303 622 4381 scirentur
640 4304 687 4382 ab
708 4305 789 4384 aliis
809 4305 1061 4383 confessiones
1073 4333 1225 4383 eorum.
1372 4337 1384 4342 ·

175 4432 285 4518 Item,
302 4433 511 4538 requisitus
526 4462 641 4538 super
655 4461 796 4522 nrxuu,
818 4463 840 4515 v
861 4453 899 4512 et
917 4462 953 4513 vr
970 4436 1151 4527 articulis,
1172 4435 1277 4542 quod
1290 4434 1536 4540 neglexerunt

118 4561 303 4666 corrigere
325 4590 469 4640 errores
487 4579 526 4641 et
550 4565 728 4641 nunciare
748 4566 927 4658 Ecclesie,
948 4565 1036 4644 licet
1054 4566 1262 4671 potuerint,
1283 4563 1477 4670 respondit
1495 4594 1534 4642 se

117 4689 273 4767 credere
290 4721 375 4769 vera
394 4721 473 4770 esse
492 4711 665 4771 contenta
681 4695 720 4771 in
739 4695 828 4801 ipsis
846 4695 1025 4787 articrdis,
1044 4713 1169 4774 tamen
1189 4697 1307 4773 credit
1324 4696 1431 4803 qu'od
1450 4723 1537 4773 con-

120 4820 329 4914 fiterentur,
357 4823 520 4911 adiciens
543 4825 650 4930 quod
675 4825 754 4931 ipse
780 4826 882 4904 idem
906 4825 1098 4906 confessus
1121 4826 1241 4905 suerat
1259 4853 1404 4905 errores
1423 4853 1537 4932 supra

1339 4963 1389 5025 28.
