4080 6052
495 508 688 603 ruocbs
714 530 808 600 nas
833 530 1128 603 rsurusns.
1445 534 1519 604 soc

105 665 223 743 multa
251 668 343 744 dura
369 685 406 743 et
432 654 563 774 aspera
580 671 783 756 sustinere,
809 669 946 775 etipse
968 671 1119 748 dixisset
1138 670 1243 778 quod
1263 671 1389 747 omnia
1409 674 1520 748 susti-

106 813 225 883 neret,
243 814 281 873 et
294 797 484 876 institisset
500 828 568 904 pro
583 798 804 905 recepcioue
820 827 903 886 sua,
918 800 1082 877 finaliter
1095 800 1265 877 fecerunt
1286 828 1373 876 eum
1388 830 1518 877 vovere

105 944 142 1002 et
150 930 403 1048 juraresupra
423 931 626 1036 quemdam
643 931 784 1007 librum
805 931 1024 1017 castitatem,
1043 931 1323 1018 obedienciam,
1344 948 1381 1006 et
1399 931 1518 1007 vivere

104 1056 183 1131 sine
204 1056 376 1161 proprio,
401 1076 439 1134 at
458 1087 600 1135 servare
619 1059 741 1137 bonos
755 1087 846 1137 usus
862 1076 900 1135 et
912 1059 1031 1136 bonas
1046 1060 1338 1137 consuetudines
1359 1061 1517 1146 ordinis,

106 1202 143 1261 et
162 1188 266 1291 quod
291 1204 388 1264 esset
407 1217 533 1266 servus
553 1190 717 1266 esclavus
736 1192 852 1266 Terre
873 1191 1017 1267 Sancte.
1050 1190 1297 1267 Postmodum
1318 1190 1441 1267 dictus
1461 1219 1520 1266 re-

106 1331 235 1419 ceptor
260 1316 440 1422 imposuit
457 1318 491 1394 ei
512 1318 753 1410 mantellum,
781 1336 818 1396 et
840 1319 917 1424 ipse
937 1321 1042 1396 testis
1062 1320 1133 1395 fuit
1156 1320 1333 1396 eumdem
1352 1336 1520 1425 recepto·

105 1472 187 1520 rem
213 1446 398 1522 osculatus
430 1448 468 1524 in
499 1476 563 1524 ore
591 1465 628 1526 et
655 1450 694 1524 in
720 1450 881 1525 humero
909 1476 1022 1554 super
1047 1465 1184 1538 vestes,
1216 1466 1254 1523 et
1281 1447 1373 1524 alios
1392 1447 1522 1526 fratres

105 1590 263 1650 astantes
296 1576 333 1649 in
364 1604 439 1651 ore.
471 1578 604 1654 Postea
630 1577 751 1653 dictus
780 1594 962 1682 receptor,
984 1577 1024 1652 in
1050 1577 1241 1681 presencia
1270 1577 1432 1652 aliorum
1452 1577 1522 1655 sra-

105 1718 222 1790 trum,
254 1706 421 1808 precepit
446 1704 568 1781 eidem
596 1705 681 1782 testi
708 1705 812 1809 quod
832 1706 1033 1811 abnegaret
1056 1706 1232 1798 Jhesum;
1266 1722 1414 1781 etcum
1443 1708 1520 1811 ipse

104 1834 208 1910 testis
238 1835 491 1939 respondisset
517 1834 620 1938 quod
646 1833 753 1910 nullo
781 1834 896 1910 modo
926 1834 1128 1939 abnegaret
1145 1835 1361 1944 Creatorem
1391 1864 1519 1928 suum,

108 1962 201 2037 dixit
224 1962 257 2037 ei
279 1962 382 2068 quod
403 1991 479 2038 non
501 1979 646 2038 curaret
663 1963 730 2039 sed
750 1964 967 2070 abnegaret;
989 1980 1027 2040 et
1045 1979 1136 2038 tunc
1155 1964 1234 2068 ipse
1255 1964 1359 2042 testis
1379 1982 1435 2041 ter
1458 1967 1522 2043 ab·

106 2093 254 2199 negavit
269 2095 441 2181 Jhesum,
463 2121 538 2170 non
559 2093 759 2170 intendens
783 2123 825 2170 ex
840 2096 914 2189 hoc
934 2094 1116 2202 abnegare
1134 2096 1290 2171 Jhesum
1310 2095 1519 2188 Christum,

107 2223 323 2300 Creatorem
339 2251 467 2310 suum,
490 2239 534 2299 ut
548 2223 650 2299 dixit.
669 2225 799 2300 Postea
817 2225 984 2329 precepit
1000 2224 1033 2299 ei
1048 2225 1153 2328 quod
1173 2242 1325 2328 spueret
1338 2242 1396 2301 ter
1412 2256 1524 2332 supra

105 2372 260 2445 terram,
283 2373 320 2431 et
343 2356 421 2460 ipse
440 2353 545 2462 testis
569 2355 670 2459 spuit
689 2355 806 2432 semel
825 2355 883 2431 vel
902 2355 972 2432 bis.
999 2356 1212 2458 Requisitus
1233 2357 1263 2431 si
1285 2355 1337 2430 ibi
1360 2374 1438 2432 crat
1457 2357 1524 2433 ali-

106 2513 180 2589 qua
198 2513 303 2572 crux,
320 2483 379 2559 rel
392 2485 422 2559 si
437 2463 531 2560 dixit
546 2485 580 2560 ei
596 2483 701 2590 quod
713 2502 864 2589 spueret
880 2485 918 2560 in
937 2484 1156 2588 despectum
1175 2485 1308 2572 Jhesu,
1330 2487 1525 2590 respondit

106 2615 211 2720 quod
236 2641 323 2690 non.
346 2614 561 2720 Requisitus
579 2614 610 2691 si
631 2615 701 2691 alia
719 2613 846 2691 illicita
864 2615 1147 2691 intervenerunt
1166 2615 1205 2692 in
1226 2615 1443 2719 recepcioue
1459 2645 1524 2692 sua

106 2744 164 2821 vel
191 2762 294 2851 post,
316 2743 511 2849 respondit
536 2744 640 2850 quod
666 2773 755 2821 non.
788 2743 1003 2849 Requisitus
1032 2745 1062 2820 si
1090 2745 1158 2820 scit
1186 2743 1244 2820 vel
1277 2744 1397 2820 credit
1420 2745 1524 2849 quod
1577 2794 1580 2799 -

107 2903 237 2952 omnes
256 2875 387 2953 fratres
412 2875 555 2952 ordinis
574 2876 801 2980 abnegarent
827 2875 983 2952 Jhesum
1007 2875 1043 2950 in
1066 2874 1351 2980 recepcionibus
1373 2874 1449 2950 suis
1467 2872 1526 2951 vel

107 3024 205 3112 post,
236 3006 431 3111 respondit
458 3034 497 3081 se
522 2986 674 3081 credere
699 3004 806 3112 quod
837 3005 904 3095 sic,
937 3021 975 3080 et
996 3005 1100 3110 quod
1121 3004 1360 3080 uniformiter
1385 3004 1425 3079 in
1443 3020 1525 3080 toto

107 3133 238 3211 ordine
265 3135 432 3240 predicto
461 3134 729 3238 reciperentur.
756 3133 867 3221 Item,
902 3133 994 3209 dixit
1019 3132 1124 3238 quod
1150 3160 1226 3208 non
1247 3132 1423 3209 credebat
1442 3133 1525 3209 lieri

107 3266 146 3340 in
161 3266 291 3344 ordine
310 3264 645 3371 dogmatizacionc's
662 3262 808 3340 illicitas
824 3291 893 3340 nec
908 3263 1228 3350 conculcaciones;
1252 3262 1387 3351 immo,
1408 3265 1445 3337 in
1465 3262 1526 3337 die

108 3397 264 3473 Veneris
282 3374 404 3471 sancta
422 3367 553 3471 devote
570 3411 607 3470 et
622 3409 835 3470 reverenter
854 3392 1140 3480 confitebantur,
1162 3408 1200 3466 et
1219 3391 1424 3467 adorabant
1442 3420 1527 3468 cru-

108 3554 201 3602 cem.
232 3528 313 3602 Non
341 3524 460 3600 credit
487 3523 592 3628 quod
612 3523 811 3601 adorarent
836 3539 979 3609 catum,
1011 3548 1080 3594 nec
1099 3519 1205 3623 quod
1234 3519 1365 3595 fratres
1386 3520 1527 3597 ordinis

109 3672 232 3733 essent
251 3654 434 3730 increduli
459 3653 713 3729 ecclesiasticis
737 3650 992 3734 sacramentis,
1014 3648 1153 3753 quibus
1180 3647 1259 3753 ipse
1278 3649 1377 3725 bene
1397 3650 1527 3726 erede-

108 3786 189 3874 bat3
208 3800 246 3859 et
264 3783 382 3858 credit
403 3782 507 3886 quod
528 3808 660 3857 eorum
677 3778 886 3856 sacerdotes
911 3777 1037 3855 debite
1060 3778 1309 3869 celebrarent,
1326 3781 1414 3886 quia
1435 3780 1529 3856 vidit

108 3913 324 4019 frequenter
342 3910 475 3986 fratres
489 3909 653 3987 Minores
674 3926 712 3984 et
725 3908 979 3985 Predicatores
1000 3924 1038 3983 et
1057 3906 1148 3983 alios
1168 3908 1382 4015 religiossos
1395 3910 1526 4018 juvare

110 4043 228 4121 dictos
243 4040 471 4150 presbiteros
490 4039 530 4115 in
546 4039 666 4116 missis
680 4037 924 4115 celebrandis.
944 4040 1027 4114 Non
1042 4035 1162 4113 credit
1179 4065 1248 4114 nec
1263 4036 1405 4115 audivit
1424 4040 1528 4146 quod

111 4202 243 4252 eorum
273 4171 354 4248 laici
375 4169 609 4249 absolverent
636 4168 695 4247 vel
720 4185 873 4275 possent
891 4167 1081 4244 absolvere
1102 4195 1122 4242 a
1141 4168 1315 4272 peccatis,
1343 4169 1431 4273 quia
1451 4197 1528 4246 non

111 4321 216 4380 erant
234 4300 449 4409 presbiteri,
472 4327 541 4377 nec
561 4300 696 4375 fierent
708 4298 820 4374 inter
845 4324 909 4374 eos
928 4297 998 4374 alia
1018 4296 1142 4374 oscula
1162 4324 1276 4401 quam
1297 4297 1360 4374 illa
1381 4298 1429 4375 de
1445 4299 1530 4404 qui·

110 4437 182 4513 bus
210 4460 322 4538 supra
351 4431 535 4536 deposuit.
569 4431 652 4506 Non
668 4427 846 4535 jurabant
872 4427 1046 4504 ordinem
1069 4453 1145 4501 non
1167 4426 1278 4502 exire.
1305 4427 1438 4504 Statim
1458 4455 1526 4532 pro

110 4561 284 4669 professis
303 4560 548 4648 habebantur,
572 4575 609 4635 et
631 4557 862 4635 clandestine
891 4556 1186 4662 recipiebantur,
1220 4582 1264 4631 ex
1295 4586 1373 4663 quo
1404 4557 1524 4634 credit

111 4694 216 4800 quod
236 4708 332 4769 esset
351 4690 512 4796 suspicio
533 4705 661 4767 contra
681 4717 756 4766 eos.
774 4689 856 4764 Non
877 4687 994 4764 credit
1010 4686 1116 4792 quod
1136 4686 1331 4763 carnaliter
1350 4685 1526 4764 commis·

112 4840 296 4909 cerentur,
321 4851 391 4897 nec
416 4822 521 4926 quod
550 4820 737 4896 diceretur
764 4819 817 4895 eis
846 4817 951 4924 quod
980 4817 1052 4893 hoc
1081 4816 1200 4893 facere
1227 4817 1325 4895 licite
1354 4833 1526 4923 possent,

199 4961 307 5023 raonis
330 4980 382 5022 nas
404 4979 574 5022 rennuens.
587 4980 657 5017 -1.
1368 4977 1405 5036 77
