<?xml version="1.0" encoding="UTF-8"?>
<!DOCTYPE html PUBLIC "-//W3C//DTD XHTML 1.0 Transitional//EN"
    "http://www.w3.org/TR/xhtml1/DTD/xhtml1-transitional.dtd">
<html xmlns="http://www.w3.org/1999/xhtml" xml:lang="en" lang="en">
 <head>
  <title>
</title>
<meta http-equiv="Content-Type" content="text/html;charset=utf-8" />
  <meta name='ocr-system' content='tesseract 3.04.00' />
  <meta name='ocr-capabilities' content='ocr_page ocr_carea ocr_par ocr_line ocrx_word'/>
</head>
<body>
  <div class='ocr_page' id='page_1' title='image "./procsdestemplie02defegoog_0635.png"; bbox 0 0 4080 6052; ppageno 0'>
   <div class='ocr_carea' id='block_1_1' title="bbox 690 510 1721 605">
    <p class='ocr_par' dir='ltr' id='par_1_1' title="bbox 690 510 1721 605">
     <span class='ocr_line' id='line_1_1' title="bbox 690 510 1721 605; baseline 0.004 -7"><span class='ocrx_word' id='word_1_1' title='bbox 690 510 885 602; x_wconf 75' lang='lat' dir='ltr'>procus</span> <span class='ocrx_word' id='word_1_2' title='bbox 912 530 1007 602; x_wconf 83' lang='lat' dir='ltr'>urs</span> <span class='ocrx_word' id='word_1_3' title='bbox 1033 529 1336 605; x_wconf 82' lang='lat' dir='ltr'>rnnrmnns.</span> <span class='ocrx_word' id='word_1_4' title='bbox 1648 534 1721 603; x_wconf 82' lang='lat' dir='ltr'>on</span> 
     </span>
    </p>
   </div>
   <div class='ocr_carea' id='block_1_2' title="bbox 296 668 1733 3519">
    <p class='ocr_par' dir='ltr' id='par_1_2' title="bbox 296 668 1733 3519">
     <span class='ocr_line' id='line_1_2' title="bbox 307 668 1720 777; baseline -0.001 -28"><span class='ocrx_word' id='word_1_5' title='bbox 307 700 417 777; x_wconf 90' lang='lat' dir='ltr'>supra</span> <span class='ocrx_word' id='word_1_6' title='bbox 431 670 599 776; x_wconf 86' lang='lat' dir='ltr'>juratus,</span> <span class='ocrx_word' id='word_1_7' title='bbox 621 670 844 747; x_wconf 90' lang='lat' dir='ltr'>mantellum</span> <span class='ocrx_word' id='word_1_8' title='bbox 871 668 1061 759; x_wconf 86' lang='lat' dir='ltr'>deferens,</span> <span class='ocrx_word' id='word_1_9' title='bbox 1089 673 1195 748; x_wconf 87' lang='lat' dir='ltr'>etatis</span> <span class='ocrx_word' id='word_1_10' title='bbox 1219 700 1293 750; x_wconf 80' lang='lat' dir='ltr'>xxn</span> <span class='ocrx_word' id='word_1_11' title='bbox 1316 698 1502 748; x_wconf 90' lang='lat' dir='ltr'>annorum</span> <span class='ocrx_word' id='word_1_12' title='bbox 1526 671 1584 746; x_wconf 90' lang='lat' dir='ltr'>vel</span> <span class='ocrx_word' id='word_1_13' title='bbox 1611 672 1720 761; x_wconf 92' lang='lat' dir='ltr'>circa,</span> 
     </span>
     <span class='ocr_line' id='line_1_3' title="bbox 305 800 1724 911; baseline 0 -33"><span class='ocrx_word' id='word_1_14' title='bbox 305 803 410 879; x_wconf 90' lang='lat' dir='ltr'>lectis</span> <span class='ocrx_word' id='word_1_15' title='bbox 429 820 465 877; x_wconf 91' lang='lat' dir='ltr'>et</span> <span class='ocrx_word' id='word_1_16' title='bbox 489 801 687 907; x_wconf 85' lang='lat' dir='ltr'>diligenter</span> <span class='ocrx_word' id='word_1_17' title='bbox 707 802 882 907; x_wconf 87' lang='lat' dir='ltr'>expositis</span> <span class='ocrx_word' id='word_1_18' title='bbox 912 801 981 878; x_wconf 90' lang='lat' dir='ltr'>sibi</span> <span class='ocrx_word' id='word_1_19' title='bbox 1004 801 1180 880; x_wconf 92' lang='lat' dir='ltr'>omnibus</span> <span class='ocrx_word' id='word_1_20' title='bbox 1206 820 1244 879; x_wconf 91' lang='lat' dir='ltr'>et</span> <span class='ocrx_word' id='word_1_21' title='bbox 1268 803 1424 911; x_wconf 89' lang='lat' dir='ltr'>singulis</span> <span class='ocrx_word' id='word_1_22' title='bbox 1452 800 1635 888; x_wconf 81' lang='lat' dir='ltr'>articulis,</span> <span class='ocrx_word' id='word_1_23' title='bbox 1667 832 1724 878; x_wconf 91' lang='lat' dir='ltr'>re-</span> 
     </span>
     <span class='ocr_line' id='line_1_4' title="bbox 306 932 1723 1039; baseline -0.002 -29"><span class='ocrx_word' id='word_1_24' title='bbox 306 932 456 1039; x_wconf 86' lang='lat' dir='ltr'>spondit</span> <span class='ocrx_word' id='word_1_25' title='bbox 471 962 509 1009; x_wconf 90' lang='lat' dir='ltr'>se</span> <span class='ocrx_word' id='word_1_26' title='bbox 523 933 665 1008; x_wconf 90' lang='lat' dir='ltr'>nescire</span> <span class='ocrx_word' id='word_1_27' title='bbox 682 932 729 1009; x_wconf 95' lang='lat' dir='ltr'>de</span> <span class='ocrx_word' id='word_1_28' title='bbox 747 933 801 1009; x_wconf 91' lang='lat' dir='ltr'>eis</span> <span class='ocrx_word' id='word_1_29' title='bbox 815 933 887 1009; x_wconf 88' lang='lat' dir='ltr'>nisi</span> <span class='ocrx_word' id='word_1_30' title='bbox 902 932 1006 1038; x_wconf 90' lang='lat' dir='ltr'>quod</span> <span class='ocrx_word' id='word_1_31' title='bbox 1021 934 1202 1039; x_wconf 89' lang='lat' dir='ltr'>sequitur,</span> <span class='ocrx_word' id='word_1_32' title='bbox 1216 933 1520 1038; x_wconf 77' lang='lat' dir='ltr'>videlicetzquod</span> <span class='ocrx_word' id='word_1_33' title='bbox 1540 932 1629 1036; x_wconf 91' lang='lat' dir='ltr'>ipse,</span> <span class='ocrx_word' id='word_1_34' title='bbox 1649 961 1723 1008; x_wconf 93' lang='lat' dir='ltr'>una</span> 
     </span>
     <span class='ocr_line' id='line_1_5' title="bbox 305 1062 1724 1154; baseline -0.001 -14"><span class='ocrx_word' id='word_1_35' title='bbox 305 1064 520 1140; x_wconf 84' lang='lat' dir='ltr'>cumfratre</span> <span class='ocrx_word' id='word_1_36' title='bbox 541 1063 647 1140; x_wconf 91' lang='lat' dir='ltr'>Helia</span> <span class='ocrx_word' id='word_1_37' title='bbox 663 1062 828 1140; x_wconf 89' lang='lat' dir='ltr'>Galabrii</span> <span class='ocrx_word' id='word_1_38' title='bbox 850 1064 1124 1142; x_wconf 88' lang='lat' dir='ltr'>Lemovicensis</span> <span class='ocrx_word' id='word_1_39' title='bbox 1143 1065 1315 1154; x_wconf 90' lang='lat' dir='ltr'>diocesis,</span> <span class='ocrx_word' id='word_1_40' title='bbox 1336 1064 1514 1148; x_wconf 82' lang='lat' dir='ltr'>serviens,</span> <span class='ocrx_word' id='word_1_41' title='bbox 1537 1062 1609 1138; x_wconf 84' lang='lat' dir='ltr'>luit</span> <span class='ocrx_word' id='word_1_42' title='bbox 1629 1091 1724 1139; x_wconf 89' lang='lat' dir='ltr'>rece-</span> 
     </span>
     <span class='ocr_line' id='line_1_6' title="bbox 305 1193 1723 1301; baseline -0.001 -29"><span class='ocrx_word' id='word_1_43' title='bbox 305 1213 407 1300; x_wconf 90' lang='lat' dir='ltr'>ptus,</span> <span class='ocrx_word' id='word_1_44' title='bbox 424 1197 462 1271; x_wconf 92' lang='lat' dir='ltr'>in</span> <span class='ocrx_word' id='word_1_45' title='bbox 479 1196 629 1271; x_wconf 90' lang='lat' dir='ltr'>instanti</span> <span class='ocrx_word' id='word_1_46' title='bbox 646 1194 784 1301; x_wconf 85' lang='lat' dir='ltr'>vigillia</span> <span class='ocrx_word' id='word_1_47' title='bbox 802 1194 886 1273; x_wconf 87' lang='lat' dir='ltr'>festi</span> <span class='ocrx_word' id='word_1_48' title='bbox 902 1197 1138 1273; x_wconf 87' lang='lat' dir='ltr'>Pentecostes</span> <span class='ocrx_word' id='word_1_49' title='bbox 1152 1213 1338 1274; x_wconf 86' lang='lat' dir='ltr'>eruntvru</span> <span class='ocrx_word' id='word_1_50' title='bbox 1353 1195 1441 1271; x_wconf 91' lang='lat' dir='ltr'>anni</span> <span class='ocrx_word' id='word_1_51' title='bbox 1452 1194 1509 1269; x_wconf 89' lang='lat' dir='ltr'>vel</span> <span class='ocrx_word' id='word_1_52' title='bbox 1528 1193 1640 1282; x_wconf 92' lang='lat' dir='ltr'>circa,</span> <span class='ocrx_word' id='word_1_53' title='bbox 1656 1224 1723 1299; x_wconf 91' lang='lat' dir='ltr'>per</span> 
     </span>
     <span class='ocr_line' id='line_1_7' title="bbox 296 1325 1725 1431; baseline 0 -31"><span class='ocrx_word' id='word_1_54' title='bbox 296 1327 458 1403; x_wconf 67' lang='lat' dir='ltr'>tratrem</span> <span class='ocrx_word' id='word_1_55' title='bbox 489 1326 741 1401; x_wconf 89' lang='lat' dir='ltr'>Humbertum</span> <span class='ocrx_word' id='word_1_56' title='bbox 770 1326 816 1402; x_wconf 94' lang='lat' dir='ltr'>de</span> <span class='ocrx_word' id='word_1_57' title='bbox 842 1325 1036 1404; x_wconf 82' lang='lat' dir='ltr'>Conbrino</span> <span class='ocrx_word' id='word_1_58' title='bbox 1066 1328 1259 1431; x_wconf 89' lang='lat' dir='ltr'>quondam</span> <span class='ocrx_word' id='word_1_59' title='bbox 1284 1326 1461 1411; x_wconf 90' lang='lat' dir='ltr'>militem,</span> <span class='ocrx_word' id='word_1_60' title='bbox 1487 1341 1579 1401; x_wconf 88' lang='lat' dir='ltr'>tunc</span> <span class='ocrx_word' id='word_1_61' title='bbox 1603 1354 1725 1430; x_wconf 87' lang='lat' dir='ltr'>prece-</span> 
     </span>
     <span class='ocr_line' id='line_1_8' title="bbox 306 1453 1724 1561; baseline -0.001 -29"><span class='ocrx_word' id='word_1_62' title='bbox 306 1474 453 1561; x_wconf 89' lang='lat' dir='ltr'>ptorem</span> <span class='ocrx_word' id='word_1_63' title='bbox 474 1457 521 1531; x_wconf 89' lang='lat' dir='ltr'>de</span> <span class='ocrx_word' id='word_1_64' title='bbox 541 1456 744 1542; x_wconf 90' lang='lat' dir='ltr'>Paulhaco,</span> <span class='ocrx_word' id='word_1_65' title='bbox 757 1454 995 1560; x_wconf 81' lang='lat' dir='ltr'>presentibus</span> <span class='ocrx_word' id='word_1_66' title='bbox 1012 1454 1188 1532; x_wconf 85' lang='lat' dir='ltr'>fratribus</span> <span class='ocrx_word' id='word_1_67' title='bbox 1207 1457 1400 1561; x_wconf 86' lang='lat' dir='ltr'>Stephano</span> <span class='ocrx_word' id='word_1_68' title='bbox 1417 1455 1470 1530; x_wconf 91' lang='lat' dir='ltr'>las</span> <span class='ocrx_word' id='word_1_69' title='bbox 1491 1453 1665 1531; x_wconf 88' lang='lat' dir='ltr'>Gorsolas</span> <span class='ocrx_word' id='word_1_70' title='bbox 1687 1472 1724 1530; x_wconf 90' lang='lat' dir='ltr'>et</span> 
     </span>
     <span class='ocr_line' id='line_1_9' title="bbox 305 1583 1724 1691; baseline -0.001 -28"><span class='ocrx_word' id='word_1_71' title='bbox 305 1587 499 1691; x_wconf 81' lang='lat' dir='ltr'>Aymerico</span> <span class='ocrx_word' id='word_1_72' title='bbox 516 1587 563 1661; x_wconf 90' lang='lat' dir='ltr'>de</span> <span class='ocrx_word' id='word_1_73' title='bbox 584 1585 717 1674; x_wconf 87' lang='lat' dir='ltr'>Primi,</span> <span class='ocrx_word' id='word_1_74' title='bbox 737 1584 899 1660; x_wconf 89' lang='lat' dir='ltr'>testibus</span> <span class='ocrx_word' id='word_1_75' title='bbox 916 1613 1029 1690; x_wconf 89' lang='lat' dir='ltr'>supra</span> <span class='ocrx_word' id='word_1_76' title='bbox 1045 1585 1278 1674; x_wconf 83' lang='lat' dir='ltr'>examinatis,</span> <span class='ocrx_word' id='word_1_77' title='bbox 1296 1602 1332 1663; x_wconf 86' lang='lat' dir='ltr'>et</span> <span class='ocrx_word' id='word_1_78' title='bbox 1347 1584 1553 1662; x_wconf 89' lang='lat' dir='ltr'>Guillelmo</span> <span class='ocrx_word' id='word_1_79' title='bbox 1573 1583 1619 1659; x_wconf 91' lang='lat' dir='ltr'>de</span> <span class='ocrx_word' id='word_1_80' title='bbox 1635 1587 1724 1661; x_wconf 91' lang='lat' dir='ltr'>Bre-</span> 
     </span>
     <span class='ocr_line' id='line_1_10' title="bbox 304 1713 1723 1805; baseline -0.001 -14"><span class='ocrx_word' id='word_1_81' title='bbox 304 1743 403 1802; x_wconf 82' lang='lat' dir='ltr'>vasa,</span> <span class='ocrx_word' id='word_1_82' title='bbox 431 1733 468 1792; x_wconf 91' lang='lat' dir='ltr'>et</span> <span class='ocrx_word' id='word_1_83' title='bbox 492 1717 602 1791; x_wconf 90' lang='lat' dir='ltr'>Petro</span> <span class='ocrx_word' id='word_1_84' title='bbox 633 1715 782 1791; x_wconf 89' lang='lat' dir='ltr'>Maliani</span> <span class='ocrx_word' id='word_1_85' title='bbox 813 1715 1082 1805; x_wconf 87' lang='lat' dir='ltr'>servientibus,</span> <span class='ocrx_word' id='word_1_86' title='bbox 1113 1733 1150 1790; x_wconf 89' lang='lat' dir='ltr'>et</span> <span class='ocrx_word' id='word_1_87' title='bbox 1179 1715 1355 1793; x_wconf 87' lang='lat' dir='ltr'>Guidone</span> <span class='ocrx_word' id='word_1_88' title='bbox 1387 1714 1433 1790; x_wconf 91' lang='lat' dir='ltr'>de</span> <span class='ocrx_word' id='word_1_89' title='bbox 1464 1713 1564 1790; x_wconf 90' lang='lat' dir='ltr'>Malo</span> <span class='ocrx_word' id='word_1_90' title='bbox 1595 1716 1723 1791; x_wconf 84' lang='lat' dir='ltr'>Monte</span> 
     </span>
     <span class='ocr_line' id='line_1_11' title="bbox 306 1844 1724 1951; baseline -0.001 -30"><span class='ocrx_word' id='word_1_91' title='bbox 306 1847 447 1932; x_wconf 90' lang='lat' dir='ltr'>milite,</span> <span class='ocrx_word' id='word_1_92' title='bbox 474 1847 514 1921; x_wconf 90' lang='lat' dir='ltr'>in</span> <span class='ocrx_word' id='word_1_93' title='bbox 539 1844 679 1951; x_wconf 92' lang='lat' dir='ltr'>capella</span> <span class='ocrx_word' id='word_1_94' title='bbox 705 1846 841 1921; x_wconf 92' lang='lat' dir='ltr'>domus</span> <span class='ocrx_word' id='word_1_95' title='bbox 861 1844 1011 1949; x_wconf 86' lang='lat' dir='ltr'>Templi</span> <span class='ocrx_word' id='word_1_96' title='bbox 1043 1845 1089 1921; x_wconf 94' lang='lat' dir='ltr'>de</span> <span class='ocrx_word' id='word_1_97' title='bbox 1114 1846 1272 1921; x_wconf 86' lang='lat' dir='ltr'>Buxeria</span> <span class='ocrx_word' id='word_1_98' title='bbox 1298 1845 1423 1951; x_wconf 88' lang='lat' dir='ltr'>Raspit</span> <span class='ocrx_word' id='word_1_99' title='bbox 1452 1844 1724 1921; x_wconf 90' lang='lat' dir='ltr'>Lemovicensis</span> 
     </span>
     <span class='ocr_line' id='line_1_12' title="bbox 308 1974 1724 2084; baseline -0.001 -33"><span class='ocrx_word' id='word_1_100' title='bbox 308 1977 482 2066; x_wconf 92' lang='lat' dir='ltr'>diocesis,</span> <span class='ocrx_word' id='word_1_101' title='bbox 504 1976 543 2051; x_wconf 91' lang='lat' dir='ltr'>in</span> <span class='ocrx_word' id='word_1_102' title='bbox 564 1977 666 2051; x_wconf 93' lang='lat' dir='ltr'>hunc</span> <span class='ocrx_word' id='word_1_103' title='bbox 681 1974 842 2051; x_wconf 93' lang='lat' dir='ltr'>modum</span> <span class='ocrx_word' id='word_1_104' title='bbox 859 2006 867 2050; x_wconf 91' lang='lat'>:</span> <span class='ocrx_word' id='word_1_105' title='bbox 884 2004 972 2051; x_wconf 91' lang='lat' dir='ltr'>nam</span> <span class='ocrx_word' id='word_1_106' title='bbox 996 2003 1083 2051; x_wconf 93' lang='lat' dir='ltr'>cum</span> <span class='ocrx_word' id='word_1_107' title='bbox 1103 1975 1303 2080; x_wconf 89' lang='lat' dir='ltr'>peciissent</span> <span class='ocrx_word' id='word_1_108' title='bbox 1319 2004 1460 2081; x_wconf 84' lang='lat' dir='ltr'>,panem</span> <span class='ocrx_word' id='word_1_109' title='bbox 1476 1994 1514 2051; x_wconf 87' lang='lat' dir='ltr'>et</span> <span class='ocrx_word' id='word_1_110' title='bbox 1530 2003 1664 2084; x_wconf 85' lang='lat' dir='ltr'>aquam</span> <span class='ocrx_word' id='word_1_111' title='bbox 1687 1991 1724 2049; x_wconf 92' lang='lat' dir='ltr'>et</span> 
     </span>
     <span class='ocr_line' id='line_1_13' title="bbox 308 2104 1725 2195; baseline -0.001 -12"><span class='ocrx_word' id='word_1_112' title='bbox 308 2107 522 2184; x_wconf 90' lang='lat' dir='ltr'>societatem</span> <span class='ocrx_word' id='word_1_113' title='bbox 542 2106 700 2183; x_wconf 82' lang='lat' dir='ltr'>fratrum</span> <span class='ocrx_word' id='word_1_114' title='bbox 721 2104 878 2195; x_wconf 86' lang='lat' dir='ltr'>ordinis,</span> <span class='ocrx_word' id='word_1_115' title='bbox 899 2108 996 2182; x_wconf 87' lang='lat' dir='ltr'>sieut</span> <span class='ocrx_word' id='word_1_116' title='bbox 1012 2105 1184 2182; x_wconf 84' lang='lat' dir='ltr'>instructi</span> <span class='ocrx_word' id='word_1_117' title='bbox 1206 2106 1370 2192; x_wconf 85' lang='lat' dir='ltr'>fuerant,</span> <span class='ocrx_word' id='word_1_118' title='bbox 1390 2122 1426 2180; x_wconf 92' lang='lat' dir='ltr'>et</span> <span class='ocrx_word' id='word_1_119' title='bbox 1451 2105 1580 2181; x_wconf 86' lang='lat' dir='ltr'>luisset</span> <span class='ocrx_word' id='word_1_120' title='bbox 1598 2105 1651 2180; x_wconf 91' lang='lat' dir='ltr'>eis</span> <span class='ocrx_word' id='word_1_121' title='bbox 1673 2132 1725 2181; x_wconf 90' lang='lat' dir='ltr'>re·</span> 
     </span>
     <span class='ocr_line' id='line_1_14' title="bbox 308 2234 1723 2343; baseline -0.003 -29"><span class='ocrx_word' id='word_1_122' title='bbox 308 2265 487 2343; x_wconf 90' lang='lat' dir='ltr'>sponsum</span> <span class='ocrx_word' id='word_1_123' title='bbox 506 2235 610 2341; x_wconf 90' lang='lat' dir='ltr'>quod</span> <span class='ocrx_word' id='word_1_124' title='bbox 637 2237 816 2343; x_wconf 82' lang='lat' dir='ltr'>grandem</span> <span class='ocrx_word' id='word_1_125' title='bbox 836 2264 916 2312; x_wconf 89' lang='lat' dir='ltr'>rem</span> <span class='ocrx_word' id='word_1_126' title='bbox 944 2236 1122 2341; x_wconf 88' lang='lat' dir='ltr'>petebant</span> <span class='ocrx_word' id='word_1_127' title='bbox 1147 2253 1185 2312; x_wconf 97' lang='lat' dir='ltr'>et</span> <span class='ocrx_word' id='word_1_128' title='bbox 1209 2234 1312 2340; x_wconf 89' lang='lat' dir='ltr'>quod</span> <span class='ocrx_word' id='word_1_129' title='bbox 1337 2234 1436 2310; x_wconf 92' lang='lat' dir='ltr'>bene</span> <span class='ocrx_word' id='word_1_130' title='bbox 1454 2235 1723 2323; x_wconf 82' lang='lat' dir='ltr'>deliberarent,</span> 
     </span>
     <span class='ocr_line' id='line_1_15' title="bbox 309 2364 1725 2474; baseline -0.001 -32"><span class='ocrx_word' id='word_1_131' title='bbox 309 2369 397 2473; x_wconf 90' lang='lat' dir='ltr'>quia</span> <span class='ocrx_word' id='word_1_132' title='bbox 409 2383 600 2474; x_wconf 83' lang='lat' dir='ltr'>oporteret</span> <span class='ocrx_word' id='word_1_133' title='bbox 610 2394 679 2458; x_wconf 86' lang='lat' dir='ltr'>¹eos</span> <span class='ocrx_word' id='word_1_134' title='bbox 692 2367 852 2474; x_wconf 87' lang='lat' dir='ltr'>abjicere</span> <span class='ocrx_word' id='word_1_135' title='bbox 868 2368 1057 2472; x_wconf 84' lang='lat' dir='ltr'>propriam</span> <span class='ocrx_word' id='word_1_136' title='bbox 1072 2366 1305 2444; x_wconf 84' lang='lat' dir='ltr'>voluntatem</span> <span class='ocrx_word' id='word_1_137' title='bbox 1320 2382 1358 2440; x_wconf 88' lang='lat' dir='ltr'>et</span> <span class='ocrx_word' id='word_1_138' title='bbox 1372 2365 1492 2441; x_wconf 90' lang='lat' dir='ltr'>multa</span> <span class='ocrx_word' id='word_1_139' title='bbox 1506 2364 1576 2440; x_wconf 88' lang='lat' dir='ltr'>alia</span> <span class='ocrx_word' id='word_1_140' title='bbox 1597 2394 1725 2471; x_wconf 89' lang='lat' dir='ltr'>aspera</span> 
     </span>
     <span class='ocr_line' id='line_1_16' title="bbox 309 2495 1727 2603; baseline -0.003 -29"><span class='ocrx_word' id='word_1_141' title='bbox 309 2499 512 2589; x_wconf 69' lang='lat' dir='ltr'>sustinere,</span> <span class='ocrx_word' id='word_1_142' title='bbox 535 2496 708 2584; x_wconf 85' lang='lat' dir='ltr'>finaliter,</span> <span class='ocrx_word' id='word_1_143' title='bbox 731 2498 785 2574; x_wconf 91' lang='lat' dir='ltr'>eis</span> <span class='ocrx_word' id='word_1_144' title='bbox 803 2498 1122 2603; x_wconf 83' lang='lat' dir='ltr'>respondentibus</span> <span class='ocrx_word' id='word_1_145' title='bbox 1134 2496 1239 2601; x_wconf 91' lang='lat' dir='ltr'>quod</span> <span class='ocrx_word' id='word_1_146' title='bbox 1253 2496 1370 2602; x_wconf 89' lang='lat' dir='ltr'>parati</span> <span class='ocrx_word' id='word_1_147' title='bbox 1387 2511 1493 2570; x_wconf 90' lang='lat' dir='ltr'>erant</span> <span class='ocrx_word' id='word_1_148' title='bbox 1508 2495 1633 2571; x_wconf 89' lang='lat' dir='ltr'>omnia</span> <span class='ocrx_word' id='word_1_149' title='bbox 1646 2524 1727 2571; x_wconf 88' lang='lat' dir='ltr'>sus-</span> 
     </span>
     <span class='ocr_line' id='line_1_17' title="bbox 308 2624 1727 2735; baseline -0.002 -32"><span class='ocrx_word' id='word_1_150' title='bbox 308 2629 445 2718; x_wconf 87' lang='lat' dir='ltr'>tinere,</span> <span class='ocrx_word' id='word_1_151' title='bbox 464 2627 586 2703; x_wconf 90' lang='lat' dir='ltr'>dictus</span> <span class='ocrx_word' id='word_1_152' title='bbox 600 2645 771 2734; x_wconf 89' lang='lat' dir='ltr'>receptor</span> <span class='ocrx_word' id='word_1_153' title='bbox 790 2627 879 2704; x_wconf 86' lang='lat' dir='ltr'>lecit</span> <span class='ocrx_word' id='word_1_154' title='bbox 896 2655 960 2705; x_wconf 92' lang='lat' dir='ltr'>eos</span> <span class='ocrx_word' id='word_1_155' title='bbox 979 2655 1110 2705; x_wconf 90' lang='lat' dir='ltr'>vovere</span> <span class='ocrx_word' id='word_1_156' title='bbox 1135 2643 1172 2702; x_wconf 93' lang='lat' dir='ltr'>et</span> <span class='ocrx_word' id='word_1_157' title='bbox 1185 2629 1313 2735; x_wconf 83' lang='lat' dir='ltr'>jurare</span> <span class='ocrx_word' id='word_1_158' title='bbox 1335 2654 1445 2732; x_wconf 86' lang='lat' dir='ltr'>supra</span> <span class='ocrx_word' id='word_1_159' title='bbox 1464 2624 1668 2730; x_wconf 89' lang='lat' dir='ltr'>quemdam</span> <span class='ocrx_word' id='word_1_160' title='bbox 1684 2626 1727 2701; x_wconf 88' lang='lat' dir='ltr'>li-</span> 
     </span>
     <span class='ocr_line' id='line_1_18' title="bbox 307 2756 1729 2864; baseline -0.002 -30"><span class='ocrx_word' id='word_1_161' title='bbox 307 2760 419 2835; x_wconf 90' lang='lat' dir='ltr'>brum</span> <span class='ocrx_word' id='word_1_162' title='bbox 444 2775 613 2864; x_wconf 88' lang='lat' dir='ltr'>apertum</span> <span class='ocrx_word' id='word_1_163' title='bbox 635 2759 857 2848; x_wconf 87' lang='lat' dir='ltr'>castitatem,</span> <span class='ocrx_word' id='word_1_164' title='bbox 879 2758 1160 2851; x_wconf 85' lang='lat' dir='ltr'>obedienciam,</span> <span class='ocrx_word' id='word_1_165' title='bbox 1184 2775 1222 2835; x_wconf 91' lang='lat' dir='ltr'>et</span> <span class='ocrx_word' id='word_1_166' title='bbox 1242 2759 1363 2835; x_wconf 87' lang='lat' dir='ltr'>vivere</span> <span class='ocrx_word' id='word_1_167' title='bbox 1388 2757 1468 2834; x_wconf 91' lang='lat' dir='ltr'>sine</span> <span class='ocrx_word' id='word_1_168' title='bbox 1489 2756 1659 2862; x_wconf 90' lang='lat' dir='ltr'>proprio,</span> <span class='ocrx_word' id='word_1_169' title='bbox 1675 2772 1729 2832; x_wconf 91' lang='lat' dir='ltr'>te-</span> 
     </span>
     <span class='ocr_line' id='line_1_19' title="bbox 310 2888 1729 2976; baseline -0.001 -11"><span class='ocrx_word' id='word_1_170' title='bbox 310 2919 399 2966; x_wconf 86' lang='lat' dir='ltr'>nere</span> <span class='ocrx_word' id='word_1_171' title='bbox 421 2891 545 2969; x_wconf 84' lang='lat' dir='ltr'>bonos</span> <span class='ocrx_word' id='word_1_172' title='bbox 570 2919 660 2967; x_wconf 89' lang='lat' dir='ltr'>usus</span> <span class='ocrx_word' id='word_1_173' title='bbox 685 2905 723 2964; x_wconf 90' lang='lat' dir='ltr'>et</span> <span class='ocrx_word' id='word_1_174' title='bbox 747 2889 866 2966; x_wconf 91' lang='lat' dir='ltr'>bonas</span> <span class='ocrx_word' id='word_1_175' title='bbox 893 2888 1201 2976; x_wconf 88' lang='lat' dir='ltr'>consuetudines,</span> <span class='ocrx_word' id='word_1_176' title='bbox 1229 2906 1266 2965; x_wconf 92' lang='lat' dir='ltr'>et</span> <span class='ocrx_word' id='word_1_177' title='bbox 1295 2916 1372 2965; x_wconf 93' lang='lat' dir='ltr'>non</span> <span class='ocrx_word' id='word_1_178' title='bbox 1401 2889 1562 2966; x_wconf 86' lang='lat' dir='ltr'>revelare</span> <span class='ocrx_word' id='word_1_179' title='bbox 1588 2904 1729 2964; x_wconf 89' lang='lat' dir='ltr'>secreta</span> 
     </span>
     <span class='ocr_line' id='line_1_20' title="bbox 310 3018 1730 3126; baseline -0.001 -31"><span class='ocrx_word' id='word_1_180' title='bbox 310 3020 471 3108; x_wconf 78' lang='lat' dir='ltr'>ordinis3</span> <span class='ocrx_word' id='word_1_181' title='bbox 496 3036 534 3095; x_wconf 91' lang='lat' dir='ltr'>et</span> <span class='ocrx_word' id='word_1_182' title='bbox 558 3019 739 3123; x_wconf 85' lang='lat' dir='ltr'>imposuit</span> <span class='ocrx_word' id='word_1_183' title='bbox 760 3019 815 3094; x_wconf 91' lang='lat' dir='ltr'>eis</span> <span class='ocrx_word' id='word_1_184' title='bbox 840 3018 1053 3112; x_wconf 88' lang='lat' dir='ltr'>mantellos,</span> <span class='ocrx_word' id='word_1_185' title='bbox 1084 3036 1122 3095; x_wconf 91' lang='lat' dir='ltr'>et</span> <span class='ocrx_word' id='word_1_186' title='bbox 1148 3018 1271 3126; x_wconf 91' lang='lat' dir='ltr'>primo</span> <span class='ocrx_word' id='word_1_187' title='bbox 1292 3019 1361 3124; x_wconf 89' lang='lat' dir='ltr'>ipsi</span> <span class='ocrx_word' id='word_1_188' title='bbox 1388 3019 1494 3106; x_wconf 87' lang='lat' dir='ltr'>testi,</span> <span class='ocrx_word' id='word_1_189' title='bbox 1517 3036 1554 3094; x_wconf 91' lang='lat' dir='ltr'>et</span> <span class='ocrx_word' id='word_1_190' title='bbox 1573 3018 1644 3096; x_wconf 87' lang='lat' dir='ltr'>suit</span> <span class='ocrx_word' id='word_1_191' title='bbox 1664 3047 1730 3095; x_wconf 91' lang='lat' dir='ltr'>eos</span> 
     </span>
     <span class='ocr_line' id='line_1_21' title="bbox 312 3148 1730 3254; baseline -0.002 -27"><span class='ocrx_word' id='word_1_192' title='bbox 312 3151 500 3227; x_wconf 91' lang='lat' dir='ltr'>osculatus</span> <span class='ocrx_word' id='word_1_193' title='bbox 519 3151 560 3225; x_wconf 93' lang='lat' dir='ltr'>in</span> <span class='ocrx_word' id='word_1_194' title='bbox 585 3177 671 3233; x_wconf 89' lang='lat' dir='ltr'>ore;</span> <span class='ocrx_word' id='word_1_195' title='bbox 694 3165 731 3224; x_wconf 91' lang='lat' dir='ltr'>et</span> <span class='ocrx_word' id='word_1_196' title='bbox 757 3165 885 3254; x_wconf 90' lang='lat' dir='ltr'>postea</span> <span class='ocrx_word' id='word_1_197' title='bbox 905 3148 975 3254; x_wconf 91' lang='lat' dir='ltr'>ipsi</span> <span class='ocrx_word' id='word_1_198' title='bbox 996 3150 1151 3227; x_wconf 87' lang='lat' dir='ltr'>osculati</span> <span class='ocrx_word' id='word_1_199' title='bbox 1172 3149 1324 3226; x_wconf 86' lang='lat' dir='ltr'>fuerunt</span> <span class='ocrx_word' id='word_1_200' title='bbox 1345 3149 1437 3225; x_wconf 89' lang='lat' dir='ltr'>alios</span> <span class='ocrx_word' id='word_1_201' title='bbox 1458 3149 1591 3227; x_wconf 82' lang='lat' dir='ltr'>fratres</span> <span class='ocrx_word' id='word_1_202' title='bbox 1607 3166 1730 3227; x_wconf 79' lang='lat' dir='ltr'>astan-</span> 
     </span>
     <span class='ocr_line' id='line_1_22' title="bbox 311 3278 1733 3387; baseline -0.001 -31"><span class='ocrx_word' id='word_1_203' title='bbox 311 3300 367 3358; x_wconf 90' lang='lat' dir='ltr'>tes</span> <span class='ocrx_word' id='word_1_204' title='bbox 388 3282 427 3355; x_wconf 91' lang='lat' dir='ltr'>in</span> <span class='ocrx_word' id='word_1_205' title='bbox 442 3308 519 3356; x_wconf 91' lang='lat' dir='ltr'>ore.</span> <span class='ocrx_word' id='word_1_206' title='bbox 536 3280 785 3356; x_wconf 89' lang='lat' dir='ltr'>Postmodum</span> <span class='ocrx_word' id='word_1_207' title='bbox 806 3278 929 3356; x_wconf 88' lang='lat' dir='ltr'>dictus</span> <span class='ocrx_word' id='word_1_208' title='bbox 945 3297 1116 3387; x_wconf 88' lang='lat' dir='ltr'>receptor</span> <span class='ocrx_word' id='word_1_209' title='bbox 1135 3280 1309 3356; x_wconf 84' lang='lat' dir='ltr'>instruxit</span> <span class='ocrx_word' id='word_1_210' title='bbox 1327 3309 1391 3357; x_wconf 89' lang='lat' dir='ltr'>eos</span> <span class='ocrx_word' id='word_1_211' title='bbox 1412 3295 1506 3385; x_wconf 90' lang='lat' dir='ltr'>quot</span> <span class='ocrx_word' id='word_1_212' title='bbox 1524 3279 1638 3357; x_wconf 82' lang='lat' dir='ltr'>Pater</span> <span class='ocrx_word' id='word_1_213' title='bbox 1660 3306 1733 3355; x_wconf 79' lang='lat' dir='ltr'>noa·</span> 
     </span>
     <span class='ocr_line' id='line_1_23' title="bbox 314 3409 1729 3519; baseline -0.003 -31"><span class='ocrx_word' id='word_1_214' title='bbox 314 3429 368 3488; x_wconf 86' lang='lat' dir='ltr'>ter</span> <span class='ocrx_word' id='word_1_215' title='bbox 381 3410 550 3487; x_wconf 86' lang='lat' dir='ltr'>dicerent</span> <span class='ocrx_word' id='word_1_216' title='bbox 564 3438 632 3514; x_wconf 89' lang='lat' dir='ltr'>pro</span> <span class='ocrx_word' id='word_1_217' title='bbox 648 3410 752 3486; x_wconf 87' lang='lat' dir='ltr'>horis</span> <span class='ocrx_word' id='word_1_218' title='bbox 766 3411 861 3498; x_wconf 91' lang='lat' dir='ltr'>suis,</span> <span class='ocrx_word' id='word_1_219' title='bbox 880 3427 917 3486; x_wconf 90' lang='lat' dir='ltr'>et</span> <span class='ocrx_word' id='word_1_220' title='bbox 931 3409 1093 3516; x_wconf 90' lang='lat' dir='ltr'>qualiter</span> <span class='ocrx_word' id='word_1_221' title='bbox 1103 3427 1276 3519; x_wconf 90' lang='lat' dir='ltr'>regerent</span> <span class='ocrx_word' id='word_1_222' title='bbox 1289 3439 1328 3486; x_wconf 90' lang='lat' dir='ltr'>se</span> <span class='ocrx_word' id='word_1_223' title='bbox 1341 3412 1380 3485; x_wconf 91' lang='lat' dir='ltr'>in</span> <span class='ocrx_word' id='word_1_224' title='bbox 1395 3409 1539 3486; x_wconf 86' lang='lat' dir='ltr'>ordine.</span> <span class='ocrx_word' id='word_1_225' title='bbox 1556 3409 1729 3515; x_wconf 92' lang='lat' dir='ltr'>Postque</span> 
     </span>
    </p>
   </div>
   <div class='ocr_carea' id='block_1_3' title="bbox 311 3530 1811 3647">
    <p class='ocr_par' dir='ltr' id='par_1_3' title="bbox 311 3530 1811 3647">
     <span class='ocr_line' id='line_1_24' title="bbox 311 3530 1811 3647; baseline -0.002 -29"><span class='ocrx_word' id='word_1_226' title='bbox 311 3542 441 3618; x_wconf 83' lang='lat' dir='ltr'>fratres</span> <span class='ocrx_word' id='word_1_227' title='bbox 452 3539 680 3620; x_wconf 90' lang='lat' dir='ltr'>Gnillelmus</span> <span class='ocrx_word' id='word_1_228' title='bbox 693 3541 860 3618; x_wconf 87' lang='lat' dir='ltr'>Arnaudi</span> <span class='ocrx_word' id='word_1_229' title='bbox 878 3559 970 3618; x_wconf 92' lang='lat' dir='ltr'>tunc</span> <span class='ocrx_word' id='word_1_230' title='bbox 988 3558 1185 3647; x_wconf 86' lang='lat' dir='ltr'>preceptor</span> <span class='ocrx_word' id='word_1_231' title='bbox 1196 3540 1243 3615; x_wconf 91' lang='lat' dir='ltr'>de</span> <span class='ocrx_word' id='word_1_232' title='bbox 1259 3539 1407 3629; x_wconf 88' lang='lat' dir='ltr'>Madiis,</span> <span class='ocrx_word' id='word_1_233' title='bbox 1423 3557 1459 3615; x_wconf 89' lang='lat' dir='ltr'>et</span> <span class='ocrx_word' id='word_1_234' title='bbox 1471 3536 1624 3644; x_wconf 90' lang='lat' dir='ltr'>quidam</span> <span class='ocrx_word' id='word_1_235' title='bbox 1637 3539 1731 3615; x_wconf 90' lang='lat' dir='ltr'>alius</span> <span class='ocrx_word' id='word_1_236' title='bbox 1807 3530 1811 3538; x_wconf 40' lang='lat'>⁸</span> 
     </span>
    </p>
   </div>
   <div class='ocr_carea' id='block_1_4' title="bbox 313 3669 1736 4821">
    <p class='ocr_par' dir='ltr' id='par_1_4' title="bbox 313 3669 1736 4821">
     <span class='ocr_line' id='line_1_25' title="bbox 313 3669 1731 3776; baseline -0.003 -28"><span class='ocrx_word' id='word_1_237' title='bbox 313 3673 467 3748; x_wconf 89' lang='lat' dir='ltr'>nacione</span> <span class='ocrx_word' id='word_1_238' title='bbox 483 3672 734 3756; x_wconf 90' lang='lat' dir='ltr'>Normanuus,</span> <span class='ocrx_word' id='word_1_239' title='bbox 754 3672 819 3775; x_wconf 93' lang='lat' dir='ltr'>qui</span> <span class='ocrx_word' id='word_1_240' title='bbox 838 3687 990 3746; x_wconf 87' lang='lat' dir='ltr'>venerat</span> <span class='ocrx_word' id='word_1_241' title='bbox 1006 3669 1157 3746; x_wconf 89' lang='lat' dir='ltr'>ibicum</span> <span class='ocrx_word' id='word_1_242' title='bbox 1172 3669 1347 3776; x_wconf 89' lang='lat' dir='ltr'>magistro</span> <span class='ocrx_word' id='word_1_243' title='bbox 1360 3669 1519 3745; x_wconf 91' lang='lat' dir='ltr'>Pictavie</span> <span class='ocrx_word' id='word_1_244' title='bbox 1536 3669 1731 3746; x_wconf 91' lang='lat' dir='ltr'>addictam</span> 
     </span>
     <span class='ocr_line' id='line_1_26' title="bbox 315 3798 1732 3908; baseline -0.002 -30"><span class='ocrx_word' id='word_1_245' title='bbox 315 3801 490 3886; x_wconf 90' lang='lat' dir='ltr'>domum,</span> <span class='ocrx_word' id='word_1_246' title='bbox 513 3799 620 3903; x_wconf 83' lang='lat' dir='ltr'>cujus</span> <span class='ocrx_word' id='word_1_247' title='bbox 640 3798 842 3875; x_wconf 91' lang='lat' dir='ltr'>Normanni</span> <span class='ocrx_word' id='word_1_248' title='bbox 863 3826 1004 3875; x_wconf 91' lang='lat' dir='ltr'>nomen</span> <span class='ocrx_word' id='word_1_249' title='bbox 1029 3816 1067 3876; x_wconf 92' lang='lat' dir='ltr'>et</span> <span class='ocrx_word' id='word_1_250' title='bbox 1089 3825 1297 3908; x_wconf 83' lang='lat' dir='ltr'>cognomen</span> <span class='ocrx_word' id='word_1_251' title='bbox 1326 3800 1486 3905; x_wconf 88' lang='lat' dir='ltr'>ignorat,</span> <span class='ocrx_word' id='word_1_252' title='bbox 1509 3799 1574 3906; x_wconf 88' lang='lat' dir='ltr'>qui</span> <span class='ocrx_word' id='word_1_253' title='bbox 1603 3798 1732 3876; x_wconf 86' lang='lat' dir='ltr'>adlue-</span> 
     </span>
     <span class='ocr_line' id='line_1_27' title="bbox 314 3928 1734 4036; baseline -0.001 -29"><span class='ocrx_word' id='word_1_254' title='bbox 314 3949 404 4007; x_wconf 91' lang='lat' dir='ltr'>ruut</span> <span class='ocrx_word' id='word_1_255' title='bbox 420 3931 535 4006; x_wconf 89' lang='lat' dir='ltr'>eciam</span> <span class='ocrx_word' id='word_1_256' title='bbox 552 3930 592 4003; x_wconf 93' lang='lat' dir='ltr'>in</span> <span class='ocrx_word' id='word_1_257' title='bbox 608 3929 827 4035; x_wconf 91' lang='lat' dir='ltr'>recepcione</span> <span class='ocrx_word' id='word_1_258' title='bbox 843 3930 1026 4035; x_wconf 89' lang='lat' dir='ltr'>predicta,</span> <span class='ocrx_word' id='word_1_259' title='bbox 1049 3930 1239 4008; x_wconf 78' lang='lat' dir='ltr'>duxerunt</span> <span class='ocrx_word' id='word_1_260' title='bbox 1250 3928 1374 4035; x_wconf 90' lang='lat' dir='ltr'>ipsum</span> <span class='ocrx_word' id='word_1_261' title='bbox 1387 3947 1523 4007; x_wconf 89' lang='lat' dir='ltr'>testem</span> <span class='ocrx_word' id='word_1_262' title='bbox 1540 3930 1588 4006; x_wconf 89' lang='lat' dir='ltr'>ad</span> <span class='ocrx_word' id='word_1_263' title='bbox 1602 3959 1734 4036; x_wconf 90' lang='lat' dir='ltr'>quem-</span> 
     </span>
     <span class='ocr_line' id='line_1_28' title="bbox 317 4059 1734 4169; baseline -0.001 -30"><span class='ocrx_word' id='word_1_264' title='bbox 317 4065 402 4139; x_wconf 90' lang='lat' dir='ltr'>dam</span> <span class='ocrx_word' id='word_1_265' title='bbox 423 4059 600 4166; x_wconf 85' lang='lat' dir='ltr'>angulum</span> <span class='ocrx_word' id='word_1_266' title='bbox 622 4061 826 4138; x_wconf 90' lang='lat' dir='ltr'>obscurum</span> <span class='ocrx_word' id='word_1_267' title='bbox 846 4061 945 4138; x_wconf 91' lang='lat' dir='ltr'>dicte</span> <span class='ocrx_word' id='word_1_268' title='bbox 962 4063 1120 4169; x_wconf 90' lang='lat' dir='ltr'>capelle,</span> <span class='ocrx_word' id='word_1_269' title='bbox 1139 4061 1205 4140; x_wconf 88' lang='lat' dir='ltr'>ubi</span> <span class='ocrx_word' id='word_1_270' title='bbox 1226 4060 1305 4166; x_wconf 90' lang='lat' dir='ltr'>ipse</span> <span class='ocrx_word' id='word_1_271' title='bbox 1325 4078 1523 4167; x_wconf 88' lang='lat' dir='ltr'>preceptor</span> <span class='ocrx_word' id='word_1_272' title='bbox 1536 4061 1583 4137; x_wconf 88' lang='lat' dir='ltr'>de</span> <span class='ocrx_word' id='word_1_273' title='bbox 1600 4061 1734 4138; x_wconf 88' lang='lat' dir='ltr'>Madiis</span> 
     </span>
     <span class='ocr_line' id='line_1_29' title="bbox 316 4188 1732 4298; baseline 0 -31"><span class='ocrx_word' id='word_1_274' title='bbox 316 4190 483 4296; x_wconf 87' lang='lat' dir='ltr'>precepit</span> <span class='ocrx_word' id='word_1_275' title='bbox 505 4191 538 4266; x_wconf 91' lang='lat' dir='ltr'>ei</span> <span class='ocrx_word' id='word_1_276' title='bbox 554 4190 657 4296; x_wconf 87' lang='lat' dir='ltr'>quod</span> <span class='ocrx_word' id='word_1_277' title='bbox 677 4192 878 4298; x_wconf 90' lang='lat' dir='ltr'>abnegaret</span> <span class='ocrx_word' id='word_1_278' title='bbox 898 4209 956 4269; x_wconf 87' lang='lat' dir='ltr'>ter</span> <span class='ocrx_word' id='word_1_279' title='bbox 969 4195 1125 4271; x_wconf 86' lang='lat' dir='ltr'>lhesnm</span> <span class='ocrx_word' id='word_1_280' title='bbox 1137 4194 1344 4272; x_wconf 91' lang='lat' dir='ltr'>Christum.</span> <span class='ocrx_word' id='word_1_281' title='bbox 1366 4188 1498 4268; x_wconf 78' lang='lat' dir='ltr'>Postea</span> <span class='ocrx_word' id='word_1_282' title='bbox 1515 4192 1682 4298; x_wconf 86' lang='lat' dir='ltr'>precepit</span> <span class='ocrx_word' id='word_1_283' title='bbox 1699 4194 1732 4267; x_wconf 90' lang='lat' dir='ltr'>ei</span> 
     </span>
     <span class='ocr_line' id='line_1_30' title="bbox 317 4322 1732 4431; baseline 0 -33"><span class='ocrx_word' id='word_1_284' title='bbox 317 4322 419 4428; x_wconf 92' lang='lat' dir='ltr'>quod</span> <span class='ocrx_word' id='word_1_285' title='bbox 440 4339 592 4427; x_wconf 90' lang='lat' dir='ltr'>spueret</span> <span class='ocrx_word' id='word_1_286' title='bbox 610 4339 670 4399; x_wconf 90' lang='lat' dir='ltr'>ter</span> <span class='ocrx_word' id='word_1_287' title='bbox 693 4323 732 4398; x_wconf 91' lang='lat' dir='ltr'>iu</span> <span class='ocrx_word' id='word_1_288' title='bbox 758 4339 912 4413; x_wconf 88' lang='lat' dir='ltr'>terram,</span> <span class='ocrx_word' id='word_1_289' title='bbox 946 4325 1081 4429; x_wconf 88' lang='lat' dir='ltr'>etipse</span> <span class='ocrx_word' id='word_1_290' title='bbox 1106 4326 1218 4431; x_wconf 88' lang='lat' dir='ltr'>spuit.</span> <span class='ocrx_word' id='word_1_291' title='bbox 1241 4325 1353 4409; x_wconf 88' lang='lat' dir='ltr'>Item,</span> <span class='ocrx_word' id='word_1_292' title='bbox 1381 4323 1475 4398; x_wconf 82' lang='lat' dir='ltr'>dixit</span> <span class='ocrx_word' id='word_1_293' title='bbox 1495 4322 1614 4428; x_wconf 91' lang='lat' dir='ltr'>quod,</span> <span class='ocrx_word' id='word_1_294' title='bbox 1640 4322 1732 4398; x_wconf 92' lang='lat' dir='ltr'>dum</span> 
     </span>
     <span class='ocr_line' id='line_1_31' title="bbox 316 4451 1732 4558; baseline 0.001 -31"><span class='ocrx_word' id='word_1_295' title='bbox 316 4453 386 4557; x_wconf 89' lang='lat' dir='ltr'>ipsi</span> <span class='ocrx_word' id='word_1_296' title='bbox 401 4452 506 4527; x_wconf 87' lang='lat' dir='ltr'>testis</span> <span class='ocrx_word' id='word_1_297' title='bbox 526 4451 728 4531; x_wconf 83' lang='lat' dir='ltr'>duceretur</span> <span class='ocrx_word' id='word_1_298' title='bbox 742 4481 809 4558; x_wconf 92' lang='lat' dir='ltr'>per</span> <span class='ocrx_word' id='word_1_299' title='bbox 834 4454 953 4531; x_wconf 87' lang='lat' dir='ltr'>dictos</span> <span class='ocrx_word' id='word_1_300' title='bbox 975 4453 1071 4532; x_wconf 91' lang='lat' dir='ltr'>duos</span> <span class='ocrx_word' id='word_1_301' title='bbox 1092 4454 1237 4542; x_wconf 84' lang='lat' dir='ltr'>fratres,</span> <span class='ocrx_word' id='word_1_302' title='bbox 1264 4452 1325 4529; x_wconf 85' lang='lat' dir='ltr'>alii</span> <span class='ocrx_word' id='word_1_303' title='bbox 1347 4453 1423 4530; x_wconf 92' lang='lat' dir='ltr'>duo</span> <span class='ocrx_word' id='word_1_304' title='bbox 1443 4481 1488 4529; x_wconf 79' lang='lat' dir='ltr'>ex</span> <span class='ocrx_word' id='word_1_305' title='bbox 1510 4453 1732 4546; x_wconf 89' lang='lat' dir='ltr'>astantibus,</span> 
     </span>
     <span class='ocr_line' id='line_1_32' title="bbox 320 4581 1734 4691; baseline 0.003 -35"><span class='ocrx_word' id='word_1_306' title='bbox 320 4583 365 4656; x_wconf 93' lang='lat' dir='ltr'>de</span> <span class='ocrx_word' id='word_1_307' title='bbox 382 4581 520 4685; x_wconf 92' lang='lat' dir='ltr'>quibus</span> <span class='ocrx_word' id='word_1_308' title='bbox 533 4610 610 4657; x_wconf 92' lang='lat' dir='ltr'>non</span> <span class='ocrx_word' id='word_1_309' title='bbox 625 4581 854 4669; x_wconf 88' lang='lat' dir='ltr'>recordatur,</span> <span class='ocrx_word' id='word_1_310' title='bbox 876 4583 1065 4661; x_wconf 83' lang='lat' dir='ltr'>duxerunt</span> <span class='ocrx_word' id='word_1_311' title='bbox 1085 4584 1227 4660; x_wconf 89' lang='lat' dir='ltr'>dictum</span> <span class='ocrx_word' id='word_1_312' title='bbox 1241 4583 1386 4659; x_wconf 90' lang='lat' dir='ltr'>Heliam</span> <span class='ocrx_word' id='word_1_313' title='bbox 1404 4586 1452 4659; x_wconf 90' lang='lat' dir='ltr'>ad</span> <span class='ocrx_word' id='word_1_314' title='bbox 1463 4583 1574 4659; x_wconf 87' lang='lat' dir='ltr'>aliam</span> <span class='ocrx_word' id='word_1_315' title='bbox 1589 4602 1734 4691; x_wconf 90' lang='lat' dir='ltr'>partem</span> 
     </span>
     <span class='ocr_line' id='line_1_33' title="bbox 319 4710 1736 4821; baseline 0.004 -35"><span class='ocrx_word' id='word_1_316' title='bbox 319 4710 416 4787; x_wconf 91' lang='lat' dir='ltr'>dicte</span> <span class='ocrx_word' id='word_1_317' title='bbox 437 4710 592 4814; x_wconf 90' lang='lat' dir='ltr'>capelle,</span> <span class='ocrx_word' id='word_1_318' title='bbox 607 4727 652 4786; x_wconf 55' lang='lat' dir='ltr'>&#39;et</span> <span class='ocrx_word' id='word_1_319' title='bbox 674 4710 792 4787; x_wconf 91' lang='lat' dir='ltr'>credit</span> <span class='ocrx_word' id='word_1_320' title='bbox 813 4714 917 4818; x_wconf 89' lang='lat' dir='ltr'>quod</span> <span class='ocrx_word' id='word_1_321' title='bbox 937 4714 1106 4791; x_wconf 87' lang='lat' dir='ltr'>lecerunt</span> <span class='ocrx_word' id='word_1_322' title='bbox 1131 4742 1220 4791; x_wconf 87' lang='lat' dir='ltr'>eum</span> <span class='ocrx_word' id='word_1_323' title='bbox 1244 4712 1363 4791; x_wconf 86' lang='lat' dir='ltr'>facere</span> <span class='ocrx_word' id='word_1_324' title='bbox 1385 4715 1676 4821; x_wconf 91' lang='lat' dir='ltr'>abuegacionem</span> <span class='ocrx_word' id='word_1_325' title='bbox 1698 4732 1736 4791; x_wconf 86' lang='lat' dir='ltr'>et</span> 
     </span>
    </p>
   </div>
   <div class='ocr_carea' id='block_1_5' title="bbox 320 4840 1736 5064">
    <p class='ocr_par' dir='ltr' id='par_1_5' title="bbox 320 4840 1736 5064">
     <span class='ocr_line' id='line_1_34' title="bbox 320 4840 1736 4952; baseline 0 -34"><span class='ocrx_word' id='word_1_326' title='bbox 320 4841 552 4946; x_wconf 88' lang='lat' dir='ltr'>spuicionem</span> <span class='ocrx_word' id='word_1_327' title='bbox 572 4841 756 4947; x_wconf 87' lang='lat' dir='ltr'>predictas</span> <span class='ocrx_word' id='word_1_328' title='bbox 775 4842 871 4918; x_wconf 89' lang='lat' dir='ltr'>sicut</span> <span class='ocrx_word' id='word_1_329' title='bbox 889 4844 969 4949; x_wconf 87' lang='lat' dir='ltr'>ipse</span> <span class='ocrx_word' id='word_1_330' title='bbox 987 4840 1090 4933; x_wconf 80' lang='lat' dir='ltr'>fecit,</span> <span class='ocrx_word' id='word_1_331' title='bbox 1115 4845 1222 4922; x_wconf 88' lang='lat' dir='ltr'>aliter</span> <span class='ocrx_word' id='word_1_332' title='bbox 1242 4846 1369 4922; x_wconf 86' lang='lat' dir='ltr'>nescit.</span> <span class='ocrx_word' id='word_1_333' title='bbox 1392 4846 1607 4952; x_wconf 87' lang='lat' dir='ltr'>Requisitus</span> <span class='ocrx_word' id='word_1_334' title='bbox 1627 4846 1657 4921; x_wconf 91' lang='lat' dir='ltr'>si</span> <span class='ocrx_word' id='word_1_335' title='bbox 1679 4846 1736 4919; x_wconf 92' lang='lat' dir='ltr'>in-</span> 
     </span>
     <span class='ocr_line' id='line_1_35' title="bbox 407 4978 1567 5064; baseline 0.005 -28"><span class='ocrx_word' id='word_1_336' title='bbox 407 4978 512 5040; x_wconf 74' lang='lat' dir='ltr'>rnocis</span> <span class='ocrx_word' id='word_1_337' title='bbox 534 4997 586 5041; x_wconf 76' lang='lat' dir='ltr'>nas</span> <span class='ocrx_word' id='word_1_338' title='bbox 608 4999 777 5040; x_wconf 77' lang='lat' dir='ltr'>rennuens.</span> <span class='ocrx_word' id='word_1_339' title='bbox 792 5013 833 5025; x_wconf 90' lang='lat'>-</span> <span class='ocrx_word' id='word_1_340' title='bbox 846 5001 866 5046; x_wconf 88' lang='lat'>1.</span> <span class='ocrx_word' id='word_1_341' title='bbox 1528 4986 1567 5064; x_wconf 84' lang='lat'>78</span> 
     </span>
    </p>
   </div>
   <div class='ocr_carea' id='block_1_6' title="bbox 0 0 2060 6052">
    <p class='ocr_par' dir='ltr' id='par_1_6' title="bbox 0 0 2060 6052">
     <span class='ocr_line' id='line_1_36' title="bbox 0 0 2060 6052; baseline 0 0"><span class='ocrx_word' id='word_1_342' title='bbox 0 0 2060 6052; x_wconf 95' lang='lat' dir='ltr'> </span> 
     </span>
    </p>
   </div>
  </div>
 </body>
</html>
