4080 6052
536 551 609 626 asa
925 527 1119 621 ruocts
1143 546 1239 618 uss
1262 542 1565 620 Taurumue

536 691 767 799 hospitalitas
794 689 1056 766 convenienter
1075 687 1216 765 fiebant
1242 703 1280 763 et
1305 685 1547 764 servabantur
1570 686 1610 763 in
1632 684 1793 777 ordiner
1819 688 1957 766 audivit

536 826 641 932 quod
660 824 700 900 in
721 821 890 927 capitulis
920 848 998 898 non
1021 821 1177 897 aderant
1204 818 1276 895 nisi
1300 817 1432 896 fratres
1456 817 1611 896 ordinis.
1637 817 1776 897 Credit
1793 820 1899 926 quod
1917 820 1955 897 in

537 955 668 1031 ordine
688 953 820 1030 luisset
836 969 1022 1029 servatum
1042 950 1148 1057 quod
1167 976 1325 1055 magnus
1343 948 1519 1056 Magister
1538 976 1627 1027 cum
1646 966 1831 1027 conuentu
1849 950 1953 1028 ordi·

535 1102 668 1163 nasset„
682 1083 845 1162 Grandia
858 1082 1030 1160 scandala
1042 1098 1170 1159 contra
1184 1080 1357 1158 ordinem
1372 1097 1462 1157 sunt
1471 1097 1595 1158 exorta
1609 1097 1772 1189 propter
1778 1079 1947 1187 predicta.

536 1214 668 1293 Credit
682 1213 789 1321 quod
807 1213 935 1290 illicita
954 1240 1030 1319 que
1054 1210 1350 1288 interveniebant
1369 1211 1408 1287 in
1427 1210 1714 1318 receptionibus
1737 1228 1862 1289 essem
1878 1236 1951 1289 mt-

535 1345 667 1422 nifesta
687 1343 864 1421 fratribus
884 1343 1042 1430 ordinis,
1064 1343 1223 1418 sednon
1243 1341 1438 1419 extraneis.

591 1475 807 1582 Requisitus
820 1475 849 1551 si
866 1475 918 1552 sic
933 1475 1160 1579 deposuerat
1168 1499 1294 1576 prece,
1306 1489 1500 1578 precepto,
1516 1471 1672 1560 timore,
1689 1497 1838 1561 amore,
1855 1472 1950 1560 odio,

535 1605 593 1681 vel
603 1605 801 1712 temporali
817 1605 1017 1681 commodo
1033 1604 1163 1682 habito
1175 1600 1432 1692 velhabend0‚
1446 1602 1643 1709 respondit
1657 1602 1767 1709 quod
1779 1630 1869 1691 oon,
1884 1601 1950 1679 sed

535 1764 604 1840 pro
620 1734 773 1811 veritate
791 1734 963 1824 dicenda;
980 1734 1040 1810 cui
1053 1733 1127 1810 fuit
1139 1735 1350 1842 injunctum
1370 1760 1437 1837 per
1451 1732 1569 1809 dictos
1588 1731 1769 1809 dominos
1783 1731 1950 1808 commis-

536 1866 666 1955 serios,
688 1864 727 1939 in
743 1865 879 1940 virtute
893 1863 1098 1970 juramenti
1116 1861 1262 1970 prestiti
1278 1890 1347 1968 per
1363 1862 1548 1949 eundem,
1564 1862 1671 1968 quod
1684 1888 1765 1938 non
1779 1859 1949 1937 revelaret

536 1992 633 2071 banc
652 2023 759 2071 suam
780 1993 1059 2098 deposicionem
1084 2020 1284 2099 quousque
1310 1993 1562 2069 attestationes
1586 1990 1733 2069 fuerint
1754 1989 1947 2097 publicata.

593 2252 745 2329 Eisdem
767 2252 828 2327 die
850 2270 889 2328 et
911 2251 998 2379 lotq
1018 2251 1092 2328 fuit
1111 2252 1296 2329 adductus
1316 2251 1364 2328 ad
1379 2251 1610 2357 presenciam
1640 2251 1870 2329 eorumdem
1888 2252 1953 2328 do-

537 2384 729 2460 minorum
753 2382 1095 2460 commissariorum
1127 2381 1241 2460 frater
1272 2378 1444 2460 Nieolaus
1472 2382 1519 2459 de
1557 2383 1745 2490 Meannay
1776 2383 1952 2473 serviens,

536 2513 798 2591 Ambianensis
813 2511 988 2602 diocesis,
998 2515 1104 2591 testis
1118 2513 1389 2620 suprajuratus,
1402 2529 1446 2588 ut
1455 2512 1664 2619 deponeret
1671 2514 1819 2591 dictum
1829 2542 1953 2601 suum;

538 2672 613 2721 non
635 2643 822 2720 defferens
837 2642 1058 2719 mantellum
1070 2643 1225 2734 ordinis,
1240 2643 1331 2750 quia
1350 2642 1475 2747 ipsum
1493 2640 1637 2719 dimisit
1655 2643 1696 2721 in
1712 2642 1872 2721 concilio
1887 2644 1954 2720 Re·

538 2774 676 2862 mensi3
694 2772 938 2878 postmodum
948 2773 1035 2850 lecit
1044 2775 1124 2850 radi
1141 2774 1213 2852 sibi
1230 2773 1405 2861 barbam,
1421 2789 1458 2849 et
1471 2770 1543 2848 fuit
1562 2772 1785 2880 inquisitum
1804 2800 1887 2848 cum
1907 2798 1952 2848 eo

538 2932 606 3008 per
626 2905 825 2981 dominum
846 2905 1063 3010 episcopum
1080 2904 1388 2990 ambianensem,
1410 2903 1474 3010 qui
1495 2931 1597 2979 nune
1611 2919 1684 2996 est,
1704 2921 1742 2981 et
1757 2902 1826 2980 luit
1844 2901 1953 2978 abso-

539 3034 643 3109 lutus
662 3051 700 3108 et
720 3034 980 3110 reconciliatus
999 3063 1067 3141 per
1082 3063 1187 3128 eum,
1207 3052 1246 3112 et
1261 3051 1318 3112 est
1335 3035 1594 3140 sexagenarius
1612 3051 1652 3110 et
1671 3033 1779 3111 ultra.
1793 3032 1870 3128 Qui
1884 3032 1956 3108 luit

540 3178 766 3267 protestatus
783 3165 887 3267 quod
908 3191 984 3239 non
1016 3165 1237 3243 intendebat
1256 3165 1432 3241 recedere
1453 3191 1474 3238 a
1499 3162 1735 3240 confessione
1759 3181 1797 3240 et
1817 3164 1956 3270 deposi-

542 3294 647 3369 cione
668 3321 836 3398 pereum
851 3293 954 3369 lactis
974 3323 1099 3369 coram
1117 3295 1216 3372 dicto
1239 3296 1394 3371 domino
1422 3295 1597 3400 episcopo
1615 3294 1867 3371 Ambianensi.
1891 3296 1957 3370 Le·

542 3424 610 3499 ctis
626 3441 752 3498 autem
773 3442 811 3499 et
828 3424 1028 3529 diligenter
1052 3426 1227 3528 expositis
1248 3424 1317 3501 sibi
1337 3423 1513 3501 omnibus
1539 3440 1576 3499 et
1594 3423 1746 3529 singulis
1768 3423 1951 3512 articulis,

541 3554 735 3658 respondit
748 3555 795 3629 ad
816 3582 899 3644 eos,
918 3571 955 3631 et
974 3554 1098 3659 primo
1123 3557 1169 3631 ad
1190 3555 1334 3662 primos
1351 3582 1431 3643 run,
1454 3582 1492 3630 se
1513 3555 1651 3629 nescire
1669 3552 1698 3626 si
1719 3567 1894 3627 contenta
1913 3553 1953 3627 in

543 3686 651 3761 dictis
667 3684 831 3760 articulis
852 3703 955 3760 erant
974 3710 1060 3760 vera
1074 3686 1237 3778 velnae,
1260 3687 1348 3793 quia
1368 3714 1444 3761 non
1465 3684 1683 3760 interfuerat
1696 3680 1866 3786 capitulis
1885 3711 1956 3759 nec

543 3815 827 3921 recepcionibus
848 3815 1005 3922 alicujus
1032 3816 1197 3893 alterius.
1229 3814 1360 3894 Credit
1383 3834 1509 3892 tamen
1533 3816 1666 3920 pocius
1689 3812 1794 3920 quod
1815 3812 1879 3889 alii
1905 3842 1959 3888 re·

542 3948 756 4054 ciperentur
780 3947 875 4024 sicut
901 3949 979 4053 ipse
1000 3947 1071 4025 suit
1100 3965 1293 4054 receptus,
1320 3977 1434 4054 quam
1454 3947 1695 4023 contrarium.
1727 3946 1809 4050 Ipse
1836 3962 1956 4020 autem

541 4096 712 4182 receptus
731 4078 853 4153 suerat
873 4079 910 4152 in
924 4080 1109 4184 principio
1127 4078 1297 4155 instantis
1316 4077 1629 4183 Quadragessime
1655 4092 1768 4151 erunt
1793 4103 1830 4151 xi
1855 4075 1954 4160 anni,

539 4237 608 4313 per
627 4208 778 4284 lratrem
794 4208 977 4286 Carinum
997 4210 1044 4286 de
1061 4210 1203 4287 Grandi
1221 4209 1380 4298 villarii,
1403 4208 1597 4313 quondam
1612 4223 1877 4313 preceptorem
1889 4204 1957 4282 bal·

540 4338 625 4414 livie
654 4340 701 4415 de
732 4341 904 4426 Pontivo,
937 4341 975 4415 in
1001 4341 1163 4446 quadam
1196 4368 1340 4416 camera
1370 4341 1507 4416 domus
1536 4337 1687 4443 Templi
1712 4338 1760 4413 de
1791 4336 1956 4413 Rosseria

539 4469 799 4547 Ambianensis
829 4471 1004 4562 diocesis,
1036 4470 1274 4576 presentibus
1301 4469 1478 4546 fratribus
1503 4470 1672 4546 Jobanne
1705 4468 1752 4543 de
1782 4466 1955 4545 Moderiis

540 4599 762 4701 presbitero,
775 4604 858 4677 Ber.
871 4602 1019 4679 Gaffelli
1033 4620 1071 4678 et
1085 4605 1194 4679 Petro
1207 4603 1254 4678 de
1275 4602 1382 4709 Ligni
1400 4600 1662 4687 servientibus,
1681 4598 1901 4685 deffunctis‚
1921 4598 1954 4670 in

541 4728 641 4802 hunc
667 4729 845 4807 moduni:
869 4762 955 4810 nam
978 4765 1064 4811 cum
1084 4735 1337 4841 requisivisset
1355 4761 1491 4839 panem
1518 4750 1556 4808 et
1582 4759 1716 4836 aquam
1746 4747 1784 4806 et
1810 4730 1954 4807 societa-

539 4873 616 4931 tem
635 4856 778 4934 ordinis
798 4877 871 4944 ter‚
893 4881 931 4938 et
947 4866 1025 4969 ipse
1039 4848 1281 4942 deliberasset
1302 4893 1388 4940 cum
1409 4860 1584 4938 fratribus
1600 4860 1827 4951 astantibus,
1841 4877 1877 4936 et
1893 4884 1954 4963 per
