4080 6052
691 533 1009 629 rnocnsncs
1034 551 1338 629 nuncnune.
1651 553 1725 623 sou

311 696 593 801 preciperentur
610 693 709 771 diota
724 693 854 771 illicita
872 719 947 798 que
962 690 1116 771 bierunt
1128 707 1302 796 precepta
1315 691 1387 796 ipsi
1400 688 1486 767 testi
1500 719 1568 796 per
1581 693 1724 772 dictum

310 826 461 903 imtrem
486 822 753 916 Guillelmum,
781 841 819 900 et
843 821 949 929 quod
975 821 1047 927 ipsi
1070 820 1233 901 lucerent
1257 850 1320 908 eo,
1347 838 1387 897 et
1409 822 1514 927 quod
1534 820 1725 927 aliquibus

310 955 391 1033 aliis
408 982 486 1037 non
504 955 791 1059 preciperentur
805 981 876 1033 nec
891 952 998 1059 quod
1017 979 1060 1033 ee
1073 951 1250 1035 fecerent.
1319 968 1323 974 '

364 1085 581 1191 Requisitus
607 1085 639 1162 si
666 1085 759 1163 uidit
790 1083 887 1163 elios
913 1082 1028 1188 recipi
1062 1083 1102 1179 iu
1129 1083 1261 1161 ordine
1295 1110 1362 1189 per
1391 1081 1499 1172 alios,
1528 1084 1725 1188 respondit

309 1216 415 1321 quod
433 1216 485 1292 sic
504 1215 656 1308 multos,
676 1216 775 1297 inter
791 1214 980 1322 quos·fuit
998 1213 1111 1297 freter
1129 1213 1257 1293 Guido
1269 1215 1317 1293 de
1329 1210 1508 1320 Meynillo
1527 1230 1725 1318 preceptor

309 1344 473 1427 baillivie
486 1345 745 1439 carnotensis,
767 1373 883 1452 quem
902 1345 1043 1450 recepit
1060 1344 1181 1421 dictus
1199 1343 1313 1422 irater
1326 1325 1517 1420 lohannes
1532 1343 1580 1421 de
1592 1344 1724 1420 Turno

309 1476 523 1579 quondam,
543 1493 632 1552 sunt
652 1502 728 1553 xxti
751 1475 839 1553 anni
863 1492 902 1553 et
925 1475 1040 1560 ultre,
1062 1474 1103 1549 in
1126 1502 1260 1581 mogun
1283 1473 1424 1578 capella
1448 1473 1600 1578 Templi
1623 1474 1724 1551 Peri-

308 1603 456 1692 siensis,
478 1621 521 1681 ut
539 1603 611 1683 sibi
632 1605 792 1693 ridetur,
811 1631 888 1683 nou
904 1603 1039 1681 recolit
1059 1601 1200 1709 quibus
1216 1603 1465 1708 presentibus.
1487 1601 1591 1687 Vidit
1606 1602 1723 1687 eciem

308 1733 442 1836 recipi,
464 1761 533 1837 per
550 1731 704 1811 fratrem
730 1735 841 1840 Hugo
861 1734 908 1812 de
929 1733 1145 1823 Penrendo.
1165 1734 1205 1811 in
1229 1731 1395 1836 quodum
1415 1730 1592 1836 capitulio
1612 1759 1725 1833 gene-

307 1861 374 1941 rnli
393 1862 578 1947 Parisios,
602 1863 642 1939 in
666 1889 800 1965 magne
818 1860 959 1965 capelle
978 1858 1146 1967 Templi,
1168 1875 1257 1937 sunt
1275 1886 1334 1941 ω
1358 1860 1446 1937 unni
1465 1860 1523 1941 vet
1544 1860 1659 1947 circa,
1683 1878 1725 1934 ut

308 1989 379 2065 sibi
408 1989 567 2075 videtur,
592 1989 725 2066 iratres
749 1987 870 2065 Adam
900 1986 948 2065 de
979 1986 1206 2069 Volenrourt
1234 1987 1421 2076 militem,
1443 2004 1578 2071 testem
1612 2018 1723 2092 supro

308 2117 575 2207 examinatum,
603 2134 642 2192 et
662 2102 866 2221 quemdam
890 2115 971 2221 ejus
992 2113 1146 2201 iretreru
1165 2115 1370 2204 carnalem,
1390 2143 1468 2193 non
1490 2117 1622 2201 recolit
1641 2119 1725 2222 qui.

306 2246 380 2325 bus
403 2245 653 2351 presentibus.
675 2244 779 2324 Vidit
798 2244 915 2323 eciam
934 2244 1068 2348 recipi,
1089 2272 1159 2348 per
1175 2244 1329 2331 fratrem
1347 2243 1558 2337 Gerardnm
1579 2247 1626 2324 de
1644 2248 1723 2325 Vil-

307 2376 450 2455 lnribue
472 2392 563 2457 tunc
580 2390 839 2480 preceptorem
859 2374 1033 2462 Francis,
1059 2373 1106 2464 in,
1129 2374 1226 2462 dicte
1250 2401 1385 2480 magna
1408 2360 1549 2480 capelle
1574 2378 1721 2482 Templi

307 2505 543 2596 Perisiensis,
563 2522 653 2591 sunt
671 2504 823 2592 ruenni
839 2504 897 2583 vel
913 2505 1023 2592 circa,
1037 2521 1081 2583 ut
1095 2504 1130 2585 ei
1146 2502 1531 2596 vincentianam.
1547 2505 1595 2581 de
1611 2507 1722 2583 Dono

307 2637 469 2721 Martino
493 2634 760 2742 presbiterum,
784 2653 829 2713 ut
852 2633 925 2721 sibi
943 2634 1103 2727 videtur,
1120 2662 1202 2719 ,non
1225 2634 1359 2723 recolit
1382 2634 1521 2739 quibus
1540 2637 1720 2739 presenti.

306 2766 379 2851 bus
402 2796 471 2844 nee
500 2767 548 2845 de
570 2766 654 2847 eliis
676 2795 773 2874 quos
792 2767 887 2845 vidit
908 2766 1037 2872 recipi.
1058 2767 1273 2872 Requisitus
1300 2767 1331 2843 si
1350 2766 1443 2843 vidit
1460 2765 1520 2843 vel
1539 2765 1645 2843 seivit
1663 2767 1720 2843 vel

308 2896 427 2979 credit
440 2896 563 3003 quod,
576 2897 616 2973 in
630 2897 915 3003 receptionibus
931 2895 1188 3002 predictorum
1200 2895 1259 2973 vel
1273 2896 1435 2985 alioruin
1451 2923 1548 3003 quos
1559 2895 1654 2973 vidit
1669 2924 1722 2971 re

307 3028 387 3129 cepi
411 3024 471 3103 vel
497 3042 598 3130 poet,
627 3027 909 3111 intervenerunt
934 3024 999 3103 illo
1028 3025 1156 3113 illicite
1178 3054 1252 3133 que
1279 3025 1454 3130 deposuit
1479 3025 1718 3101 intervenisse

308 3156 346 3229 in
366 3154 585 3258 reccpcionc
610 3184 676 3232 sue
693 3153 753 3232 vel
777 3155 849 3239 eliu
868 3156 1084 3244 inhoneste,
1107 3156 1302 3260 respondit
1321 3155 1425 3260 quod
1444 3182 1521 3231 non
1540 3153 1633 3233 vidit
1651 3183 1720 3230 nec

306 3284 428 3373 scivit;
447 3301 627 3391 poterunt
644 3303 770 3371 tamen
789 3285 993 3392 essequod
1012 3285 1281 3363 intervenirent
1299 3284 1339 3364 in
1354 3283 1637 3389 receptionibus
1656 3284 1721 3359 ali-

306 3441 470 3520 quorum
488 3431 526 3491 et
544 3442 622 3492 non
640 3414 681 3500 in
699 3414 980 3520 reccpcionibus
999 3413 1178 3503 oliorum,
1200 3440 1269 3493 nec
1283 3413 1352 3491 scit
1367 3412 1465 3489 bene
1481 3411 1576 3517 quid
1592 3413 1719 3489 credet

306 3544 353 3620 de
372 3545 558 3650 predictis.

361 3673 476 3764 nem,
502 3674 611 3760 ner,
636 3676 684 3755 ee
711 3675 1027 3780 dogmatizarunt
1052 3690 1090 3751 e
1118 3654 1401 3752 concitatione
1428 3673 1548 3755 eruce
1574 3690 1612 3750 n
1636 3673 1718 3749 uns

306 3802 490 3885 contentis
509 3802 548 3877 in
566 3817 602 3879 v⁰
618 3801 776 3915 articulo
794 3819 835 3881 et
850 3802 1029 3881 omnibus
1047 3801 1130 3879 eliis
1146 3804 1408 3908 sequentibus,
1431 3828 1470 3881 se
1488 3802 1604 3891 nichil
1624 3802 1717 3881 scire
1814 3824 1817 3831 ’

306 3928 407 4009 ultre
418 3957 493 4036 que
513 3957 626 4034 supra
639 3929 834 4035 deposuit,
853 3931 926 4009 hoc
941 3947 1094 4036 excepto
1111 3931 1217 4037 quod
1233 3959 1310 4010 non
1328 3933 1451 4019 credit
1464 3933 1570 4038 quod
1584 3933 1720 4011 fierent

307 4057 404 4135 dicte
425 4058 775 4166 dogmatizeoiones,
797 4061 1117 4150 conculceciones,
1142 4088 1212 4138 nec
1229 4063 1335 4168 quod
1358 4078 1482 4143 ectum
1503 4059 1716 4147 adorarent,

306 4216 376 4267 nec
402 4191 508 4296 quod
530 4217 664 4266 eorum
689 4190 900 4269 sacerdotes
925 4193 1038 4273 verbe
1061 4193 1213 4271 cononis
1235 4191 1499 4282 obmitterent,
1525 4221 1595 4269 nee
1613 4192 1718 4297 quod

304 4316 436 4395 fratres
454 4320 597 4399 ordinis
622 4337 747 4399 essent
764 4321 948 4401 increduli
968 4323 1008 4407 in
1028 4321 1284 4407 ecclesiasticis
1297 4322 1557 4410 sacrementis,
1579 4321 1719 4428 quihus

305 4447 384 4550 ipse
403 4449 501 4527 benc
521 4450 715 4541 credebat,
733 4468 777 4529 ut
796 4451 899 4535 dixit.
958 4435 962 4453 ¹
1607 4526 1609 4531 ,
1668 4534 1673 4541 ,

360 4578 475 4668 Item,
497 4579 590 4657 dixit
608 4579 713 4684 qnod
729 4607 806 4659 nou
823 4582 1000 4667 credebat
1019 4582 1125 4690 quod
1143 4610 1276 4661 eorum
1296 4583 1380 4659 laici
1397 4582 1634 4663 absolverent.
1648 4608 1719 4661 nec

304 4727 457 4810 possent
472 4709 662 4788 absolvere
684 4711 901 4816 opeccetiffs,
922 4714 991 4793 sed
1009 4712 1218 4821 presbyteri
1242 4741 1374 4793 eorum
1393 4710 1635 4795 obsolvebtnt
1653 4737 1718 4791 eos

305 4839 457 4943 quondo
484 4841 537 4917 eis
562 4841 956 4932 confitebanturrrnee
979 4844 1100 4923 eredit
1117 4843 1220 4950 quod
1240 4822 1371 4947 iratrei
1393 4843 1457 4921 olii
1477 4842 1619 4927 ordinis
1637 4868 1717 4917 ere-
