<?xml version="1.0" encoding="UTF-8"?>
<!DOCTYPE html PUBLIC "-//W3C//DTD XHTML 1.0 Transitional//EN"
    "http://www.w3.org/TR/xhtml1/DTD/xhtml1-transitional.dtd">
<html xmlns="http://www.w3.org/1999/xhtml" xml:lang="en" lang="en">
 <head>
  <title>
</title>
<meta http-equiv="Content-Type" content="text/html;charset=utf-8" />
  <meta name='ocr-system' content='tesseract 3.04.00' />
  <meta name='ocr-capabilities' content='ocr_page ocr_carea ocr_par ocr_line ocrx_word'/>
</head>
<body>
  <div class='ocr_page' id='page_1' title='image "./procsdestemplie02defegoog/procsdestemplie02defegoog_0026.png"; bbox 0 0 4080 6052; ppageno 0'>
   <div class='ocr_carea' id='block_1_1' title="bbox 513 510 1938 2330">
    <p class='ocr_par' dir='ltr' id='par_1_1' title="bbox 516 510 1548 617">
     <span class='ocr_line' id='line_1_1' title="bbox 516 510 1548 617; baseline -0.011 -8"><span class='ocrx_word' id='word_1_1' title='bbox 516 539 539 609; x_wconf 85' lang='lat' dir='ltr'><strong>s</strong></span> <span class='ocrx_word' id='word_1_2' title='bbox 651 548 670 617; x_wconf 82' lang='grc'><strong>·.</strong></span> <span class='ocrx_word' id='word_1_3' title='bbox 902 510 1099 606; x_wconf 74' lang='lat' dir='ltr'><strong>raeces</strong></span> <span class='ocrx_word' id='word_1_4' title='bbox 1125 528 1220 602; x_wconf 81' lang='lat' dir='ltr'><strong>ors</strong></span> <span class='ocrx_word' id='word_1_5' title='bbox 1245 528 1548 601; x_wconf 76' lang='lat' dir='ltr'><strong>rennuens</strong></span> 
     </span>
    </p>

    <p class='ocr_par' dir='ltr' id='par_1_2' title="bbox 513 664 1938 2330">
     <span class='ocr_line' id='line_1_2' title="bbox 516 664 1938 775; baseline -0.002 -24"><span class='ocrx_word' id='word_1_6' title='bbox 516 670 715 762; x_wconf 90' lang='lat' dir='ltr'><strong>universis,</strong></span> <span class='ocrx_word' id='word_1_7' title='bbox 738 668 1027 774; x_wconf 85' lang='lat' dir='ltr'><strong>archiepiscopis</strong></span> <span class='ocrx_word' id='word_1_8' title='bbox 1053 687 1091 745; x_wconf 92' lang='lat' dir='ltr'><strong>et</strong></span> <span class='ocrx_word' id='word_1_9' title='bbox 1115 667 1315 775; x_wconf 90' lang='lat' dir='ltr'><strong>episcopis,</strong></span> <span class='ocrx_word' id='word_1_10' title='bbox 1338 682 1376 743; x_wconf 90' lang='lat' dir='ltr'><strong>et</strong></span> <span class='ocrx_word' id='word_1_11' title='bbox 1399 664 1578 743; x_wconf 89' lang='lat' dir='ltr'><strong>omnibus</strong></span> <span class='ocrx_word' id='word_1_12' title='bbox 1600 664 1684 743; x_wconf 87' lang='lat' dir='ltr'><strong>aliis</strong></span> <span class='ocrx_word' id='word_1_13' title='bbox 1708 694 1777 771; x_wconf 88' lang='lat' dir='ltr'><strong>per</strong></span> <span class='ocrx_word' id='word_1_14' title='bbox 1797 695 1867 746; x_wconf 92' lang='lat' dir='ltr'><strong>nos</strong></span> <span class='ocrx_word' id='word_1_15' title='bbox 1887 671 1938 748; x_wconf 88' lang='lat' dir='ltr'><strong>ad</strong></span> 
     </span>
     <span class='ocr_line' id='line_1_3' title="bbox 514 794 1936 906; baseline -0.002 -27"><span class='ocrx_word' id='word_1_16' title='bbox 514 800 748 906; x_wconf 80' lang='lat' dir='ltr'><strong>infrascripta</strong></span> <span class='ocrx_word' id='word_1_17' title='bbox 771 827 839 905; x_wconf 92' lang='lat' dir='ltr'><strong>per</strong></span> <span class='ocrx_word' id='word_1_18' title='bbox 861 826 1021 903; x_wconf 87' lang='lat' dir='ltr'><strong>regnum</strong></span> <span class='ocrx_word' id='word_1_19' title='bbox 1039 798 1195 874; x_wconf 82' lang='lat' dir='ltr'><strong>Francis</strong></span> <span class='ocrx_word' id='word_1_20' title='bbox 1221 794 1429 900; x_wconf 91' lang='lat' dir='ltr'><strong>deputatis,</strong></span> <span class='ocrx_word' id='word_1_21' title='bbox 1450 795 1611 872; x_wconf 89' lang='lat' dir='ltr'><strong>salutem</strong></span> <span class='ocrx_word' id='word_1_22' title='bbox 1637 811 1675 871; x_wconf 91' lang='lat' dir='ltr'><strong>et</strong></span> <span class='ocrx_word' id='word_1_23' title='bbox 1694 797 1936 902; x_wconf 86' lang='lat' dir='ltr'><strong>apostolicam</strong></span> 
     </span>
     <span class='ocr_line' id='line_1_4' title="bbox 513 924 1937 1034; baseline -0.002 -25"><span class='ocrx_word' id='word_1_24' title='bbox 513 932 830 1010; x_wconf 85' lang='lat' dir='ltr'><strong>benedictionem.</strong></span> <span class='ocrx_word' id='word_1_25' title='bbox 853 927 1031 1009; x_wconf 89' lang='lat' dir='ltr'><strong>Volentes</strong></span> <span class='ocrx_word' id='word_1_26' title='bbox 1060 946 1104 1004; x_wconf 89' lang='lat' dir='ltr'><strong>ut</strong></span> <span class='ocrx_word' id='word_1_27' title='bbox 1126 926 1328 1032; x_wconf 81' lang='lat' dir='ltr'><strong>negocium</strong></span> <span class='ocrx_word' id='word_1_28' title='bbox 1350 924 1509 1002; x_wconf 82' lang='lat' dir='ltr'><strong>fratrum</strong></span> <span class='ocrx_word' id='word_1_29' title='bbox 1534 925 1678 1002; x_wconf 84' lang='lat' dir='ltr'><strong>ordinis</strong></span> <span class='ocrx_word' id='word_1_30' title='bbox 1701 928 1937 1034; x_wconf 90' lang='lat' dir='ltr'><strong>Templario-</strong></span> 
     </span>
     <span class='ocr_line' id='line_1_5' title="bbox 514 1053 1936 1161; baseline -0.002 -21"><span class='ocrx_word' id='word_1_31' title='bbox 514 1092 601 1140; x_wconf 91' lang='lat' dir='ltr'><strong>rum</strong></span> <span class='ocrx_word' id='word_1_32' title='bbox 623 1059 796 1138; x_wconf 91' lang='lat' dir='ltr'><strong>debitum</strong></span> <span class='ocrx_word' id='word_1_33' title='bbox 816 1057 987 1136; x_wconf 85' lang='lat' dir='ltr'><strong>celeriter</strong></span> <span class='ocrx_word' id='word_1_34' title='bbox 1006 1056 1190 1134; x_wconf 87' lang='lat' dir='ltr'><strong>sorciatur</strong></span> <span class='ocrx_word' id='word_1_35' title='bbox 1210 1055 1402 1146; x_wconf 83' lang='lat' dir='ltr'><strong>ellectum,</strong></span> <span class='ocrx_word' id='word_1_36' title='bbox 1419 1053 1526 1131; x_wconf 87' lang='lat' dir='ltr'><strong>vobis</strong></span> <span class='ocrx_word' id='word_1_37' title='bbox 1541 1071 1580 1131; x_wconf 90' lang='lat' dir='ltr'><strong>et</strong></span> <span class='ocrx_word' id='word_1_38' title='bbox 1597 1055 1755 1161; x_wconf 88' lang='lat' dir='ltr'><strong>singulis</strong></span> <span class='ocrx_word' id='word_1_39' title='bbox 1768 1076 1936 1137; x_wconf 88' lang='lat' dir='ltr'><strong>vestrum</strong></span> 
     </span>
     <span class='ocr_line' id='line_1_6' title="bbox 514 1183 1938 1301; baseline -0.002 -33"><span class='ocrx_word' id='word_1_40' title='bbox 514 1190 733 1301; x_wconf 89' lang='lat' dir='ltr'><strong>inquirendi</strong></span> <span class='ocrx_word' id='word_1_41' title='bbox 744 1206 782 1266; x_wconf 90' lang='lat' dir='ltr'><strong>et</strong></span> <span class='ocrx_word' id='word_1_42' title='bbox 791 1187 1022 1293; x_wconf 90' lang='lat' dir='ltr'><strong>procedendi</strong></span> <span class='ocrx_word' id='word_1_43' title='bbox 1035 1187 1074 1262; x_wconf 92' lang='lat' dir='ltr'><strong>in</strong></span> <span class='ocrx_word' id='word_1_44' title='bbox 1090 1184 1227 1269; x_wconf 86' lang='lat' dir='ltr'><strong>eodem</strong></span> <span class='ocrx_word' id='word_1_45' title='bbox 1237 1184 1406 1291; x_wconf 88' lang='lat' dir='ltr'><strong>negocio,</strong></span> <span class='ocrx_word' id='word_1_46' title='bbox 1413 1183 1522 1291; x_wconf 78' lang='lat' dir='ltr'><strong>juxta</strong></span> <span class='ocrx_word' id='word_1_47' title='bbox 1536 1185 1709 1290; x_wconf 88' lang='lat' dir='ltr'><strong>priorum</strong></span> <span class='ocrx_word' id='word_1_48' title='bbox 1723 1188 1938 1292; x_wconf 85' lang='lat' dir='ltr'><strong>apostolica-</strong></span> 
     </span>
     <span class='ocr_line' id='line_1_7' title="bbox 514 1314 1937 1424; baseline -0.001 -27"><span class='ocrx_word' id='word_1_49' title='bbox 514 1348 600 1397; x_wconf 83' lang='lat' dir='ltr'><strong>rum</strong></span> <span class='ocrx_word' id='word_1_50' title='bbox 620 1321 725 1399; x_wconf 85' lang='lat' dir='ltr'><strong>vobis</strong></span> <span class='ocrx_word' id='word_1_51' title='bbox 743 1319 972 1396; x_wconf 88' lang='lat' dir='ltr'><strong>directarum</strong></span> <span class='ocrx_word' id='word_1_52' title='bbox 992 1316 1266 1394; x_wconf 83' lang='lat' dir='ltr'><strong>continenciam</strong></span> <span class='ocrx_word' id='word_1_53' title='bbox 1285 1314 1513 1407; x_wconf 84' lang='lat' dir='ltr'><strong>litterarum,</strong></span> <span class='ocrx_word' id='word_1_54' title='bbox 1535 1315 1654 1392; x_wconf 88' lang='lat' dir='ltr'><strong>eciam</strong></span> <span class='ocrx_word' id='word_1_55' title='bbox 1674 1333 1776 1394; x_wconf 78' lang='lat' dir='ltr'><strong>extra</strong></span> <span class='ocrx_word' id='word_1_56' title='bbox 1792 1320 1937 1424; x_wconf 84' lang='lat' dir='ltr'><strong>provin·</strong></span> 
     </span>
     <span class='ocr_line' id='line_1_8' title="bbox 513 1443 1936 1549; baseline -0.001 -24"><span class='ocrx_word' id='word_1_57' title='bbox 513 1450 587 1525; x_wconf 90' lang='lat' dir='ltr'><strong>cias</strong></span> <span class='ocrx_word' id='word_1_58' title='bbox 607 1463 645 1523; x_wconf 92' lang='lat' dir='ltr'><strong>et</strong></span> <span class='ocrx_word' id='word_1_59' title='bbox 666 1444 834 1524; x_wconf 84' lang='lat' dir='ltr'><strong>dioceses</strong></span> <span class='ocrx_word' id='word_1_60' title='bbox 857 1463 1012 1536; x_wconf 89' lang='lat' dir='ltr'><strong>vestras,</strong></span> <span class='ocrx_word' id='word_1_61' title='bbox 1034 1472 1112 1521; x_wconf 92' lang='lat' dir='ltr'><strong>non</strong></span> <span class='ocrx_word' id='word_1_62' title='bbox 1137 1444 1307 1522; x_wconf 90' lang='lat' dir='ltr'><strong>obstante</strong></span> <span class='ocrx_word' id='word_1_63' title='bbox 1333 1443 1438 1549; x_wconf 94' lang='lat' dir='ltr'><strong>quod</strong></span> <span class='ocrx_word' id='word_1_64' title='bbox 1462 1444 1502 1520; x_wconf 92' lang='lat' dir='ltr'><strong>in</strong></span> <span class='ocrx_word' id='word_1_65' title='bbox 1521 1444 1700 1549; x_wconf 78' lang='lat' dir='ltr'><strong>predictis</strong></span> <span class='ocrx_word' id='word_1_66' title='bbox 1718 1443 1854 1524; x_wconf 91' lang='lat' dir='ltr'><strong>litteris</strong></span> <span class='ocrx_word' id='word_1_67' title='bbox 1878 1447 1936 1523; x_wconf 91' lang='lat' dir='ltr'><strong>di-</strong></span> 
     </span>
     <span class='ocr_line' id='line_1_9' title="bbox 514 1573 1937 1685; baseline 0 -31"><span class='ocrx_word' id='word_1_68' title='bbox 514 1579 612 1654; x_wconf 90' lang='lat' dir='ltr'><strong>citur</strong></span> <span class='ocrx_word' id='word_1_69' title='bbox 626 1575 828 1664; x_wconf 87' lang='lat' dir='ltr'><strong>contineri,</strong></span> <span class='ocrx_word' id='word_1_70' title='bbox 846 1575 952 1682; x_wconf 87' lang='lat' dir='ltr'><strong>quod</strong></span> <span class='ocrx_word' id='word_1_71' title='bbox 966 1573 1014 1651; x_wconf 89' lang='lat' dir='ltr'><strong>ad</strong></span> <span class='ocrx_word' id='word_1_72' title='bbox 1029 1591 1146 1651; x_wconf 87' lang='lat' dir='ltr'><strong>certas</strong></span> <span class='ocrx_word' id='word_1_73' title='bbox 1162 1602 1228 1651; x_wconf 88' lang='lat' dir='ltr'><strong>vos</strong></span> <span class='ocrx_word' id='word_1_74' title='bbox 1244 1573 1443 1652; x_wconf 84' lang='lat' dir='ltr'><strong>conseratis</strong></span> <span class='ocrx_word' id='word_1_75' title='bbox 1456 1574 1680 1680; x_wconf 84' lang='lat' dir='ltr'><strong>provincias,</strong></span> <span class='ocrx_word' id='word_1_76' title='bbox 1698 1592 1736 1652; x_wconf 95' lang='lat' dir='ltr'><strong>et</strong></span> <span class='ocrx_word' id='word_1_77' title='bbox 1752 1575 1806 1652; x_wconf 91' lang='lat' dir='ltr'><strong>ibi</strong></span> <span class='ocrx_word' id='word_1_78' title='bbox 1823 1606 1937 1685; x_wconf 88' lang='lat' dir='ltr'><strong>super</strong></span> 
     </span>
     <span class='ocr_line' id='line_1_10' title="bbox 514 1704 1936 1814; baseline 0.002 -30"><span class='ocrx_word' id='word_1_79' title='bbox 514 1704 737 1813; x_wconf 85' lang='lat' dir='ltr'><strong>hujusmodi</strong></span> <span class='ocrx_word' id='word_1_80' title='bbox 753 1706 910 1809; x_wconf 90' lang='lat' dir='ltr'><strong>negocio</strong></span> <span class='ocrx_word' id='word_1_81' title='bbox 926 1706 1149 1808; x_wconf 82' lang='lat' dir='ltr'><strong>diligencius</strong></span> <span class='ocrx_word' id='word_1_82' title='bbox 1164 1704 1362 1811; x_wconf 89' lang='lat' dir='ltr'><strong>inquiratis</strong></span> <span class='ocrx_word' id='word_1_83' title='bbox 1376 1704 1444 1782; x_wconf 93' lang='lat' dir='ltr'><strong>ubi</strong></span> <span class='ocrx_word' id='word_1_84' title='bbox 1459 1706 1578 1811; x_wconf 89' lang='lat' dir='ltr'><strong>magis</strong></span> <span class='ocrx_word' id='word_1_85' title='bbox 1592 1705 1762 1811; x_wconf 92' lang='lat' dir='ltr'><strong>predicto</strong></span> <span class='ocrx_word' id='word_1_86' title='bbox 1778 1708 1936 1814; x_wconf 89' lang='lat' dir='ltr'><strong>negocio</strong></span> 
     </span>
     <span class='ocr_line' id='line_1_11' title="bbox 514 1832 1938 1942; baseline 0.005 -30"><span class='ocrx_word' id='word_1_87' title='bbox 514 1837 683 1913; x_wconf 88' lang='lat' dir='ltr'><strong>videritis</strong></span> <span class='ocrx_word' id='word_1_88' title='bbox 704 1833 898 1940; x_wconf 83' lang='lat' dir='ltr'><strong>expedire,</strong></span> <span class='ocrx_word' id='word_1_89' title='bbox 919 1832 1069 1939; x_wconf 85' lang='lat' dir='ltr'><strong>plenam</strong></span> <span class='ocrx_word' id='word_1_90' title='bbox 1089 1836 1349 1928; x_wconf 86' lang='lat' dir='ltr'><strong>concedimus,</strong></span> <span class='ocrx_word' id='word_1_91' title='bbox 1371 1836 1590 1913; x_wconf 89' lang='lat' dir='ltr'><strong>auctoritate</strong></span> <span class='ocrx_word' id='word_1_92' title='bbox 1608 1837 1862 1942; x_wconf 90' lang='lat' dir='ltr'><strong>presencium,</strong></span> <span class='ocrx_word' id='word_1_93' title='bbox 1882 1838 1938 1919; x_wconf 78' lang='lat' dir='ltr'><strong>ln-</strong></span> 
     </span>
     <span class='ocr_line' id='line_1_12' title="bbox 514 1959 1936 2075; baseline 0.001 -30"><span class='ocrx_word' id='word_1_94' title='bbox 514 1967 705 2045; x_wconf 90' lang='lat' dir='ltr'><strong>cultatem.</strong></span> <span class='ocrx_word' id='word_1_95' title='bbox 722 1964 908 2046; x_wconf 89' lang='lat' dir='ltr'><strong>Volumus</strong></span> <span class='ocrx_word' id='word_1_96' title='bbox 922 1979 1066 2053; x_wconf 89' lang='lat' dir='ltr'><strong>tamen,</strong></span> <span class='ocrx_word' id='word_1_97' title='bbox 1089 1960 1194 2067; x_wconf 93' lang='lat' dir='ltr'><strong>quod</strong></span> <span class='ocrx_word' id='word_1_98' title='bbox 1209 1959 1301 2038; x_wconf 87' lang='lat' dir='ltr'><strong>alios</strong></span> <span class='ocrx_word' id='word_1_99' title='bbox 1316 1965 1493 2044; x_wconf 80' lang='lat' dir='ltr'><strong>articulos</strong></span> <span class='ocrx_word' id='word_1_100' title='bbox 1507 1968 1547 2043; x_wconf 92' lang='lat' dir='ltr'><strong>in</strong></span> <span class='ocrx_word' id='word_1_101' title='bbox 1563 1967 1672 2044; x_wconf 91' lang='lat' dir='ltr'><strong>dictis</strong></span> <span class='ocrx_word' id='word_1_102' title='bbox 1686 1968 1823 2047; x_wconf 87' lang='lat' dir='ltr'><strong>nostris</strong></span> <span class='ocrx_word' id='word_1_103' title='bbox 1839 1968 1936 2075; x_wconf 88' lang='lat' dir='ltr'><strong>prio·</strong></span> 
     </span>
     <span class='ocr_line' id='line_1_13' title="bbox 515 2091 1935 2200; baseline 0.001 -26"><span class='ocrx_word' id='word_1_104' title='bbox 515 2098 621 2174; x_wconf 88' lang='lat' dir='ltr'><strong>ribus</strong></span> <span class='ocrx_word' id='word_1_105' title='bbox 648 2096 784 2172; x_wconf 84' lang='lat' dir='ltr'><strong>litteris</strong></span> <span class='ocrx_word' id='word_1_106' title='bbox 812 2110 1008 2172; x_wconf 89' lang='lat' dir='ltr'><strong>annotatos</strong></span> <span class='ocrx_word' id='word_1_107' title='bbox 1032 2092 1256 2200; x_wconf 85' lang='lat' dir='ltr'><strong>diligencius</strong></span> <span class='ocrx_word' id='word_1_108' title='bbox 1284 2091 1499 2174; x_wconf 85' lang='lat' dir='ltr'><strong>observetis.</strong></span> <span class='ocrx_word' id='word_1_109' title='bbox 1520 2097 1661 2177; x_wconf 86' lang='lat' dir='ltr'><strong>Datum</strong></span> <span class='ocrx_word' id='word_1_110' title='bbox 1686 2097 1869 2187; x_wconf 74' lang='lat' dir='ltr'><strong>Avinione</strong></span> <span class='ocrx_word' id='word_1_111' title='bbox 1896 2126 1935 2177; x_wconf 83' lang='lat' dir='ltr'><strong>xl</strong></span> 
     </span>
     <span class='ocr_line' id='line_1_14' title="bbox 515 2223 1528 2330; baseline -0.005 -27"><span class='ocrx_word' id='word_1_112' title='bbox 515 2224 701 2303; x_wconf 79' lang='lat' dir='ltr'><strong>Kalendas</strong></span> <span class='ocrx_word' id='word_1_113' title='bbox 720 2223 841 2316; x_wconf 84' lang='lat' dir='ltr'><strong>lunii,</strong></span> <span class='ocrx_word' id='word_1_114' title='bbox 863 2223 1103 2330; x_wconf 83' lang='lat' dir='ltr'><strong>pontificatus</strong></span> <span class='ocrx_word' id='word_1_115' title='bbox 1122 2223 1242 2302; x_wconf 88' lang='lat' dir='ltr'><strong>nostri</strong></span> <span class='ocrx_word' id='word_1_116' title='bbox 1263 2251 1362 2302; x_wconf 91' lang='lat' dir='ltr'><strong>anno</strong></span> <span class='ocrx_word' id='word_1_117' title='bbox 1382 2239 1528 2330; x_wconf 83' lang='lat' dir='ltr'><strong>quarto.</strong></span> 
     </span>
    </p>
   </div>
   <div class='ocr_carea' id='block_1_2' title="bbox 490 2486 1935 3105">
    <p class='ocr_par' dir='ltr' id='par_1_3' title="bbox 490 2486 1935 3105">
     <span class='ocr_line' id='line_1_15' title="bbox 569 2486 1933 2594; baseline -0.001 -29"><span class='ocrx_word' id='word_1_118' title='bbox 569 2490 664 2565; x_wconf 90' lang='lat' dir='ltr'><strong>Item</strong></span> <span class='ocrx_word' id='word_1_119' title='bbox 680 2489 719 2564; x_wconf 94' lang='lat' dir='ltr'><strong>in</strong></span> <span class='ocrx_word' id='word_1_120' title='bbox 734 2489 896 2594; x_wconf 88' lang='lat' dir='ltr'><strong>quadam</strong></span> <span class='ocrx_word' id='word_1_121' title='bbox 917 2489 988 2567; x_wconf 82' lang='lat' dir='ltr'><strong>alia</strong></span> <span class='ocrx_word' id='word_1_122' title='bbox 1002 2489 1128 2569; x_wconf 91' lang='lat' dir='ltr'><strong>littera</strong></span> <span class='ocrx_word' id='word_1_123' title='bbox 1150 2492 1368 2594; x_wconf 90' lang='lat' dir='ltr'><strong>apostolica,</strong></span> <span class='ocrx_word' id='word_1_124' title='bbox 1387 2489 1528 2564; x_wconf 88' lang='lat' dir='ltr'><strong>directa</strong></span> <span class='ocrx_word' id='word_1_125' title='bbox 1547 2486 1702 2563; x_wconf 89' lang='lat' dir='ltr'><strong>domino</strong></span> <span class='ocrx_word' id='word_1_126' title='bbox 1720 2487 1798 2593; x_wconf 90' lang='lat' dir='ltr'><strong>regi</strong></span> <span class='ocrx_word' id='word_1_127' title='bbox 1817 2488 1933 2565; x_wconf 86' lang='lat' dir='ltr'><strong>Fran-</strong></span> 
     </span>
     <span class='ocr_line' id='line_1_16' title="bbox 515 2613 1933 2720; baseline 0.001 -27"><span class='ocrx_word' id='word_1_128' title='bbox 515 2617 570 2694; x_wconf 91' lang='lat' dir='ltr'><strong>cie</strong></span> <span class='ocrx_word' id='word_1_129' title='bbox 591 2617 745 2705; x_wconf 84' lang='lat' dir='ltr'><strong>illustri,</strong></span> <span class='ocrx_word' id='word_1_130' title='bbox 768 2616 1058 2691; x_wconf 87' lang='lat' dir='ltr'><strong>continebantur</strong></span> <span class='ocrx_word' id='word_1_131' title='bbox 1081 2616 1248 2690; x_wconf 86' lang='lat' dir='ltr'><strong>clausule</strong></span> <span class='ocrx_word' id='word_1_132' title='bbox 1268 2613 1516 2718; x_wconf 81' lang='lat' dir='ltr'><strong>infrascripte,</strong></span> <span class='ocrx_word' id='word_1_133' title='bbox 1533 2642 1625 2720; x_wconf 91' lang='lat' dir='ltr'><strong>quas</strong></span> <span class='ocrx_word' id='word_1_134' title='bbox 1646 2615 1828 2693; x_wconf 84' lang='lat' dir='ltr'><strong>clausulas</strong></span> <span class='ocrx_word' id='word_1_135' title='bbox 1843 2616 1933 2695; x_wconf 90' lang='lat' dir='ltr'><strong>dicti</strong></span> 
     </span>
     <span class='ocr_line' id='line_1_17' title="bbox 515 2742 1934 2853; baseline -0.001 -28"><span class='ocrx_word' id='word_1_136' title='bbox 515 2747 659 2825; x_wconf 91' lang='lat' dir='ltr'><strong>domini</strong></span> <span class='ocrx_word' id='word_1_137' title='bbox 687 2743 933 2828; x_wconf 90' lang='lat' dir='ltr'><strong>commissarii</strong></span> <span class='ocrx_word' id='word_1_138' title='bbox 957 2760 1209 2847; x_wconf 89' lang='lat' dir='ltr'><strong>preceperunt</strong></span> <span class='ocrx_word' id='word_1_139' title='bbox 1234 2743 1282 2819; x_wconf 89' lang='lat' dir='ltr'><strong>de</strong></span> <span class='ocrx_word' id='word_1_140' title='bbox 1311 2742 1426 2819; x_wconf 86' lang='lat' dir='ltr'><strong>verbo</strong></span> <span class='ocrx_word' id='word_1_141' title='bbox 1451 2743 1498 2818; x_wconf 87' lang='lat' dir='ltr'><strong>ad</strong></span> <span class='ocrx_word' id='word_1_142' title='bbox 1522 2745 1678 2825; x_wconf 87' lang='lat' dir='ltr'><strong>verbum</strong></span> <span class='ocrx_word' id='word_1_143' title='bbox 1705 2748 1744 2823; x_wconf 92' lang='lat' dir='ltr'><strong>in</strong></span> <span class='ocrx_word' id='word_1_144' title='bbox 1770 2749 1934 2853; x_wconf 83' lang='lat' dir='ltr'><strong>presenti</strong></span> 
     </span>
     <span class='ocr_line' id='line_1_18' title="bbox 490 2871 1933 2980; baseline 0.001 -31"><span class='ocrx_word' id='word_1_145' title='bbox 490 2896 691 2978; x_wconf 77' lang='lat' dir='ltr'><strong>&#39;processu</strong></span> <span class='ocrx_word' id='word_1_146' title='bbox 712 2872 839 2947; x_wconf 88' lang='lat' dir='ltr'><strong>inseri.</strong></span> <span class='ocrx_word' id='word_1_147' title='bbox 860 2871 1091 2977; x_wconf 85' lang='lat' dir='ltr'><strong>Principium</strong></span> <span class='ocrx_word' id='word_1_148' title='bbox 1117 2889 1244 2948; x_wconf 90' lang='lat' dir='ltr'><strong>autem</strong></span> <span class='ocrx_word' id='word_1_149' title='bbox 1271 2873 1369 2948; x_wconf 91' lang='lat' dir='ltr'><strong>dicte</strong></span> <span class='ocrx_word' id='word_1_150' title='bbox 1395 2872 1518 2950; x_wconf 89' lang='lat' dir='ltr'><strong>littere</strong></span> <span class='ocrx_word' id='word_1_151' title='bbox 1539 2873 1740 2980; x_wconf 85' lang='lat' dir='ltr'><strong>apostolice</strong></span> <span class='ocrx_word' id='word_1_152' title='bbox 1760 2877 1834 2952; x_wconf 84' lang='lat' dir='ltr'><strong>tale</strong></span> <span class='ocrx_word' id='word_1_153' title='bbox 1855 2893 1933 2954; x_wconf 89' lang='lat' dir='ltr'><strong>est:</strong></span> 
     </span>
     <span class='ocr_line' id='line_1_19' title="bbox 570 3000 1935 3105; baseline 0.002 -27"><span class='ocrx_word' id='word_1_154' title='bbox 570 3002 746 3078; x_wconf 84' lang='lat' dir='ltr'><strong>Clemens</strong></span> <span class='ocrx_word' id='word_1_155' title='bbox 764 3000 963 3105; x_wconf 90' lang='lat' dir='ltr'><strong>episcopus</strong></span> <span class='ocrx_word' id='word_1_156' title='bbox 980 3029 1108 3078; x_wconf 84' lang='lat' dir='ltr'><strong>servus</strong></span> <span class='ocrx_word' id='word_1_157' title='bbox 1125 3030 1319 3079; x_wconf 79' lang='lat' dir='ltr'><strong>servorum</strong></span> <span class='ocrx_word' id='word_1_158' title='bbox 1338 3002 1409 3080; x_wconf 88' lang='lat' dir='ltr'><strong>Dei</strong></span> <span class='ocrx_word' id='word_1_159' title='bbox 1428 3002 1618 3079; x_wconf 89' lang='lat' dir='ltr'><strong>carissimo</strong></span> <span class='ocrx_word' id='word_1_160' title='bbox 1635 3004 1675 3079; x_wconf 93' lang='lat' dir='ltr'><strong>in</strong></span> <span class='ocrx_word' id='word_1_161' title='bbox 1689 3003 1838 3079; x_wconf 88' lang='lat' dir='ltr'><strong>Christo</strong></span> <span class='ocrx_word' id='word_1_162' title='bbox 1853 3004 1935 3082; x_wconf 91' lang='lat' dir='ltr'><strong>lilio</strong></span> 
     </span>
    </p>
   </div>
   <div class='ocr_carea' id='block_1_3' title="bbox 514 3124 1986 3471">
    <p class='ocr_par' dir='ltr' id='par_1_4' title="bbox 514 3124 1986 3471">
     <span class='ocr_line' id='line_1_20' title="bbox 514 3124 1937 3238; baseline 0.004 -32"><span class='ocrx_word' id='word_1_163' title='bbox 514 3132 689 3236; x_wconf 89' lang='lat' dir='ltr'><strong>Philippo</strong></span> <span class='ocrx_word' id='word_1_164' title='bbox 709 3124 788 3236; x_wconf 89' lang='lat' dir='ltr'><strong>regi</strong></span> <span class='ocrx_word' id='word_1_165' title='bbox 809 3132 1039 3207; x_wconf 87' lang='lat' dir='ltr'><strong>Francorum</strong></span> <span class='ocrx_word' id='word_1_166' title='bbox 1057 3132 1194 3209; x_wconf 90' lang='lat' dir='ltr'><strong>illustri</strong></span> <span class='ocrx_word' id='word_1_167' title='bbox 1217 3131 1375 3209; x_wconf 85' lang='lat' dir='ltr'><strong>salutem</strong></span> <span class='ocrx_word' id='word_1_168' title='bbox 1395 3149 1432 3209; x_wconf 92' lang='lat' dir='ltr'><strong>et</strong></span> <span class='ocrx_word' id='word_1_169' title='bbox 1449 3132 1689 3238; x_wconf 89' lang='lat' dir='ltr'><strong>apostolicam</strong></span> <span class='ocrx_word' id='word_1_170' title='bbox 1708 3130 1937 3212; x_wconf 82' lang='lat' dir='ltr'><strong>benedictio</strong></span> 
     </span>
     <span class='ocr_line' id='line_1_21' title="bbox 515 3259 1986 3353; baseline 0.003 -15"><span class='ocrx_word' id='word_1_171' title='bbox 515 3289 613 3339; x_wconf 89' lang='lat' dir='ltr'><strong>nem.</strong></span> <span class='ocrx_word' id='word_1_172' title='bbox 627 3260 854 3338; x_wconf 89' lang='lat' dir='ltr'><strong>Prodierunt</strong></span> <span class='ocrx_word' id='word_1_173' title='bbox 870 3290 914 3337; x_wconf 82' lang='lat' dir='ltr'><strong>ex</strong></span> <span class='ocrx_word' id='word_1_174' title='bbox 926 3260 1136 3353; x_wconf 89' lang='lat' dir='ltr'><strong>affluencia,</strong></span> <span class='ocrx_word' id='word_1_175' title='bbox 1156 3278 1225 3338; x_wconf 91' lang='lat' dir='ltr'><strong>etc.</strong></span> <span class='ocrx_word' id='word_1_176' title='bbox 1240 3264 1336 3339; x_wconf 92' lang='lat' dir='ltr'><strong>Item</strong></span> <span class='ocrx_word' id='word_1_177' title='bbox 1354 3279 1464 3340; x_wconf 90' lang='lat' dir='ltr'><strong>tenor</strong></span> <span class='ocrx_word' id='word_1_178' title='bbox 1483 3262 1667 3340; x_wconf 87' lang='lat' dir='ltr'><strong>dictarum</strong></span> <span class='ocrx_word' id='word_1_179' title='bbox 1683 3261 1935 3342; x_wconf 84' lang='lat' dir='ltr'><strong>clausularum</strong></span> <span class='ocrx_word' id='word_1_180' title='bbox 1983 3259 1986 3265; x_wconf 37' lang='lat'>⁶</span> 
     </span>
     <span class='ocr_line' id='line_1_22' title="bbox 514 3393 697 3471; baseline 0.005 -3"><span class='ocrx_word' id='word_1_181' title='bbox 514 3393 597 3470; x_wconf 89' lang='lat' dir='ltr'><strong>talis</strong></span> <span class='ocrx_word' id='word_1_182' title='bbox 619 3411 697 3471; x_wconf 88' lang='lat' dir='ltr'><strong>est:</strong></span> 
     </span>
    </p>
   </div>
   <div class='ocr_carea' id='block_1_4' title="bbox 546 3520 1936 3632">
    <p class='ocr_par' dir='ltr' id='par_1_5' title="bbox 546 3520 1936 3632">
     <span class='ocr_line' id='line_1_23' title="bbox 546 3520 1936 3632; baseline 0.005 -36"><span class='ocrx_word' id='word_1_183' title='bbox 546 3520 630 3596; x_wconf 68' lang='lat' dir='ltr'><strong>ild</strong></span> <span class='ocrx_word' id='word_1_184' title='bbox 657 3523 905 3599; x_wconf 81' lang='lat' dir='ltr'><strong>illudentem</strong></span> <span class='ocrx_word' id='word_1_185' title='bbox 931 3523 1036 3629; x_wconf 91' lang='lat' dir='ltr'><strong>quod</strong></span> <span class='ocrx_word' id='word_1_186' title='bbox 1060 3523 1260 3629; x_wconf 91' lang='lat' dir='ltr'><strong>petebatur</strong></span> <span class='ocrx_word' id='word_1_187' title='bbox 1286 3553 1307 3601; x_wconf 91' lang='lat' dir='ltr'><strong>a</strong></span> <span class='ocrx_word' id='word_1_188' title='bbox 1330 3525 1481 3631; x_wconf 87' lang='lat' dir='ltr'><strong>prelatis</strong></span> <span class='ocrx_word' id='word_1_189' title='bbox 1510 3525 1668 3617; x_wconf 88' lang='lat' dir='ltr'><strong>eisdem,</strong></span> <span class='ocrx_word' id='word_1_190' title='bbox 1697 3525 1819 3632; x_wconf 92' lang='lat' dir='ltr'><strong>quod,</strong></span> <span class='ocrx_word' id='word_1_191' title='bbox 1849 3556 1936 3603; x_wconf 90' lang='lat' dir='ltr'><strong>eum</strong></span> 
     </span>
    </p>
   </div>
   <div class='ocr_carea' id='block_1_5' title="bbox 400 3648 1938 3758">
    <p class='ocr_par' dir='ltr' id='par_1_6' title="bbox 400 3648 1938 3758">
     <span class='ocr_line' id='line_1_24' title="bbox 400 3648 1938 3758; baseline 0.006 -34"><span class='ocrx_word' id='word_1_192' title='bbox 400 3748 403 3753; x_wconf 27' lang='grc' dir='ltr'>Ι</span> <span class='ocrx_word' id='word_1_193' title='bbox 514 3648 635 3754; x_wconf 87' lang='lat' dir='ltr'><strong>major</strong></span> <span class='ocrx_word' id='word_1_194' title='bbox 658 3677 744 3754; x_wconf 89' lang='lat' dir='ltr'><strong>pars</strong></span> <span class='ocrx_word' id='word_1_195' title='bbox 764 3651 1068 3754; x_wconf 90' lang='lat' dir='ltr'><strong>Templariorum</strong></span> <span class='ocrx_word' id='word_1_196' title='bbox 1091 3653 1197 3758; x_wconf 89' lang='lat' dir='ltr'><strong>regni</strong></span> <span class='ocrx_word' id='word_1_197' title='bbox 1223 3654 1281 3730; x_wconf 88' lang='lat' dir='ltr'><strong>tui</strong></span> <span class='ocrx_word' id='word_1_198' title='bbox 1304 3656 1467 3731; x_wconf 89' lang='lat' dir='ltr'><strong>Parisius</strong></span> <span class='ocrx_word' id='word_1_199' title='bbox 1491 3671 1557 3731; x_wconf 90' lang='lat' dir='ltr'><strong>aut</strong></span> <span class='ocrx_word' id='word_1_200' title='bbox 1584 3656 1624 3731; x_wconf 90' lang='lat' dir='ltr'><strong>in</strong></span> <span class='ocrx_word' id='word_1_201' title='bbox 1649 3655 1858 3732; x_wconf 83' lang='lat' dir='ltr'><strong>senonensi</strong></span> <span class='ocrx_word' id='word_1_202' title='bbox 1880 3654 1938 3733; x_wconf 88' lang='lat' dir='ltr'><strong>vel</strong></span> 
     </span>
    </p>
   </div>
   <div class='ocr_carea' id='block_1_6' title="bbox 514 3777 1942 4923">
    <p class='ocr_par' dir='ltr' id='par_1_7' title="bbox 514 3777 1942 4923">
     <span class='ocr_line' id='line_1_25' title="bbox 514 3777 1937 3889; baseline 0.004 -36"><span class='ocrx_word' id='word_1_203' title='bbox 514 3778 728 3855; x_wconf 88' lang='lat' dir='ltr'><strong>Turonensi</strong></span> <span class='ocrx_word' id='word_1_204' title='bbox 746 3777 949 3884; x_wconf 90' lang='lat' dir='ltr'><strong>provinciis</strong></span> <span class='ocrx_word' id='word_1_205' title='bbox 967 3795 1199 3870; x_wconf 89' lang='lat' dir='ltr'><strong>tenerentur,</strong></span> <span class='ocrx_word' id='word_1_206' title='bbox 1222 3782 1276 3858; x_wconf 91' lang='lat' dir='ltr'><strong>eis</strong></span> <span class='ocrx_word' id='word_1_207' title='bbox 1294 3782 1493 3859; x_wconf 88' lang='lat' dir='ltr'><strong>videbatur</strong></span> <span class='ocrx_word' id='word_1_208' title='bbox 1513 3782 1714 3886; x_wconf 83' lang='lat' dir='ltr'><strong>expediens</strong></span> <span class='ocrx_word' id='word_1_209' title='bbox 1728 3782 1833 3888; x_wconf 93' lang='lat' dir='ltr'><strong>quod</strong></span> <span class='ocrx_word' id='word_1_210' title='bbox 1850 3810 1937 3889; x_wconf 91' lang='lat' dir='ltr'><strong>pro·</strong></span> 
     </span>
     <span class='ocr_line' id='line_1_26' title="bbox 516 3907 1938 4015; baseline 0.005 -32"><span class='ocrx_word' id='word_1_211' title='bbox 516 3934 641 3984; x_wconf 90' lang='lat' dir='ltr'><strong>cessus</strong></span> <span class='ocrx_word' id='word_1_212' title='bbox 661 3907 922 4015; x_wconf 90' lang='lat' dir='ltr'><strong>inquisicionis</strong></span> <span class='ocrx_word' id='word_1_213' title='bbox 936 3908 1159 4013; x_wconf 90' lang='lat' dir='ltr'><strong>hujusmodi</strong></span> <span class='ocrx_word' id='word_1_214' title='bbox 1176 3911 1334 3986; x_wconf 86' lang='lat' dir='ltr'><strong>deberet</strong></span> <span class='ocrx_word' id='word_1_215' title='bbox 1351 3911 1391 3987; x_wconf 92' lang='lat' dir='ltr'><strong>in</strong></span> <span class='ocrx_word' id='word_1_216' title='bbox 1406 3911 1505 3985; x_wconf 92' lang='lat' dir='ltr'><strong>dicta</strong></span> <span class='ocrx_word' id='word_1_217' title='bbox 1519 3909 1709 4014; x_wconf 89' lang='lat' dir='ltr'><strong>provincia</strong></span> <span class='ocrx_word' id='word_1_218' title='bbox 1730 3913 1938 3991; x_wconf 87' lang='lat' dir='ltr'><strong>Senonensi</strong></span> 
     </span>
     <span class='ocr_line' id='line_1_27' title="bbox 516 4035 1937 4155; baseline 0.006 -46"><span class='ocrx_word' id='word_1_219' title='bbox 516 4035 700 4126; x_wconf 71' lang='lat' dir='ltr'><strong>inchoari,</strong></span> <span class='ocrx_word' id='word_1_220' title='bbox 729 4035 802 4112; x_wconf 89' lang='lat' dir='ltr'><strong>tibi</strong></span> <span class='ocrx_word' id='word_1_221' title='bbox 833 4035 1010 4113; x_wconf 82' lang='lat' dir='ltr'><strong>duximus</strong></span> <span class='ocrx_word' id='word_1_222' title='bbox 1039 4038 1364 4144; x_wconf 89' lang='lat' dir='ltr'><strong>respondendum,</strong></span> <span class='ocrx_word' id='word_1_223' title='bbox 1399 4037 1504 4142; x_wconf 90' lang='lat' dir='ltr'><strong>quod</strong></span> <span class='ocrx_word' id='word_1_224' title='bbox 1526 4039 1573 4114; x_wconf 89' lang='lat' dir='ltr'><strong>de</strong></span> <span class='ocrx_word' id='word_1_225' title='bbox 1599 4057 1725 4155; x_wconf 78' lang='lat' dir='ltr'><strong>nostra</strong></span> <span class='ocrx_word' id='word_1_226' title='bbox 1748 4041 1937 4118; x_wconf 88' lang='lat' dir='ltr'><strong>voluntate</strong></span> 
     </span>
     <span class='ocr_line' id='line_1_28' title="bbox 516 4165 1939 4276; baseline 0.004 -38"><span class='ocrx_word' id='word_1_227' title='bbox 516 4165 687 4268; x_wconf 90' lang='lat' dir='ltr'><strong>procedit</strong></span> <span class='ocrx_word' id='word_1_228' title='bbox 707 4166 811 4270; x_wconf 92' lang='lat' dir='ltr'><strong>quod</strong></span> <span class='ocrx_word' id='word_1_229' title='bbox 832 4165 949 4242; x_wconf 90' lang='lat' dir='ltr'><strong>iidem</strong></span> <span class='ocrx_word' id='word_1_230' title='bbox 970 4166 1102 4272; x_wconf 89' lang='lat' dir='ltr'><strong>prelati</strong></span> <span class='ocrx_word' id='word_1_231' title='bbox 1123 4169 1218 4245; x_wconf 88' lang='lat' dir='ltr'><strong>circa</strong></span> <span class='ocrx_word' id='word_1_232' title='bbox 1238 4168 1311 4245; x_wconf 91' lang='lat' dir='ltr'><strong>hoc</strong></span> <span class='ocrx_word' id='word_1_233' title='bbox 1331 4185 1440 4274; x_wconf 88' lang='lat' dir='ltr'><strong>agant</strong></span> <span class='ocrx_word' id='word_1_234' title='bbox 1459 4168 1564 4276; x_wconf 87' lang='lat' dir='ltr'><strong>quod</strong></span> <span class='ocrx_word' id='word_1_235' title='bbox 1584 4168 1720 4245; x_wconf 91' lang='lat' dir='ltr'><strong>melius</strong></span> <span class='ocrx_word' id='word_1_236' title='bbox 1739 4168 1779 4242; x_wconf 90' lang='lat' dir='ltr'><strong>in</strong></span> <span class='ocrx_word' id='word_1_237' title='bbox 1801 4167 1939 4245; x_wconf 91' lang='lat' dir='ltr'><strong>eodem</strong></span> 
     </span>
     <span class='ocr_line' id='line_1_29' title="bbox 517 4293 1941 4405; baseline 0.007 -37"><span class='ocrx_word' id='word_1_238' title='bbox 517 4293 674 4399; x_wconf 91' lang='lat' dir='ltr'><strong>negocio</strong></span> <span class='ocrx_word' id='word_1_239' title='bbox 693 4294 855 4372; x_wconf 87' lang='lat' dir='ltr'><strong>viderint</strong></span> <span class='ocrx_word' id='word_1_240' title='bbox 876 4297 1062 4402; x_wconf 82' lang='lat' dir='ltr'><strong>expedire.</strong></span> <span class='ocrx_word' id='word_1_241' title='bbox 1079 4300 1282 4375; x_wconf 89' lang='lat' dir='ltr'><strong>Petebatur</strong></span> <span class='ocrx_word' id='word_1_242' title='bbox 1302 4299 1420 4377; x_wconf 87' lang='lat' dir='ltr'><strong>eciam</strong></span> <span class='ocrx_word' id='word_1_243' title='bbox 1440 4330 1461 4374; x_wconf 92' lang='lat' dir='ltr'><strong>a</strong></span> <span class='ocrx_word' id='word_1_244' title='bbox 1480 4299 1632 4404; x_wconf 88' lang='lat' dir='ltr'><strong>prelatis</strong></span> <span class='ocrx_word' id='word_1_245' title='bbox 1652 4298 1810 4390; x_wconf 90' lang='lat' dir='ltr'><strong>eisdem,</strong></span> <span class='ocrx_word' id='word_1_246' title='bbox 1835 4302 1941 4405; x_wconf 93' lang='lat' dir='ltr'><strong>quod</strong></span> 
     </span>
     <span class='ocr_line' id='line_1_30' title="bbox 517 4420 1941 4534; baseline 0.006 -36"><span class='ocrx_word' id='word_1_247' title='bbox 517 4422 556 4498; x_wconf 91' lang='lat' dir='ltr'><strong>in</strong></span> <span class='ocrx_word' id='word_1_248' title='bbox 577 4420 710 4500; x_wconf 91' lang='lat' dir='ltr'><strong>eadem</strong></span> <span class='ocrx_word' id='word_1_249' title='bbox 729 4424 918 4528; x_wconf 88' lang='lat' dir='ltr'><strong>provincia</strong></span> <span class='ocrx_word' id='word_1_250' title='bbox 939 4425 1148 4501; x_wconf 90' lang='lat' dir='ltr'><strong>Senonensi</strong></span> <span class='ocrx_word' id='word_1_251' title='bbox 1166 4427 1225 4503; x_wconf 87' lang='lat' dir='ltr'><strong>vel</strong></span> <span class='ocrx_word' id='word_1_252' title='bbox 1245 4426 1334 4504; x_wconf 90' lang='lat' dir='ltr'><strong>alibi</strong></span> <span class='ocrx_word' id='word_1_253' title='bbox 1355 4427 1423 4502; x_wconf 91' lang='lat' dir='ltr'><strong>ubi</strong></span> <span class='ocrx_word' id='word_1_254' title='bbox 1445 4427 1535 4504; x_wconf 89' lang='lat' dir='ltr'><strong>dicti</strong></span> <span class='ocrx_word' id='word_1_255' title='bbox 1550 4428 1754 4534; x_wconf 88' lang='lat' dir='ltr'><strong>Templarii</strong></span> <span class='ocrx_word' id='word_1_256' title='bbox 1770 4428 1941 4506; x_wconf 90' lang='lat' dir='ltr'><strong>detinen-</strong></span> 
     </span>
     <span class='ocr_line' id='line_1_31' title="bbox 516 4551 1941 4664; baseline 0.006 -39"><span class='ocrx_word' id='word_1_257' title='bbox 516 4566 591 4639; x_wconf 84' lang='lat' dir='ltr'><strong>tur,</strong></span> <span class='ocrx_word' id='word_1_258' title='bbox 609 4568 647 4624; x_wconf 93' lang='lat' dir='ltr'><strong>et</strong></span> <span class='ocrx_word' id='word_1_259' title='bbox 663 4551 729 4625; x_wconf 92' lang='lat' dir='ltr'><strong>ubi</strong></span> <span class='ocrx_word' id='word_1_260' title='bbox 743 4552 897 4653; x_wconf 90' lang='lat' dir='ltr'><strong>prelatis</strong></span> <span class='ocrx_word' id='word_1_261' title='bbox 913 4569 950 4629; x_wconf 90' lang='lat' dir='ltr'><strong>et</strong></span> <span class='ocrx_word' id='word_1_262' title='bbox 968 4551 1233 4631; x_wconf 89' lang='lat' dir='ltr'><strong>commissariis</strong></span> <span class='ocrx_word' id='word_1_263' title='bbox 1249 4557 1449 4662; x_wconf 90' lang='lat' dir='ltr'><strong>sepedictis</strong></span> <span class='ocrx_word' id='word_1_264' title='bbox 1468 4557 1670 4649; x_wconf 87' lang='lat' dir='ltr'><strong>videretur,</strong></span> <span class='ocrx_word' id='word_1_265' title='bbox 1693 4558 1883 4664; x_wconf 89' lang='lat' dir='ltr'><strong>inquirere</strong></span> <span class='ocrx_word' id='word_1_266' title='bbox 1904 4564 1941 4635; x_wconf 78' lang='lat' dir='ltr'><strong>&#39;et</strong></span> 
     </span>
     <span class='ocr_line' id='line_1_32' title="bbox 517 4677 1939 4790; baseline 0.009 -38"><span class='ocrx_word' id='word_1_267' title='bbox 517 4677 764 4782; x_wconf 89' lang='lat' dir='ltr'><strong>probaciones</strong></span> <span class='ocrx_word' id='word_1_268' title='bbox 788 4679 955 4784; x_wconf 88' lang='lat' dir='ltr'><strong>recipere</strong></span> <span class='ocrx_word' id='word_1_269' title='bbox 977 4698 1131 4786; x_wconf 91' lang='lat' dir='ltr'><strong>possent</strong></span> <span class='ocrx_word' id='word_1_270' title='bbox 1155 4684 1201 4761; x_wconf 88' lang='lat' dir='ltr'><strong>ab</strong></span> <span class='ocrx_word' id='word_1_271' title='bbox 1226 4686 1405 4764; x_wconf 92' lang='lat' dir='ltr'><strong>omnibus</strong></span> <span class='ocrx_word' id='word_1_272' title='bbox 1428 4713 1525 4790; x_wconf 87' lang='lat' dir='ltr'><strong>quos</strong></span> <span class='ocrx_word' id='word_1_273' title='bbox 1546 4685 1757 4763; x_wconf 90' lang='lat' dir='ltr'><strong>invenirent</strong></span> <span class='ocrx_word' id='word_1_274' title='bbox 1778 4687 1939 4779; x_wconf 90' lang='lat' dir='ltr'><strong>ibidem,</strong></span> 
     </span>
     <span class='ocr_line' id='line_1_33' title="bbox 520 4805 1942 4923; baseline 0.008 -40"><span class='ocrx_word' id='word_1_275' title='bbox 520 4805 690 4910; x_wconf 85' lang='lat' dir='ltr'><strong>quamvis</strong></span> <span class='ocrx_word' id='word_1_276' title='bbox 711 4835 779 4913; x_wconf 90' lang='lat' dir='ltr'><strong>per</strong></span> <span class='ocrx_word' id='word_1_277' title='bbox 798 4806 942 4887; x_wconf 90' lang='lat' dir='ltr'><strong>litteras</strong></span> <span class='ocrx_word' id='word_1_278' title='bbox 968 4811 1188 4916; x_wconf 86' lang='lat' dir='ltr'><strong>apostolicas</strong></span> <span class='ocrx_word' id='word_1_279' title='bbox 1211 4816 1264 4895; x_wconf 90' lang='lat' dir='ltr'><strong>eis</strong></span> <span class='ocrx_word' id='word_1_280' title='bbox 1290 4816 1421 4894; x_wconf 90' lang='lat' dir='ltr'><strong>missas</strong></span> <span class='ocrx_word' id='word_1_281' title='bbox 1447 4832 1638 4920; x_wconf 88' lang='lat' dir='ltr'><strong>oporteret</strong></span> <span class='ocrx_word' id='word_1_282' title='bbox 1661 4818 1762 4923; x_wconf 92' lang='lat' dir='ltr'><strong>ipsos</strong></span> <span class='ocrx_word' id='word_1_283' title='bbox 1781 4818 1829 4895; x_wconf 91' lang='lat' dir='ltr'><strong>ad</strong></span> <span class='ocrx_word' id='word_1_284' title='bbox 1854 4817 1942 4897; x_wconf 87' lang='lat' dir='ltr'><strong>alias</strong></span> 
     </span>
    </p>
   </div>
   <div class='ocr_carea' id='block_1_7' title="bbox 0 0 2048 6052">
    <p class='ocr_par' dir='ltr' id='par_1_8' title="bbox 0 0 2048 6052">
     <span class='ocr_line' id='line_1_34' title="bbox 0 0 2048 6052; baseline 0 0"><span class='ocrx_word' id='word_1_285' title='bbox 0 0 2048 6052; x_wconf 95' lang='lat' dir='ltr'><strong> </strong></span> 
     </span>
    </p>
   </div>
  </div>
 </body>
</html>
