4080 6052
537 558 609 631 saa
919 537 1113 633 avocas
1138 555 1232 628 nas
1257 552 1561 628 raurmaas.

534 696 656 784 fessis,
678 711 717 772 et
735 722 779 770 ex
793 694 1009 802 juramento
1035 693 1336 801 astringebantur
1354 694 1403 772 ad
1430 696 1568 772 dictam
1590 687 1886 797 professionem,
1919 709 1956 769 et

536 822 697 934 amplius
721 823 894 902 ordinem
917 854 995 904 non
1020 827 1136 915 exire3
1168 840 1207 900 et
1231 821 1382 902 videtur
1409 825 1443 902 ei
1474 823 1581 932 quod
1610 821 1683 898 boc
1712 820 1832 897 eciam
1857 836 1956 899 esset

536 972 662 1035 omtra
696 954 862 1060 primum
890 956 949 1034 vel
978 956 1187 1035 secundum
1217 954 1422 1059 capitulum
1452 952 1582 1062 regule
1611 979 1766 1039 eorum,
1788 943 1828 1026 in
1854 978 1950 1057 qno,

536 1087 634 1165 inter
653 1100 789 1173 cetera,
812 1085 1073 1163 continebatur
1091 1082 1195 1191 quod
1213 1082 1426 1161 volentibus
1445 1084 1585 1160 intrare
1612 1080 1758 1158 dictum
1779 1079 1953 1158 ordinem

535 1214 750 1320 legerentur
774 1231 860 1290 ante
885 1215 1011 1293 omnia
1035 1212 1195 1319 capitula
1222 1211 1352 1317 regule
1379 1240 1530 1300 eorum,
1557 1227 1597 1288 et
1622 1209 1728 1318 quod
1749 1208 1952 1315 probaren-

535 1360 609 1433 tur,
634 1343 739 1450 juxta
766 1342 974 1419 doctrinam
998 1340 1156 1448 apostoli
1183 1340 1342 1417 dicentis
1367 1340 1526 1445 probare
1553 1339 1724 1445 spiritus,
1750 1339 1783 1416 si
1808 1365 1854 1417 ex
1872 1338 1951 1417 Deo

536 1488 640 1563 sunt3
661 1497 736 1576 que
754 1497 830 1546 non
850 1469 1003 1548 bremae
1018 1485 1159 1546 servata
1178 1469 1218 1545 in
1236 1469 1456 1574 recepcione
1475 1469 1592 1575 ipsius
1609 1469 1734 1556 testis,
1759 1495 1830 1545 nec
1842 1468 1949 1557 vidit,

536 1629 605 1677 nec
630 1600 771 1677 audivit
789 1597 879 1691 dici,
901 1626 971 1676 nec
989 1599 1109 1676 credit
1126 1597 1232 1704 quod
1248 1615 1483 1675 servarentur
1502 1599 1542 1674 in
1559 1597 1840 1705 recepcionibus
1858 1598 1951 1675 alio-

535 1759 633 1808 rum.
665 1713 797 1807 Fiebat
825 1730 980 1834 insuper
1006 1729 1106 1805 'dicta
1134 1728 1303 1834 recepcio
1328 1745 1366 1805 et
1393 1727 1574 1833 professio
1598 1729 1639 1805 in
1664 1728 1792 1806 ordine
1819 1746 1951 1805 contra

536 1860 729 1970 quoddam
743 1860 980 1968 privilegium
993 1858 1255 1966 apostolicum,
1268 1859 1376 1966 quod
1387 1859 1539 1964 incipit:
1556 1859 1707 1938 «Omne
1724 1859 1850 1936 datum
1861 1860 1953 1965 opti·

538 2029 551 2060 ι
564 2020 687 2078 mum,
705 1990 771 2079 »in
782 2017 871 2095 quo,
882 1991 982 2065 inter
995 2006 1128 2077 cetera,
1142 1987 1505 2066 concessumfuiteis
1515 1988 1620 2094 quod
1630 1986 1953 2066 baberentfratres

454 2190 461 2202 ,
536 2119 772 2226 presbyteros
797 2135 835 2194 et
859 2118 1012 2195 clericos
1035 2118 1100 2224 qui
1125 2118 1294 2194 animum
1313 2144 1382 2225 pro
1402 2119 1512 2195 bonis
1532 2116 1735 2206 haberent;
1755 2118 1864 2225 quod
1879 2144 1952 2195 uon

538 2247 754 2325 servabatur
787 2248 826 2323 in
853 2247 1004 2339 ordine,
1035 2248 1124 2352 quia
1148 2249 1284 2325 eodem
1311 2246 1426 2324 modo
1447 2246 1725 2353 recipiebantur
1746 2245 1952 2356 presbyteri

467 2416 469 2419 ·
538 2395 576 2456 et
589 2376 725 2467 clerici,
748 2393 786 2453 et
804 2377 928 2454 statim
942 2403 1012 2483 pro
1026 2376 1202 2483 professis
1216 2377 1453 2454 habebantur
1463 2377 1559 2454 sicut
1573 2393 1612 2453 et
1629 2376 1705 2454 alii.
1725 2377 1839 2468 Item,
1853 2395 1954 2454 erant

537 2509 577 2584 in
597 2509 697 2585 dicto
718 2508 851 2586 ordine
873 2535 1006 2585 eorum
1031 2508 1155 2614 aliqua
1181 2507 1438 2615 prejudicialia
1460 2507 1623 2584 Ecclesie
1642 2509 1833 2597 Romane,
1855 2523 1898 2585 ut
1921 2508 1952 2584 ei

536 2641 695 2729 videtur,
717 2641 821 2747 quod
841 2669 886 2716 er
903 2639 1009 2715 nullo
1030 2638 1240 2746 gravamine
1258 2639 1299 2714 in
1314 2639 1446 2714 ordine
1470 2638 1523 2715 eis
1548 2637 1652 2729 illato
1676 2638 1726 2715 ad
1751 2640 1833 2716 ea'm
1850 2655 1956 2743 pota-

538 2787 620 2846 rant
634 2797 806 2848 recurere
827 2769 886 2846 vel
908 2767 1112 2876 appellare;
1138 2797 1208 2845 nec
1231 2768 1407 2876 Magister
1429 2770 1548 2877 major
1572 2766 1862 2846 confirmabatur
1883 2792 1952 2873 per

539 2897 677 2974 Sedem
697 2900 951 3004 apostolicam,
981 2899 1048 2975 sed
1070 2927 1114 2974 ex
1131 2897 1317 2976 eleccione
1337 2898 1494 3004 plenum
1511 2899 1576 3006 jus
1598 2897 1862 3006 assequebatur
1887 2894 1952 2973 ad-

538 3024 786 3102 ministrandi.
804 3029 915 3114 Item,
935 3030 1099 3133 quedam
1118 3028 1359 3106 servabantur
1378 3029 1418 3104 in
1438 3027 1570 3103 ordine
1590 3055 1667 3134 que
1688 3044 1809 3121 erant,
1824 3043 1870 3104 nt
1881 3025 1952 3104 sibi

538 3154 699 3245 videtur,
726 3174 853 3232 contra
879 3159 1048 3262 regulam
1074 3186 1223 3250 eorum,
1250 3158 1337 3264 quia
1358 3158 1537 3235 correctio
1558 3158 1716 3235 fratrum
1736 3158 1835 3236 ultra
1853 3185 1952 3235 mare

541 3285 798 3399 existencium,
828 3286 1037 3362 secundum
1063 3289 1229 3394 regalem
1260 3313 1409 3374 eorum,
1439 3287 1600 3364 debebat
1625 3288 1706 3364 fieri
1727 3288 1775 3364 de
1800 3288 1953 3365 consilio

538 3416 744 3520 patriarche
768 3415 1083 3506 Jerosolimitane‚
1111 3434 1154 3492 ut
1180 3418 1389 3493 secundum
1415 3417 1633 3523 qualitatem
1656 3417 1848 3522 culparum
1871 3444 1952 3493 mo-

539 3544 747 3625 deraretur·
767 3544 926 3652 qualitas
954 3574 1156 3651 penarum3
1187 3548 1292 3651 quod
1322 3563 1448 3622 tanam
1482 3574 1561 3623 non
1592 3544 1701 3623 fiebat
1730 3572 1799 3620 nec
1828 3572 1951 3623 serva·

537 3675 649 3750 batur
667 3676 705 3751 in
726 3675 858 3752 ordine
878 3676 1110 3781 supradicto,
1133 3675 1200 3751 sed
1219 3677 1345 3780 potius
1361 3678 1718 3766 contrariumltem,
1739 3675 1833 3751 dixit
1846 3675 1952 3782 quod

538 3806 714 3911 Magister
745 3823 783 3882 et
810 3823 1045 3912 preceptores
1073 3807 1317 3910 provinciales
1341 3835 1416 3883 non
1447 3807 1682 3884 sustinebant
1706 3807 1811 3913 quod
1838 3806 1951 3914 aliqui

537 3934 667 4013 fratres
687 3937 830 4013 ordinis
851 3936 1035 4013 baberent
1059 3937 1097 4011 in
1122 3937 1268 4042 scriptis
1295 3955 1331 4013 et
1356 3966 1470 4041 penes
1493 3967 1531 4014 se
1556 3940 1766 4015 retinerent
1788 3938 1951 4044 regulam

537 4092 687 4156 eorum,
708 4066 767 4142 vel
788 4084 925 4144 statuta
943 4067 1035 4142 facta
1054 4083 1138 4171 post
1159 4066 1296 4142 dictam
1323 4067 1507 4172 regulam,
1534 4096 1603 4144 neo
1629 4068 1754 4174 aliqua
1780 4067 1852 4143 alia
1870 4094 1951 4143 con·

537 4196 699 4272 tinenoia
718 4214 857 4273 statum
878 4215 916 4273 et
939 4214 1076 4301 puncta
1101 4197 1245 4274 ordinis
1267 4198 1346 4273 sine
1371 4197 1525 4273 licencia
1545 4198 1731 4304 ipsorum
1753 4213 1790 4273 et
1808 4196 1951 4273 videtur

537 4322 606 4426 ipsi
624 4327 707 4402 testi
730 4328 835 4431 quod
854 4328 927 4404 hoc
947 4344 1044 4404 esset
1063 4325 1299 4402 malefactum
1326 4344 1363 4402 et
1384 4327 1488 4433 quod
1508 4355 1550 4402 ex
1570 4327 1643 4404 hoc
1668 4345 1768 4404 esset
1793 4326 1949 4433 suspicio

536 4472 664 4531 contra
684 4485 763 4547 eos,
786 4473 825 4533 et
845 4457 937 4534 dixit
957 4484 995 4533 se
1013 4457 1148 4533 vidisse
1167 4456 1267 4532 ultra
1285 4485 1386 4533 marc
1408 4458 1523 4534 semel
1543 4458 1600 4533 vel
1618 4458 1676 4534 bis
1697 4456 1804 4563 quod
1824 4457 1950 4563 Magis·

535 4601 593 4660 ter
622 4587 711 4662 dicti
742 4588 900 4676 ordinis,
929 4589 994 4695 qui
1019 4616 1120 4663 nunc
1144 4606 1216 4679 est,
1242 4589 1410 4694 precepit
1433 4589 1537 4694 quod
1560 4617 1691 4665 omnes
1712 4587 1847 4665 fratres
1867 4588 1946 4664 dicti

536 4714 678 4790 ordinis
703 4715 885 4794 habentes
912 4747 950 4795 se
981 4719 1126 4826 aliquos
1155 4718 1271 4796 libros
1305 4736 1499 4825 tangentes
1522 4703 1719 4826 regulam,
1748 4736 1884 4797 statuta
1912 4734 1947 4793 et

535 4860 672 4949 puncta
696 4844 857 4933 ordinis,
882 4867 1121 4952 apportarent
1141 4850 1193 4941 εἰς
1224 4868 1368 4927 etcum
1392 4848 1551 4928 fuissent
1574 4851 1781 4958 apportati,
1814 4847 1948 4928 audivit
