4080 6052
693 527 889 622 rnoots
912 545 1010 618 ons
1035 543 1333 617 remetiens.
1651 544 1724 621 trs

310 696 460 774 celestis
482 691 633 783 anxilii,
662 707 751 782 etc.;
776 705 830 767 et,
845 685 1002 793 aspersit
1025 712 1167 792 aquam
1195 683 1433 761 benedictam
1464 710 1578 790 super
1595 686 1726 794 ipsum

308 844 458 916 tostem;
480 841 518 901 et
543 821 697 900 eosdem
722 819 927 928 psalmum,
951 813 1159 894 versiculos
1175 834 1217 894 et
1236 814 1449 893 oracionem
1475 814 1623 892 dicebat
1647 818 1725 923 ipse

307 956 411 1033 testis
428 954 580 1062 quando
594 948 1035 1057 aderatrecepcionibua
1049 947 1213 1024 fratrum
1226 946 1392 1034 ordinis,
1410 961 1447 1021 et
1456 944 1597 1052 aquam
1611 945 1727 1026 bone—

308 1085 447 1162 dictam
465 1083 815 1191 aspergebatsnpar
827 1108 913 1159 ωε.
931 1093 935 1100 “
957 1137 959 1141 ψ

364 1218 453 1294 Post
475 1214 642 1321 predicta
668 1213 791 1290 dictus
816 1228 989 1316 receptor
1013 1207 1107 1285 dixit
1126 1208 1166 1284 -ei
1191 1207 1476 1315 qnoddebebat
1496 1207 1725 1314 jacenercnm

309 1345 437 1454 caligis
453 1361 494 1422 et
512 1343 646 1451 pannis
670 1343 799 1430 lineis,
819 1340 979 1448 et-quod
999 1339 1163 1423 debebat
1187 1337 1284 1444 cingi
1306 1366 1423 1443 super
1447 1338 1566 1415 dictos
1584 1367 1727 1444 pannos

308 1504 383 1553 una
403 1475 558 1553 cordula
577 1491 731 1581 propter
749 1473 1003 1564 honestatem,
1017 1495 1132 1576 quam
1151 1467 1355 1544 cordulam.
1368 1484 1542 1573 poterant
1556 1469 1726 1576 »accipere

307 1606 411 1681 unde
437 1603 636 1696 volabant;
661 1619 748 1710 post
776 1629 851 1709 que
888 1600 1057 1709 precepit
1076 1597 1117 1676 ei
1141 1598 1367 1675 immediate
1397 1598 1501 1704 qnod
1528 1592 1728 1708 abnegaret

305 1735 430 1814 Deum
448 1751 489 1812 et
506 1750 662 1841 spueret
685 1761 802 1840 super
816 1759 975 1826 crucem
999 1728 1184 1818 montelli,
1203 1745 1248 1804 -et
1272 1729 1351 1834 ipse
1377 1727 1576 1838 abnegavit
1599 1733 1726 1808 Deum

305 1884 369 1942 ora
390 1865 615 1953 non-corde,
629 1882 674 1942 et
694 1865 798 1970 spuit
813 1863 865 1942 ad
883 1856 1133 1950 terram‚iron
1153 1886 1269 1964 snper
1285 1886 1434 1935 crucem
1454 1861 1639 1955 montelli,
1661 1864 1726 1940 sed

307 1993 423 2072 nichil
435 1985 609 2101 precepit
627 1992 675 2071 de
693 1993 825 2071 oscado
845 1992 1046 2070 inhonesto
1066 2016 1136 2067 nec
1157 1990 1204 2066 de
1219 1988 1382 2066 erimine
1397 1990 1640 2080 sodomitico,
1657 2018 1727 2085 nec

307 2124 412 2229 qnod
428 2124 648 2202 obmitteret
665 2123 779 2200 verba
796 2123 968 2214 emonis,
979 2149 1058 2199 neo
1076 2150 1245 2229 unquam
1257 2122 1436 2211 obmisit,
1453 2151 1522 2200 nec
1542 2126 1728 2232 scitquod

307 2253 369 2330 alii
392 2254 601 2363 presbyteri
622 2254 943 2340 obmitterent,·et
963 2253 1110 2329 audivit
1134 2254 1354 2359 frequenter
1372 2253 1413 2328 in
1426 2255 1552 2331 *domo
1578 2258 1727 2363 Templi

306 2385 544 2492 presbyteros
562 2385 707 2463 ordinis
726 2384 959 2463 celebrantes
975 2383 1146 2460 dicentes
1159 2383 1277 2460 verba
1298 2383 1465 2475 canonis,
1486 2400 1523 2459 et
1542 2385 1605 2460 alii
1624 2389 1730 2464 audi-

305 2533 440 2592 remnt
460 2516 508 2593 de
528 2517 625 2622 ipso,
647 2533 690 2593 et
709 2518 829 2594 credit
843 2515 952 2622 quod
972 2515 1183 2591 sacerdotes
1204 2531 1242 2590 et
1261 2512 1323 2589 alii
1339 2514 1540 2592 crederent
1560 2517 1730 2595 ecclesia-

306 2646 406 2723 sticis
426 2647 676 2724 sacramentis.

361 2776 478 2863 Item,
509 2778 557 2854 de
585 2776 770 2853 contentis
796 2775 836 2851 in
862 2776 995 2882 quinto
1021 2792 1059 2851 et
1081 2774 1261 2853 ommibus
1292 2774 1539 2879 sequentibus
1566 2779 1730 2856 articulis
1754 2863 1757 2866 Α

305 2907 502 3012 respondit
510 2935 550 2984 se
561 2906 678 2984 nichil
693 2907 787 2985 scire
802 2906 901 2983 ultra
911 2906 1016 3012 quod
1026 2933 1138 3011 supra
1154 2905 1340 3009 deposuit,
1359 2906 1594 3014 hocexcepto
1606 2911 1726 3017 quod,

306 3035 345 3112 in
362 3036 424 3113 die
438 3037 596 3114 Veneris
607 3053 747 3126 sancta,
764 3037 898 3112 devote
913 3053 949 3112 et
957 3053 1176 3113 reverenter
1191 3037 1230 3111 in
1248 3052 1451 3141 conspectu
1465 3039 1583 3117 totius
1596 3042 1728 3148 populi

306 3164 511 3243 adorabant
526 3195 675 3243 erucem
689 3167 728 3243 in
745 3167 926 3272 cepitnl03
947 3165 1011 3242 ille
1026 3167 1092 3272 qni
1106 3167 1265 3243 tenebat
1284 3167 1489 3272 capitulum
1510 3169 1727 3276 imponebat

305 3322 421 3399 penas
439 3296 682 3402 temporales,
700 3297 910 3377 secundum
931 3313 1068 3374 statuta
1087 3297 1242 3388 ordinis,
1262 3324 1331 3403 pro
1350 3297 1470 3403 culpis
1484 3301 1727 3376 manifestatis

306 3425 344 3501 in
359 3428 539 3532 capitulo,
553 3445 690 3504 etcum
707 3427 915 3533 capitulum
934 3427 1097 3506 debebat
1113 3429 1290 3535 separari,
1301 3427 1450 3506 -fiehant
1462 3430 1584 3505 multe
1599 3458 1728 3535 preces

305 3556 401 3632 sicut
418 3556 516 3634 fiunt
535 3558 575 3633 in
591 3557 771 3647 Ecclesia,
784 3575 823 3634 et
836 3559 1081 3664 postmodum
1096 3558 1159 3634 ille
1172 3560 1238 3664 qui
1258 3558 1412 3634 tenebat
1426 3559 1648 3665 capitulum,
1661 3565 1727 3666 qui

306 3702 385 3761 erat
403 3685 535 3777 laicus,
547 3687 695 3764 dicebat
708 3690 783 3765 ‘ista
799 3689 929 3764 verba:
939 3690 995 3765 De
1015 3689 1089 3765 hiis
1106 3717 1181 3794 que
1197 3688 1402 3765 obmisistis
1417 3691 1559 3779 dicere,
1574 3708 1727 3797 propter

305 3814 570 3890 verecundiam
587 3818 706 3894 carnis
720 3817 779 3893 vel
793 3835 948 3922 propter
963 3817 1141 3893 timorem
1155 3846 1337 3923 penarum
1353 3835 1392 3894 ct
1402 3821 1552 3926 justicie
1565 3822 1724 3909 ordinis,

307 3971 375 4019 nos
402 3942 558 4020 facimus
587 3944 694 4022 vobis
723 3946 829 4022 illam
856 3946 1136 4053 indulgenciam
1165 3975 1280 4053 quam
1304 3965 1523 4055 possumus,
1549 3970 1588 4029 et
1617 3950 1729 4028 frater

307 4090 435 4151 noster
445 4074 651 4182 presby-ter,
664 4076 731 4182 qui
748 4093 804 4154 est
820 4078 894 4167 hie,
911 4075 1019 4154 faciet
1032 4078 1331 4191 absolucionem:
1347 4096 1385 4155 et
1397 4097 1489 4156 tunc
1500 4080 1614 4159 frater
1625 4111 1728 4189 pres-

305 4205 414 4310 byter
433 4206 578 4284 dicebat
597 4206 794 4286 Confiteor
813 4210 852 4285 in
870 4209 1013 4317 vulgari
1027 4227 1074 4286 et
1094 4210 1317 4289 Misereatnr
1336 4213 1471 4301 nostri,
1500 4215 1597 4292 sicut
1616 4216 1660 4292 fit
1687 4216 1726 4290 in

306 4335 485 4427 Ecclesia,
503 4355 547 4413 et.
555 4339 677 4438 dictus
689 4339 795 4416 testis
810 4339 975 4416 habebnt
993 4369 1062 4446 pro
1083 4370 1216 4447 magna
1236 4342 1423 4420 derisione
1437 4343 1483 4447 in
1504 4345 1617 4423 corde
1637 4375 1721 4435 suo,

307 4480 350 4538 ut
365 4463 472 4552 dixit,
490 4467 580 4572 quia
597 4468 681 4544 laici
701 4486 873 4546 tenentes
892 4469 1065 4575 capitulio
1081 4471 1256 4548 dicebant
1275 4472 1343 4548 ista
1355 4474 1482 4563 verba,
1505 4475 1609 4580 quod
1628 4473 1724 4551 laee-

305 4610 392 4669 rent
410 4595 689 4700 indulgenciam
703 4597 870 4704 qualiter
887 4617 1071 4706 poterant.
1092 4618 1094 4623 ’
1146 4647 1149 4652 ,

363 4726 579 4831 Requisitus
605 4729 637 4806 si
662 4727 794 4807 iratres
813 4729 902 4808 dicti
923 4729 1067 4809 ordinis
1086 4731 1308 4822 credebant,
1331 4749 1486 4839 propter
1510 4734 1648 4816 dictam
1666 4736 1724 4812 in-

307 4852 543 4960 dulgenciam
565 4887 684 4966 quam·
708 4859 894 4940 faciebant
911 4860 1022 4969 layci,
1044 4888 1126 4940 esse
1144 4860 1309 4940 absoluti
1329 4893 1350 4941 a
1367 4864 1529 4970 peccatis
1548 4865 1642 4955 suis,
1664 4896 1723 4942 re-
