4080 6052
335 542 407 614 l02
719 515 913 610 esoces
938 533 1033 608 ons
1059 529 1362 606 rsureuurs.

335 681 513 790 Magister
536 677 660 757 nollet
683 703 856 756 emovere
885 676 1004 754 dictos
1031 697 1194 764 errores,
1215 672 1322 781 quod
1344 672 1425 778 ipse
1445 690 1648 751 amoveret
1677 700 1758 766 eos,

332 813 422 921 quia
449 811 547 887 bene
578 809 718 888 sciebat
735 809 843 918 qrrod
870 832 1002 885 omnes
1025 802 1157 883 intres
1179 798 1324 882 ordinis
1347 802 1386 878 in
1403 802 1480 880 hoc
1503 824 1760 911 sequerenusr

336 941 519 1032 eundem,
541 958 580 1016 et
599 958 705 1017 erant
721 957 813 1018 tun'c
832 939 872 1016 in
888 937 1009 1015 domo
1027 928 1177 1042 Templi
1197 935 1246 1012 de
1267 928 1458 1025 Vallibus,
1479 933 1582 1012 -ultrr
1598 937 1754 1046 Lugdu·

210 1174 212 1181 Ι
337 1101 428 1149 num
448 1099 516 1177 per
535 1097 573 1163 u
595 1071 763 1162 leuchas3
793 1068 890 1146 nulli
913 1085 1040 1145 temen
1059 1066 1215 1144 luerunt
1231 1080 1426 1172 presentes
1444 1063 1484 1139 in
1500 1063 1615 1144 dictis
1629 1068 1752 1148 'verbis

336 1201 473 1279 habitis
490 1200 589 1277 inter
606 1224 682 1278 eos.

392 1333 607 1438 Requisitus
623 1333 653 1408 si
669 1332 722 1409 sic
730 1330 908 1436 deposuit
921 1348 1044 1436 prere,
1055 1326 1412 1436 precepto,timore,
1430 1349 1577 1416 rmore,
1591 1326 1686 1406 odio
1696 1329 1753 1406 eet

335 1461 534 1567 temporali
550 1454 710 1538 comodo
725 1451 856 1536 liubito
871 1458 930 1536 uel
943 1459 1137 1550 habendo,
1154 1456 1350 1563 respondit
1366 1456 1473 1563 quod
1486 1480 1582 1548 non,
1601 1457 1669 1535 sed
1686 1486 1753 1566 pru

318 1593 489 1669 ¹veritate
517 1590 694 1685 dicenda3
721 1591 781 1668 cui
807 1589 879 1667 fuis
902 1590 1136 1699 injunctum,
1155 1614 1224 1696 per
1247 1585 1368 1664 dictos
1388 1587 1753 1668 dominoseommis-

336 1725 468 1813 sarios,
480 1725 519 1800 in
536 1725 673 1800 virtute
689 1722 894 1832 juramenti
914 1722 1060 1829 prestiti
1070 1742 1143 1828 per
1156 1719 1343 1810 eundern,
1357 1719 1464 1826 quod
1479 1739 1557 1795 nen
1572 1718 1750 1798 revelaret

224 1860 227 1867 '
336 1855 431 1930 lianc
452 1881 557 1930 suam
578 1852 857 1959 deposicionem
876 1872 1077 1960 quousque
1092 1850 1356 1928 =auestaci0nes
1375 1844 1519 1926 luerint
1536 1843 1729 1955 publicato.

392 1983 481 2059 Acta
497 1982 657 2060 luerunt
674 1984 745 2058 hec
766 1981 875 2059 dictis
890 1983 957 2059 die
970 1999 1016 2059 et
1032 1982 1133 2070 loco,
1150 1979 1390 2088 presentibus
1406 1971 1588 2090 magistro
1599 1980 1749 2076 Amiso,

335 2139 397 2187 me
418 2112 673 2188 F-loriamonte
688 2111 911 2201 Dondedei,
930 2130 968 2189 et
982 2113 1067 2190 aliis
1082 2112 1240 2190 notariis
1255 2134 1371 2216 supra
1391 2111 1530 2189 ultimo
1544 2113 1750 2191 nominatis.

393 2372 480 2447 Post
501 2371 589 2461 hee,
611 2370 674 2446 die
695 2357 818 2449 Sabrti
838 2373 1030 2479 sequenti,
1045 2392 1125 2479 'que
1146 2371 1218 2449 luit
1235 2399 1294 2450 xvi
1312 2371 1395 2448 dics
1414 2371 1506 2448 dicti
1531 2375 1674 2452 mensis
1699 2377 1752 2452 la·

335 2502 476 2589 nuan'i,
498 2500 570 2577 fuit
589 2501 775 2578 adductus
794 2504 842 2580 ed
860 2503 1297 2609 presencirmdictorum
1321 2502 1568 2580 dominorum
1581 2508 1754 2584 coturnis·

337 2634 539 2719 sariorum,
562 2632 601 2707 in
624 2633 739 2709 domo
763 2633 948 2738 predicta,
969 2633 1087 2711 frater
1102 2636 1218 2741 'lingo
1245 2635 1291 2711 de
1316 2633 1516 2711 Galmonte
1543 2635 1653 2713 miles
1677 2637 1753 2714 dio·

337 2765 430 2841 cesis
447 2762 719 2850 Ruthenensis,
736 2763 845 2839 testis
865 2790 977 2869 supra
992 2767 1159 2872 juretus,
1172 2780 1220 2840 ut
1236 2764 1445 2869 deponeret
1464 2759 1608 2842 dietum
1622 2790 1747 2858 saw,

337 2918 414 2968 non
436 2885 608 2969 deserens
627 2892 850 2970 mantellum
868 2894 1022 2986 ordinis,
1042 2894 1130 3001 quir
1147 2922 1286 3000 nuper,
1305 2895 1401 2970 eirca
1419 2894 1562 2972 festum
1576 2895 1749 2975 Omnium

339 3025 580 3115 Sanctorum,
603 3025 796 3103 dimiserat
817 3028 944 3132 ipsum
958 3015 1080 3119 ,⁸cnm
1103 3026 1236 3104 luisset
1259 3027 1486 3133 inquisitum
1507 3056 1596 3105 cum
1618 3056 1663 3106 eo
1687 3056 1752 3135 per

339 3153 539 3229 dominum
559 3154 777 3259 episcopum
797 3149 1061 3249 Parisiensem,
1084 3174 1121 3233 et
1141 3157 1336 3233 absolutus
1355 3175 1394 3233 et
1406 3159 1675 3237 reconsiliatus
1691 3149 1755 3266 per

341 3311 449 3373 eum,
467 3283 623 3359 barbam
648 3301 773 3363 autem
798 3285 1004 3375 deferebat,
1026 3288 1131 3393 quia,
1153 3305 1197 3364 ut
1216 3288 1324 3376 dixit,
1347 3289 1510 3393 pecierat
1528 3316 1548 3363 e
1569 3289 1673 3367 dicto
1699 3292 1756 3366 do

339 3414 443 3489 mino
472 3414 647 3520 episcopo
676 3433 713 3491 et
740 3416 821 3492 aliis
849 3418 877 3492 si
902 3417 1040 3493 laceret
1059 3446 1141 3492 sum
1165 3419 1235 3494 sibi
1260 3419 1358 3506 radi,
1392 3435 1427 3494 et
1449 3417 1654 3492 noluerunt
1679 3418 1749 3494 sibi

339 3542 594 3650 dicere-quod
619 3545 771 3622 raderet
794 3546 851 3623 vel
875 3574 951 3622 non
976 3545 1139 3634 rederet,
1169 3549 1236 3625 sed
1261 3574 1327 3624 sue
1351 3545 1527 3624 voluntati
1558 3545 1749 3653 relinque-

337 3692 428 3751 runt
449 3704 557 3764 eum,
579 3693 616 3751 et
635 3677 806 3783 portabat
823 3703 1012 3753 eumcum
1032 3677 1244 3755 intencione
1265 3680 1370 3785 quod
1388 3705 1572 3784 nusquam
1590 3694 1690 3754 esset
1705 3679 1749 3754 de

339 3806 463 3913 aliqua
482 3807 681 3914 religione,
703 3836 780 3884 non
801 3809 848 3885 ad
867 3808 1152 3914 approbandum
1171 3810 1315 3885 dictum
1335 3810 1510 3886 ordinem
1528 3809 1680 3915 Templi
1699 3810 1753 3886 vel

338 3937 638 4043 reprobandum,
660 3955 698 4014 et
718 3956 796 4025 eret
816 3940 922 4017 etatis
936 3911 1088 4015 circiter
1103 3965 1123 4015 ι
1139 3966 1337 4016 annorum.
1355 3941 1478 4016 Lectis
1499 3957 1627 4016 autem
1640 3957 1687 4017 et
1702 3939 1752 4016 di-

219 4048 221 4053 ·
338 4066 498 4175 ligenter
520 4069 596 4145 sibi
627 4070 802 4175 expositis
827 4071 1004 4148 omnibus
1030 4088 1068 4146 et
1092 4070 1248 4178 singulis
1278 4071 1465 4159 articulis,
1493 4070 1689 4176 respondit
1711 4070 1750 4145 rd

342 4224 424 4288 eos,
440 4215 477 4273 et
488 4199 612 4303 primo
627 4201 674 4276 ad
685 4201 828 4305 primos
847 4216 936 4290 11110‘,
953 4218 997 4277 ut
1011 4202 1203 4307 sequitur:
1219 4200 1394 4277 videlicet
1409 4229 1449 4276 se
1463 4202 1612 4277 nescire
1626 4201 1752 4277 sicon-

337 4343 441 4401 tenta
460 4327 498 4402 in
520 4328 628 4406 dictis
646 4330 812 4407 articulis
832 4348 937 4412 eram
953 4356 1039 4409 vera
1060 4332 1118 4408 vel
1135 4358 1236 4422 non,
1258 4332 1347 4438 quia
1367 4359 1443 4407 non
1460 4330 1686 4408 interfuerat
1703 4358 1751 4405 re

337 4456 504 4560 cepcioni
525 4459 682 4567 alicujus
702 4461 854 4538 alterius
874 4461 996 4540 fratris
1016 4463 1055 4537 in
1076 4461 1222 4552 ordine,
1240 4490 1311 4537 nec
1331 4461 1503 4568 capitulis
1523 4488 1676 4553 eorum,
1690 4484 1749 4537 uec

337 4584 459 4662 luerat
479 4586 593 4694 longo
612 4608 783 4697 tempore
805 4594 843 4669 in
864 4594 1017 4684 ordine,
1037 4592 1214 4670 credebat
1234 4610 1360 4669 tamen
1381 4592 1486 4699 quod
1506 4593 1749 4670 communiter

336 4716 591 4818 reciperentur
615 4721 746 4802 fratres
766 4726 805 4801 in
827 4726 958 4803 ordine
978 4726 1075 4802 sieut
1095 4725 1169 4802 luit
1191 4725 1269 4830 ipse
1283 4743 1478 4830 receptus,
1499 4724 1598 4800 circa
1614 4725 1744 4803 :festum

336 4843 535 4922 nativitatis
562 4846 663 4925 beati
687 4856 866 4934 Johannis
884 4857 1047 4964 Baptiste
1066 4857 1290 4964 preteritum
1309 4855 1466 4933 luerunt
1486 4882 1546 4934 rvr
1567 4856 1669 4943 unni,
1682 4877 1746 4959 per
