4080 6052
540 523 613 594 ssa
931 493 1569 594 reeensuasrrursreas.

538 662 630 767 tatia¹
642 684 712 765 pro
733 657 879 735 meliori
894 657 958 735 tel.
968 659 1088 766 pejori
1109 657 1190 735 sine
1209 656 1580 764 lieentiasuperioria
1595 655 1720 732 vestri.
1736 630 1960 766 Quilomje

538 791 641 880 ratis,
664 789 757 868 (lixit
776 789 854 866 eis:
873 790 952 868 Vos·
962 790 1180 896 recipimus,
1198 800 1322 894 patres
1343 805 1531 866 etmntres
1544 798 1702 878 vestros,
1724 803 1766 863 et
1784 785 1890 864 duee
1902 789 1964 867 vel

537 939 613 1005 tres
638 949 682 998 ex
707 920 837 998 amieis
857 922 990 999 vestris
1014 946 1111 1028 quos
1134 919 1313 996 duxeritis
1337 919 1533 1026 eligendos
1557 917 1610 995 ad
1628 917 1957 1027 participationem

535 1053 726 1130 bonorum
745 1052 997 1158 spiritualium
1017 1051 1201 1131 laetorum
1226 1067 1265 1127 st
1283 1049 1545 1128 faciendorum
1563 1050 1607 1126 in.
1624 1048 1765 1126 ordine
1780 1077 1809 1124 a
1820 1049 1957 1155 prinei*

536 1183 600 1288 pio
621 1211 740 1290 usque
759 1183 807 1260 ad
822 1182 951 1261 linem.
971 1185 1021 1260 Er
1038 1181 1115 1261 hiis
1131 1182 1242 1259 dictio
1258 1181 1383 1257 induit
1397 1209 1464 1258 eos
1478 1178 1692 1270 mantellos,
1709 1192 1750 1257 et
1766 1178 1954 1258 allnblnrit

536 1314 610 1403 eis,
634 1331 672 1391 et
695 1313 912 1390 affublando
938 1314 1063 1391 dietus
1086 1312 1201 1389 frater
1223 1311 1464 1418 Raymondus
1488 1311 1525 1387 la
1547 1312 1660 1391 costa
1683 1310 1877 1416 presbiter
1898 1311 1955 1389 di·

536 1444 644 1519 cehat
666 1443 878 1548 psalrnam:
900 1442 1023 1519 -Eooe
1047 1470 1164 1548 qaam
1180 1441 1336 1519 bonnm
1355 1459 1393 1518 et
1418 1469 1532 1548 quam
1553 1440 1771 1549 jocundum
1785 1440 1953 1521 habitare

468 1606 473 1613 ·
537 1572 696 1649 «fratres
716 1573 759 1648 in
779 1600 947 1662 unum»
967 1589 1006 1649 et
1024 1573 1249 1650 versiculos:
1267 1570 1401 1650 ·Mitte
1419 1572 1671 1649 eisamilium
1691 1571 1953 1660 dasanoto,.et

536 1700 681 1778 «nichil
699 1703 873 1808 proficiat
898 1703 1073 1779 inimicus
1099 1704 1138 1779 in
1170 1703 1268 1791 cisa
1295 1728 1390 1778 eum
1411 1701 1584 1779 macione
1609 1701 1739 1780 Sancti
1757 1700 1949 1807 spiritur:

536 1832 680 1922 «Deus,
702 1833 767 1939 qui
794 1833 906 1910 corda
926 1831 1122 1919 fidelium,
1138 1849 1207 1908 ete.
1223 1833 1403 1908 »Ettunc
1423 1832 1599 1939 magister
1616 1831 1769 1910 ahma
1782 1859 1861 1922 eos,
1879 1860 1949 1938 per

490 2012 493 2018 -
535 1988 670 2039 manus
693 1990 844 2040 sarsum
868 1963 1057 2041 moulatne
1075 1961 1151 2039 fnit
1169 1986 1235 2040 eos
1259 1962 1303 2038 irr
1319 1988 1400 2052 ore,
1421 1979 1457 2038 et
1476 1961 1625 2039 videtur
1647 1963 1683 2039 ei
1704 1961 1812 2068 quod
1833 1960 1953 2041 dean·

534 2091 778 2195 presbiteret
794 2093 934 2171 milites
953 2110 1114 2171 astantes
1131 2091 1287 2169 filerunt
1306 2091 1477 2170 similiter
1496 2092 1652 2170 osculati
1672 2121 1737 2170 eos
1757 2092 1798 2168 in
1817 2116 1897 2169 ore.

588 2221 678 2298 Post
688 2245 764 2329 que
780 2222 901 2300 (fictus
917 2206 1103 2330 magister,
1119 2247 1316 2329 ponenese
1334 2221 1382 2298 ad
1396 2220 1729 2312 sedendum,secit
1739 2249 1806 2300 eos
1822 2222 1953 2300 sedeo

527 2351 632 2457 juxta
648 2353 767 2458 pedes
781 2380 885 2443 suos,
901 2371 941 2431 et
954 2350 1369 2440 consedentibusdietis
1384 2352 1564 2431 fremens
1575 2353 1642 2460 qni
1657 2352 1848 2443 astabam,
1865 2353 1955 2431 dirit

533 2483 587 2558 eis
604 2485 711 2589 quod
730 2483 893 2562 multum
909 2472 1103 2571 ,debebant
1120 2485 1243 2573 lateri,
1264 2485 1354 2592 quia
1372 2484 1558 2562 Dominus
1577 2484 1807 2590 pmdnnerat
1824 2512 1895 2562 sos
1907 2485 1955 2563 rd

529 2630 610 2689 tarn
622 2614 789 2692 nobilem
804 2616 1027 2723 religionem
1044 2617 1146 2693 sient·
1159 2633 1238 2694 erat
1256 2614 1393 2692 milicia
1407 2615 1573 2721 Templi,
1591 2633 1630 2692 et
1642 2616 1754 2721 quod
1766 2615 1953 2694 debebant

530 2745 601 2821 silai
623 2745 788 2823 multum
807 2774 1002 2853 precavere
1022 2747 1126 2854 quod
1144 2772 1221 2824 non
1236 2744 1403 2823 lacerent¹
1418 2745 1733 2853 aliquidpropter
1746 2747 1854 2852 quod·
1864 2773 1950 2850 por-

532 2875 666 2964 derent
685 2876 823 2953 dietam
842 2875 1081 2986 religionem,
1104 2894 1145 2954 et
1158 2875 1263 2983 quod
1279 2874 1354 2953 hoc
1373 2904 1449 2952 non
1469 2874 1635 2982 placeret
1651 2876 1754 2966 Deo,
1772 2873 1947 2982 adjiciens

531 3001 638 3107 qued·
647 3003 762 3110 aliqui
776 3034 882 3082 casus
892 3024 998 3083 erant
1005 3024 1160 3113 propter
1170 3030 1265 3112 quos
1275 3023 1431 3112 possent
1439 3006 1599 3111 perdere
1609 3002 1944 3098 dictumesth'nem,

532 3149 570 3207 et
582 3131 703 3238 aliqui
711 3151 865 3240 propter
879 3163 977 3241 ques
986 3156 1139 3242 possent
1150 3137 1310 3242 perdere
1327 3137 1500 3215 habitum
1514 3137 1603 3213 dieti
1619 3136 1776 3224 ordinis,
1787 3136 1948 3244 et-aliqui

530 3279 684 3368 propter
695 3265 1082 3371 quossubjicerentur
1098 3266 1179 3343 aliis
1191 3266 1299 3372 penis
1312 3269 1358 3343 de
1376 3267 1516 3371 quibus
1531 3267 1731 3372 explicaret·
1743 3266 1949 3345 eiaillosde

529 3393 669 3498 quibus
679 3397 951 3483 recordaretur,
965 3415 1001 3473 et
1010 3396 1101 3474 alios
1113 3397 1347 3502 inquirerent
1363 3396 1775 3505 diligenteralratribus
1785 3396 1874 3472 dicti
1886 3423 1947 3472 or·

531 3523 644 3615 dinis,
660 3543 703 3601 et·
710 3527 812 3604 inter*
820 3527 890 3603 alia
900 3527 1057 3603 dlxit‘eis
1072 3528 1181 3632 qnod·
1191 3527 1348 3602 domum
1359 3529 1570 3633 perderent,
1587 3529 1616 3604 si
1628 3526 1867 3604 simoniaeum
1883 3526 1945 3601 ha·

529 3653 699 3732 buissent
714 3656 926 3766 ingressum
935 3659 983 3734 ad
994 3658 1131 3733 dictam
1141 3654 1379 3764 religionem,
1393 3658 1422 3733 si
1434 3657 1641 3733 revelarent
1656 3654 1947 3759 semisopito

445 3864 454 3879 ,
530 3771 809 3894 lornm=quibus
818 3789 1041 3866 interessent
1052 3788 1355 3895 quibuscumque
1366 3785 1776 3875 fratribus-ordinaret
1789 3784 1872 3863 aliis
1881 3815 1949 3892 qur

529 3944 605 3992 non
617 3917 823 3998 adfuissent
837 3920 876 3995 in
892 3919 957 4008 eis,
973 3938 1010 3996 et
1027 3919 1056 3996 si
1074 3937 1197 3996 essent
1211 3919 1365 4000 convicti
1380 3919 1509 3996 dolose
1525 3916 1948 3996 interfecissechristia-

530 4074 621 4123 num
631 4049 962 4141 vel‘Christianarn,
979 4068 1073 4126 etex
1086 4052 1158 4127 hoc
1171 4049 1287 4125 eciam
1300 4049 1339 4123 in
1353 4076 1497 4125 carcere
1507 4065 1943 4156 perpetuo-ponerentur,

529 4179 557 4249 si
580 4198 707 4256 essent·
728 4180 951 4257 convictide
977 4179 1186 4273 latrocinio,
1207 4208 1276 4287 per
1300 4181 1405 4285 quod
1426 4182 1550 4257 eciam·
1565 4179 1831 4287 intelligebant
1847 4178 1948 4284 quod·

529 4333 605 4382 non
626 4311 773 4405 exirent·
790 4312 860 4387 nisi
881 4340 951 4417 per
970 4329 1097 4418 portas
1113 4329 1324 4396 consuetas,
1345 4312 1451 4417 quod
1470 4338 1548 4389 non
1567 4307 1733 4404 lacerent
1754 4308 1945 4388 contrade

527 4465 606 4528 ves;
624 4441 653 4516 si
676 4461 800 4519 essent
817 4442 970 4519 convicti
991 4443 1042 4518 de¹
1059 4442 1215 4520 crimine
1236 4442 1476 4529 sodomitico,
1490 4469 1560 4549 pro
1580 4471 1658 4551 quo
1679 4443 1799 4519 eciam
1814 4443 1853 4517 in
1875 4469 1945 4517 ear·

527 4594 609 4644 cere
628 4589 813 4676 perpetuo
829 4590 1065 4661 tenerentun
1085 4573 1115 4648 si
1138 4575 1232 4663 duo,
1249 4573 1304 4648 vel
1321 4589 1416 4662 tres,
1430 4573 1488 4649 vel
1510 4574 1641 4678 plures
1658 4601 1702 4649 ex
1723 4573 1834 4678 ipsis,
1850 4600 1944 4649 eom·

528 4698 633 4771 nruni
657 4701 813 4776 oonsilio
831 4720 869 4777 et
892 4703 1051 4780 factione
1072 4702 1163 4779 falso
1185 4702 1369 4781 defferent
1394 4703 1557 4809 aliquem
1588 4702 1834 4780 exlratribua
1859 4699 1941 4778 dicti

527 4825 687 4914 ordinis,
714 4845 751 4903 et
776 4830 822 4906 de
842 4833 915 4910 hiis
935 4853 1064 4911 essent
1080 4835 1234 4912 convicti
1260 4863 1328 4940 per
1352 4832 1484 4912 eorum
1504 4834 1774 4920 confessiones,
1794 4833 1853 4910 vel
1876 4856 1940 4937 per
