4080 6052
531 545 600 615 172
871 530 877 541 '
912 520 1105 614 rnocts
1131 537 1226 610 nns
1250 534 1552 609 rnurcisns.

526 678 769 786 responderat
788 680 842 756 eis
861 681 966 787 quod
987 707 1063 756 non
1082 705 1208 755 coram
1229 676 1301 764 eis,
1319 675 1407 780 quia
1426 689 1636 753 reservatus
1654 701 1723 778 per
1742 672 1943 753 dominum

526 815 677 917 Papam,
695 828 733 887 et
751 811 901 917 quando
926 826 1022 887 esset
1040 838 1127 884 cum
1148 834 1210 895 eo,
1229 806 1369 882 diceret
1387 804 1493 912 quod
1508 804 1578 882 sibi
1600 803 1808 897 videretur,
1830 825 1945 911 prout

525 942 717 1048 responsio
737 942 824 1017 dicti
846 942 1011 1047 Magistri
1026 968 1138 1045 supra
1156 937 1305 1043 plenius
1326 937 1549 1013 continetur.

583 1076 692 1157 Item,
715 1073 763 1149 ad
782 1073 900 1149 multa
920 1071 1080 1177 aliaque
1097 1070 1168 1176 ipsi
1188 1067 1319 1145 fratres
1334 1096 1355 1143 a
1370 1068 1479 1144 dictis
1499 1066 1661 1143 dominis
1681 1066 1943 1147 commissariis

525 1204 716 1309 petebant,
737 1220 814 1278 tam
829 1204 869 1279 in
884 1203 1028 1309 scriptis
1043 1229 1157 1307 quam
1175 1199 1255 1277 sine
1269 1199 1434 1305 scriptis,
1451 1198 1728 1304 responderunt
1742 1198 1847 1302 quod
1866 1228 1943 1276 non
1998 1306 2004 1319 .

526 1331 748 1410 extendebat
767 1361 806 1408 se
826 1349 989 1436 potestas
1013 1361 1146 1409 eorum
1179 1331 1226 1407 ad
1254 1330 1334 1421 illa,
1365 1330 1432 1406 sed
1463 1345 1637 1436 rogarent
1665 1327 1827 1405 libenter
1857 1330 1943 1409 illos

524 1465 579 1541 ad
595 1491 690 1568 quos
710 1461 947 1566 pertinebant
966 1461 1071 1568 quod
1088 1462 1234 1540 bonum
1254 1459 1359 1567 quod
1381 1477 1535 1564 possent
1553 1459 1672 1535 lacere
1694 1459 1802 1536 dictis
1822 1457 1940 1536 fratri·

524 1594 596 1669 bus
610 1591 787 1676 facerent,
806 1609 844 1666 et
858 1591 1047 1669 curialiter
1061 1609 1099 1669 et
1111 1592 1326 1668 humaniter
1336 1609 1536 1668 tractarent
1550 1590 1721 1682 eosdem,
1733 1591 1943 1669 secundum

525 1721 804 1798 ordinacionem
823 1740 861 1798 et
880 1722 1151 1829 injunctionem
1169 1722 1362 1798 reverendi
1378 1722 1492 1827 patris
1507 1722 1649 1799 domini
1667 1721 1706 1798 P.
1726 1720 1848 1799 divina
1860 1724 1945 1800 Pro

524 1852 691 1929 videncla
706 1853 868 1958 episcopi
885 1854 1109 1939 Penestrini,
1130 1853 1197 1959 qui
1212 1881 1260 1928 ex
1281 1855 1543 1930 commissione
1559 1852 1702 1929 domini
1719 1852 1813 1958 Pape
1827 1855 1943 1931 habet

525 1984 732 2061 custodiam
753 1983 986 2060 corumdem.
1005 1986 1052 2061 Et
1071 1984 1145 2060 hiis
1160 1983 1284 2070 dictis,
1302 1983 1391 2060 dicti
1413 1984 1556 2060 domini
1576 1984 1818 2060 commissarii
1838 1985 1943 2060 dixe·
2022 2026 2029 2046 ι

524 2129 613 2188 runt
639 2113 781 2188 eisdem
810 2111 985 2189 fratribus
1004 2141 1073 2219 pro
1094 2143 1133 2189 se
1155 2131 1192 2190 et
1211 2112 1291 2189 aliis
1316 2112 1422 2220 quod
1452 2114 1655 2219 procedere
1682 2115 1873 2203 volebant,
1907 2132 1943 2191 et

524 2242 811 2348 agrediehantur
832 2243 1030 2348 negocium
1051 2243 1309 2348 inquisicionis
1329 2240 1497 2320 faciende
1518 2272 1631 2350 super
1651 2244 1816 2320 articulis
1836 2274 1856 2320 a
1876 2244 1942 2322 do·

525 2372 627 2447 mino
644 2373 740 2476 Papa
760 2371 829 2448 sibi
846 2372 984 2463 missis,
1001 2375 1210 2451 secundum
1225 2374 1401 2452 traditam
1423 2373 1477 2450 eis
1493 2373 1669 2460 formam,
1689 2374 1888 2451 offerentes
1907 2392 1943 2450 et

525 2503 690 2580 dicentes
717 2503 860 2580 eisdem
886 2505 990 2609 quod
1016 2506 1377 2610 quocienscumque,
1403 2505 1519 2579 eciam
1547 2528 1667 2607 usque
1694 2504 1743 2576 ad
1771 2504 1941 2609 inqueste

524 2633 818 2723 conclusionem,
841 2632 984 2738 aliquid
1003 2633 1143 2708 vellent
1163 2634 1288 2707 dicere
1306 2631 1366 2707 vel
1380 2657 1591 2735 proponere
1612 2629 1659 2705 ad
1684 2628 1941 2711 defensionem

525 2760 683 2851 ordinis,
703 2763 772 2866 ipsi
787 2760 903 2865 parati
925 2777 1029 2835 erant
1051 2761 1235 2864 recipere,
1257 2777 1294 2836 et
1318 2761 1542 2866 reciperent,
1565 2776 1603 2836 et
1622 2778 1806 2863 ponerent
1824 2763 1863 2836 in
1888 2765 1943 2840 in-

525 2907 671 2993 questa,
687 2907 723 2965 et
744 2891 907 2966 facerent
922 2889 1027 2995 quod
1047 2888 1240 2966 deberent.
1328 2942 1331 2947 Δ

581 3018 669 3095 Acta
689 3019 843 3095 fuerunt
863 3021 932 3096 hec
950 3019 1128 3124 predictis
1147 3020 1209 3096 die
1225 3036 1261 3096 et
1275 3019 1382 3106 locis,
1400 3020 1638 3124 presentibus
1653 3021 1699 3096 ad
1717 3050 1759 3095 oa
1774 3052 1848 3127 que
1865 3022 1942 3099 fue-

525 3166 614 3226 runt
626 3149 718 3226 facta
728 3151 767 3225 in
782 3150 878 3226 dicta
892 3149 1032 3255 capella
1045 3150 1219 3256 magistro
1231 3151 1373 3227 Amisio
1383 3151 1679 3256 supradictumo
1691 3151 1939 3231 Floriamonte

526 3281 724 3357 Dondedei
747 3297 784 3356 et
804 3280 883 3358 aliis
900 3281 1053 3357 notariis
1067 3281 1259 3386 predictis,
1281 3297 1395 3386 prout
1415 3299 1469 3357 est
1484 3282 1656 3386 superius
1672 3281 1910 3359 declaratum.

582 3545 669 3621 Post
690 3575 780 3650 que,
804 3547 864 3623 die
885 3547 1010 3623 Sabati
1030 3548 1202 3652 sequenti
1219 3562 1303 3622 ante
1320 3548 1455 3621 Ramos
1474 3545 1700 3650 palmarum,
1723 3574 1796 3650 que
1818 3545 1889 3621 fuit
1906 3572 1939 3621 xi

527 3675 606 3750 dies
630 3678 768 3753 mensis
789 3677 943 3783 Aprilis,
965 3698 1221 3754 convenerunt
1235 3679 1274 3753 in
1296 3677 1394 3753 dicta
1414 3676 1553 3782 capella
1573 3678 1773 3782 supradicti
1799 3678 1938 3753 domini

526 3805 823 3912 archiepiscopus
847 3808 1111 3898 Narbonensis,
1138 3809 1363 3915 Bajocensis,
1391 3808 1619 3885 Mimatensis
1637 3825 1688 3883 *et
1711 3808 1941 3884 Lemovicen·

526 3936 575 4012 sis
589 3936 768 4042 episcopi,
785 3937 958 4015 Matheus
974 3939 1020 4015 de
1036 3939 1191 4044 Neapoli
1207 3957 1244 4016 et
1259 3939 1541 4015 archidiaconus
1554 3938 1840 4044 Magalonensis,
1864 3939 1940 4041 (do-

526 4067 628 4142 mino
657 4069 916 4146 archidiacono
941 4069 1164 4146 Tridentino
1185 4099 1223 4146 se
1247 4069 1373 4176 quoad
1402 4070 1624 4146 hodiernam
1647 4070 1745 4144 diem
1775 4069 1940 4172 legitime

527 4202 737 4301 excusante)
765 4217 802 4275 et
828 4200 970 4276 ibidem
998 4201 1200 4306 supradicti
1219 4201 1364 4277 domini
1384 4201 1626 4277 commissarii
1643 4199 1943 4275 deliberaverunt

526 4326 624 4402 inter
643 4357 680 4404 se
704 4333 807 4435 quod
830 4331 960 4436 prefati
978 4330 1108 4408 fratres
1121 4333 1159 4408 P.
1183 4332 1229 4408 de
1250 4332 1419 4408 Bononia
1442 4347 1660 4436 procurator
1673 4329 1815 4406 ordinis
1835 4332 1942 4406 Tem-

525 4458 594 4559 pli,
610 4475 654 4534 ut
670 4460 821 4550 dicitur,
837 4462 875 4536 in
891 4462 993 4538 curia
1005 4464 1188 4553 Romana,
1204 4465 1245 4539 R.
1266 4461 1312 4538 de
1327 4463 1465 4538 Pruino
1487 4462 1701 4567 presbiteri,
1715 4461 1940 4540 Guillclmus

526 4586 572 4660 de
608 4587 870 4667 Chambonnot
895 4609 931 4667 et
956 4592 1183 4669 Bertrandus
1213 4592 1259 4669 de
1286 4592 1448 4699 Sartiges
1477 4593 1630 4683 milites,
1658 4595 1723 4699 qni
1753 4621 1938 4669 unacum

525 4713 752 4816 quibusdam
774 4719 854 4794 aliis
873 4719 1021 4797 fuerant
1040 4724 1291 4801 communiter
1306 4724 1488 4800 nominati
1510 4754 1529 4799 a
1545 4723 1719 4800 fratribus
1735 4725 1800 4829 qui
1822 4752 1860 4799 se
1881 4722 1939 4798 oh

523 4843 700 4923 tullerant
716 4849 762 4925 ad
779 4849 1036 4929 defensionem
1057 4853 1200 4931 ordinis
1220 4855 1439 4961 supradicti,
1459 4858 1558 4933 etde
1578 4856 1766 4933 voluntate
1789 4884 1937 4932 eorum-
