4080 6052
481 527 799 623 naocssnns
824 545 1126 620 rsurnisas.
1407 550 1513 624 rm
1650 502 1653 507 ’

96 696 235 774 velaret
262 691 543 798 deposicionem
565 688 899 795 suampredictarn
920 688 1018 776 aliis,
1045 714 1243 794 quousque
1270 690 1511 769 atestaciones

96 825 249 905 luerunt
264 822 465 931 publicate.

151 956 241 1035 Acta
254 954 410 1031 fuerunt
427 952 499 1028 hec
518 950 557 1027 in
576 949 742 1056 predicta
761 949 902 1056 capella
922 978 1046 1027 coram
1064 947 1218 1056 prelatis
1237 947 1401 1025 dominis
1419 977 1516 1026 com-

95 1086 295 1178 missariis,
313 1081 560 1194 presentibus
587 1110 653 1167 me
683 1081 937 1180 Florismonte
967 1080 1167 1159 Dondedei
1192 1097 1230 1157 et
1255 1079 1337 1157 eliis
1362 1081 1517 1158 notariis
1642 1117 1648 1127 ·

97 1245 209 1327 supra
228 1215 400 1326 proximo
419 1211 631 1291 nominatis.

155 1481 244 1557 Post
262 1477 348 1570 hec,
370 1479 431 1556 die
450 1478 551 1557 lovis
569 1476 759 1586 sequenti,
778 1504 856 1586 que
873 1476 946 1554 suit
962 1472 1094 1553 ultimi
1111 1469 1193 1552 dies
1209 1474 1362 1580 Aprilis,
1384 1503 1517 1554 conve·

98 1626 237 1689 nerunt
262 1611 351 1688 dicti
377 1610 521 1693 domini
544 1609 806 1703 commissarii,
830 1607 992 1715 exceptis
1022 1606 1131 1686 dictis
1161 1605 1325 1684 dominis
1348 1607 1518 1686 Narbon-

97 1741 205 1820 nensi
236 1741 518 1849 archiepiscopo
544 1758 582 1818 et
601 1742 786 1854 ¹episcopo
808 1740 1017 1849 Bajoccnsi,
1045 1756 1091 1817 ut
1117 1766 1229 1844 supra
1252 1740 1448 1830 excusatis,
1479 1740 1519 1816 in

98 1872 230 1949 eadem
248 1872 389 1978 capella
405 1873 522 1949 sancti
542 1870 694 1978 Elegit,
708 1887 747 1947 et
761 1870 834 1948 fuit
847 1870 1033 1949 adductus
1050 1868 1097 1945 ad
1119 1869 1350 1975 presenciam
1370 1895 1521 1946 corum-

100 2001 188 2078 dem
211 2000 457 2078 dominorum
479 2001 822 2078 commissariorum
845 2017 936 2076 tunc
962 1998 1106 2076 ibidem
1129 1998 1243 2076 frater
1264 1999 1452 2077 lohannes
1472 2001 1519 2077 de

100 2132 302 2239 Juvignaco
319 2147 517 2237 preceptor
533 2131 670 2208 domus
685 2131 733 2208 de
750 2130 924 2218 Vauben,
939 2129 1201 2207 Ambianensis
1219 2129 1391 2221 diocesis,
1416 2132 1521 2210 testis

17 2256 21 2262 ⁵
101 2261 376 2368 suprajuratus,
392 2277 438 2337 ut
452 2260 662 2365 deponeret
681 2259 825 2336 dictum
840 2287 969 2350 suum,
981 2259 1022 2335 in
1036 2257 1168 2336 habitu
1186 2259 1310 2337 fratris
1329 2262 1522 2339 servientis

102 2392 246 2470 ordinis
264 2389 430 2499 Templi,
456 2389 566 2466 etatis
587 2415 663 2468 nnn
686 2417 871 2466 annorum
894 2388 953 2464 vel
977 2388 1088 2477 circa,
1108 2404 1154 2466 ut
1176 2389 1281 2497 dixit.
1307 2392 1522 2496 Requisitus

102 2524 133 2602 si
153 2522 276 2603 luerat
294 2521 383 2598 alias
399 2521 630 2597 examinatus
646 2520 686 2595 in
701 2519 859 2627 negocio
873 2517 1195 2624 Templariorum,
1209 2520 1408 2628 respondit
1418 2523 1523 2629 quod

101 2655 153 2730 sic
167 2682 235 2759 per
248 2652 446 2730 dominum
460 2652 616 2757 Papam,
631 2634 767 2757 rogans
782 2664 823 2725 et
836 2649 1036 2755 requirens
1054 2648 1208 2726 eosdem
1228 2649 1404 2729 dominos
1422 2680 1524 2729 com·

101 2782 291 2860 missarios
317 2779 424 2890 quod
447 2807 525 2859 non
549 2779 786 2887 inquirerent
804 2804 893 2856 cum
916 2805 964 2854 eo
985 2778 1032 2855 de
1057 2778 1133 2856 hiis
1155 2807 1271 2886 super
1288 2780 1434 2887 *quibus
1456 2812 1524 2888 per

102 2916 245 2993 dictinn
267 2912 468 2990 dominum
488 2912 626 3017 Papam
650 2909 774 2988 fuerat
791 2907 1016 3016 inquisitum
1034 2938 1123 2986 cum
1144 2910 1298 3001 eodem,
1323 2912 1392 2989 sed
1410 2941 1524 3019 super

102 3044 183 3122 aliis
200 3043 382 3133 articulis,
401 3041 432 3119 si
451 3039 639 3119 volebant
658 3038 767 3118 Unde
784 3038 943 3146 predicti
967 3038 1112 3116 domini
1134 3041 1377 3118 commissarii
1394 3042 1523 3120 volen-

102 3191 161 3251 tes
179 3172 329 3280 plenius
344 3169 565 3248 'deliberare
585 3198 700 3277 super
718 3169 815 3260 istis,
836 3197 921 3247 cum
942 3168 1186 3276 ingnorarent
1205 3170 1253 3248 de
1276 3170 1417 3278 quibus
1436 3172 1524 3250 arti-

103 3303 198 3381 culis
218 3303 344 3380 dictns
362 3300 540 3379 dominus
562 3301 660 3407 Papa
686 3298 880 3408 inquisivit
902 3327 989 3377 cnm
1014 3329 1077 3392 eo,
1100 3302 1330 3379 remiserunt
1358 3305 1523 3380 eundem

101 3461 302 3542 quousque
320 3432 487 3514 adsuam
501 3431 733 3538 presenciam
746 3448 922 3513 vocarent
936 3430 1114 3506 eundem.
1180 3490 1182 3495 <

158 3565 248 3644 Acta
262 3563 433 3671 predicta
449 3561 512 3641 die
532 3578 572 3640 et
588 3562 673 3642 loco
693 3576 732 3640 ct
751 3561 834 3639 aliis
853 3560 1009 3639 nouriis
1028 3589 1141 3667 supra
1162 3561 1334 3667 proximo
1353 3563 1524 3642 nomina-

102 3696 150 3775 tis
166 3694 417 3802 presentibus.

160 3955 249 4034 Post
266 3956 355 4042 hec,
372 3955 433 4033 die
453 3956 579 4034 Sabati
599 3957 793 4065 sequenti,
813 3987 889 4066 que
907 3955 981 4036 fuit
998 3958 1162 4036 secunda
1177 3958 1258 4037 dies
1277 3960 1373 4066 May,
1394 3985 1526 4038 conve—

102 4102 245 4163 nerunt
263 4087 303 4163 in
323 4086 423 4162 dicta
441 4087 581 4191 capella
600 4086 716 4166 sancti
734 4071 868 4197 Ellagii
887 4088 976 4165 dicti
997 4087 1258 4180 commissarii,
1278 4088 1439 4195 exceptis
1455 4089 1527 4168 do-

104 4216 217 4297 minis
246 4198 507 4297 Narbonnensi
541 4234 582 4294 et
613 4219 822 4325 bajocensi,
856 4234 902 4296 ut
931 4246 1043 4325 supra
1072 4220 1269 4312 excusatis,
1302 4237 1341 4297 et
1371 4219 1527 4298 {iterum

103 4348 255 4427 adducti
276 4349 325 4425 ad
345 4346 583 4454 presenciam
601 4347 825 4426 eorumdem
845 4347 1089 4427 dominorum
1109 4350 1451 4430 commissariorum
1470 4352 1527 4429 in·
1611 4430 1616 4441 ,

101 4478 284 4585 srascripti
309 4478 441 4558 fratres
461 4478 606 4556 ordinis
629 4479 799 4587 Templi,
822 4480 889 4588 qui
916 4476 1068 4559 adducti
1095 4479 1211 4560 fuisse
1233 4480 1455 4560 dicebantur
1479 4482 1525 4560 de

101 4607 245 4688 diocesi
263 4609 579 4717 Petregoricensi,
601 4628 640 4689 ct
662 4640 703 4695 se
725 4609 909 4690 obtulisse
929 4610 978 4688 ed
999 4610 1260 4692 defensionem
1280 4613 1424 4692 ordinis
1441 4640 1527 4722 pre-

101 4737 210 4831 dicti,
236 4739 433 4819 videlicet:
1014 4765 1018 4768 ’

118 4944 121 4948 ,
159 4871 292 4954 nater,
317 4870 545 4951 Consolinus
572 4871 620 4950 de
645 4877 773 4951 macto
795 4871 898 4951 Jorio
928 4871 1053 4961 miles,
1074 4873 1324 4956 Caturicensis
1347 4873 1523 4966 diocesis,
