4080 6052
514 515 564 587 sc
901 495 1097 587 proces
1123 512 1218 585 nas
1243 509 1543 583 retrectans.

556 656 698 735 Frater
729 653 943 731 Pomardus
982 653 1028 730 de
1065 651 1212 731 Gisiaco
1246 649 1507 727 Laudunensis
1538 649 1715 740 diocesis,
1746 651 1813 755 qui
1845 653 1934 731 alias

512 785 635 862 fuerat
654 812 777 863 coram
799 785 907 862 dictis
927 783 1090 860 dominis
1113 780 1392 872 commissariis,
1410 778 1502 855 dixit
1518 778 1623 885 quod
1641 778 1732 889 vult
1735 779 1865 887 juvare
1887 784 1934 862 ad

513 910 773 991 defensionem
795 914 884 990 dicti
905 912 1050 989 ordinis
1071 939 1142 1018 pro
1165 938 1273 1016 posse
1297 937 1378 988 suo.

569 1046 698 1122 Frater
726 1046 765 1121 P.
792 1044 839 1121 de
863 1042 965 1120 Bocli
994 1041 1103 1118 miles
1131 1040 1388 1119 Noviomensis
1412 1038 1571 1116 diocesis
1604 1039 1697 1115 dixit
1722 1040 1827 1146 quod
1855 1043 1933 1120 vult

514 1172 733 1263 defendere,
759 1189 942 1279 quantum
965 1171 1011 1247 ad
1036 1172 1160 1277 ipsum
1180 1171 1355 1275 pertinet.

570 1305 697 1380 Frater
716 1303 889 1380 Matheus
908 1301 955 1378 de
975 1299 1122 1379 Gisiaco
1146 1299 1257 1376 miles
1279 1297 1512 1376 Belvacensis
1531 1296 1691 1375 diocesis
1715 1297 1807 1375 dixit
1828 1301 1930 1407 qnod

513 1460 589 1510 non
614 1432 694 1509 vult
714 1430 917 1509 defendere
939 1430 1082 1507 dictum
1103 1429 1293 1518 ordinem,
1311 1428 1400 1534 quia
1420 1455 1497 1505 non
1516 1426 1609 1503 vidit
1628 1427 1792 1534 aliquem
1819 1432 1932 1508 Tem-

511 1563 674 1667 plarium
696 1561 812 1666 recipi
834 1561 904 1637 nisi
931 1589 970 1637 se
995 1560 1131 1665 ipsum.

567 1692 698 1767 Frater
731 1692 919 1775 lohannes
958 1691 1004 1766 de
1036 1689 1208 1796 Primeyo
1240 1686 1348 1764 miles
1380 1688 1620 1767 Carnotensis
1650 1688 1807 1766 diocesis
1839 1689 1932 1767 dixit

514 1822 618 1927 quod
636 1848 713 1927 non
734 1819 856 1897 suerat
869 1821 909 1895 in
925 1819 1057 1896 ordine
1078 1835 1162 1894 ante
1181 1818 1390 1923 captionem
1412 1846 1562 1909 eorum,
1579 1818 1650 1895 nisi
1672 1847 1739 1923 per
1759 1847 1813 1897 1111
1834 1848 1933 1898 men·

514 1980 572 2028 ses
591 1951 649 2028 vel
671 1980 741 2058 per
760 1976 795 2043 v,
817 1980 859 2026 ac
880 1978 957 2027 non
973 1949 1053 2025 vult
1071 1946 1290 2039 defendere,
1315 1948 1383 2024 sed
1403 1949 1498 2055 petit
1517 1948 1709 2025 licenciam
1728 1951 1900 2024 exeundi.

568 2083 698 2158 Frater
723 2082 885 2157 Poncius
914 2081 961 2157 de
981 2081 1087 2156 Bono
1108 2078 1232 2184 Opere
1259 2078 1505 2185 lingonensis
1530 2079 1686 2156 diocesis
1710 2077 1803 2154 dixit
1825 2081 1932 2185 quod

514 2211 544 2285 si
572 2227 669 2286 esset
693 2229 792 2287 extra
815 2210 1036 2316 prisionem,
1063 2209 1142 2314 ipse
1169 2206 1331 2285 libenter
1352 2208 1572 2285 defenderet
1592 2234 1801 2313 proposse.

569 2340 698 2418 Frater
724 2342 913 2418 lohannes
939 2341 986 2418 de
1009 2342 1124 2416 Torta
1148 2337 1244 2415 Villa
1274 2339 1503 2416 Senonensis
1523 2337 1681 2415 diocesis
1712 2337 1805 2414 dixit
1828 2339 1930 2444 quod

514 2469 592 2547 vult
615 2470 829 2549 defendere.
877 2489 880 2494 '

569 2602 697 2677 Frater
715 2597 960 2678 Theobaldus
981 2600 1027 2674 de
1046 2601 1260 2677 Basimonte
1279 2597 1520 2675 Carnotensis
1539 2597 1699 2674 diocesis
1718 2597 1810 2674 dixit
1827 2598 1931 2704 quod

514 2730 544 2805 si
577 2747 675 2807 esset
701 2745 802 2805 extra
833 2755 1019 2804 carcerem
1047 2745 1085 2806 et
1112 2728 1268 2804 haberet
1300 2728 1347 2805 de
1371 2729 1482 2806 bonis
1506 2728 1671 2833 Templi,
1693 2729 1771 2836 ipse
1801 2729 1929 2806 defen-

516 2860 633 2934 deret.

570 2989 700 3063 Frater
723 2988 919 3093 Philippus
946 2990 992 3065 de
1008 2991 1104 3067 Villa
1118 2990 1230 3067 Serva
1249 2990 1506 3067 Noviomensis
1526 2990 1684 3067 diocesis
1709 2989 1800 3067 dixit
1825 2993 1929 3096 quod

515 3119 545 3194 si
568 3135 664 3195 esset
684 3136 784 3195 extra
804 3148 990 3196 carcerem
1011 3136 1048 3196 et
1066 3121 1223 3198 haberet
1241 3121 1342 3197 bona
1360 3120 1526 3226 Templi,
1548 3122 1627 3227 ipse
1648 3119 1867 3197 defenderet
1884 3120 1930 3197 li-

515 3246 659 3325 benten.

544 3382 699 3457 Frater
724 3381 764 3456 P.
798 3380 843 3456 de
873 3378 996 3458 Geans
1025 3382 1218 3458 Remensis
1247 3379 1405 3456 diocesis
1430 3379 1523 3457 dixit
1546 3398 1584 3456 et
1606 3379 1799 3486 respondit
1828 3381 1929 3458 idem

517 3508 621 3612 quod
639 3509 809 3614 proximo
829 3509 1044 3613 precedens.

570 3640 699 3715 Frater
728 3639 917 3717 lohannes
945 3639 992 3717 de
1023 3640 1126 3719 Cella
1156 3639 1415 3717 Laudunensis
1445 3639 1603 3716 diocesis
1631 3638 1723 3715 dixit
1751 3639 1856 3744 quod
1884 3640 1928 3716 li'-

471 3812 473 3816 ⁴
515 3768 648 3846 benter
668 3768 903 3858 defenderet,
926 3771 956 3847 si
977 3789 1103 3876 posset
1123 3788 1161 3848 et
1180 3771 1337 3848 haberet
1356 3769 1471 3846 unde.

568 3902 698 3975 Frater
720 3900 878 3977 lacobus
904 3901 950 3977 de
975 3903 1119 4008 Vergiis
1143 3900 1346 3978 Meldensis
1375 3899 1532 3976 diocesis
1560 3899 1653 3975 dixit
1681 3899 1785 4006 quod
1809 3899 1931 3979 liben-

514 4045 571 4105 ter
597 4028 800 4109 defendere
831 4031 911 4108 vult
940 4060 1008 4136 pro
1040 4059 1165 4137 posse,
1196 4050 1233 4109 et
1264 4032 1294 4107 si
1327 4031 1471 4136 aliquid
1507 4030 1643 4109 dixerit
1682 4033 1926 4117 contrarium,

514 4174 694 4235 mentitus
714 4180 780 4237 est.

569 4288 716 4365 Fratres
738 4291 910 4368 Nicolaus
940 4292 986 4368 de
1018 4291 1125 4370 Gella
1158 4291 1434 4382 Laudunensis,
1464 4309 1502 4367 et
1526 4293 1644 4399 Aymo
1677 4289 1723 4365 de
1756 4289 1929 4368 Barhona

513 4417 707 4495 Trecensis
728 4417 952 4511 diocesium,
980 4420 1154 4498 dixerunt
1174 4422 1278 4528 quod
1295 4420 1427 4498 volunt
1451 4418 1652 4497 defendere
1668 4419 1811 4497 dictum
1827 4420 1929 4498 ordi-

514 4573 600 4621 nem
620 4575 688 4651 pro
708 4574 816 4652 posse
837 4577 917 4629 suo.

569 4675 696 4751 Frater
720 4675 947 4756 Guillelmus
975 4656 1123 4756 Bocella
1146 4678 1382 4757 Ebroicensis
1406 4679 1565 4756 diocesis
1596 4679 1687 4757 dixit
1714 4677 1819 4786 quod
1851 4678 1927 4755 vult

514 4800 733 4921 defendere,
758 4809 843 4885 etsi
864 4808 967 4885 aliud
986 4808 1093 4899 dixit,
1116 4811 1295 4889 mentitus
1316 4827 1371 4888 est
1389 4836 1457 4914 per
1475 4809 1612 4916 gulam.
