4080 6052
696 519 895 612 raeces
919 532 1014 609 nas
1039 534 1340 610 remetiens
1650 544 1727 620 '275

310 685 521 792 prepositus
547 699 585 758 et
614 679 724 756 multi
752 679 814 756 alii
843 677 1057 757 asserebant
1083 679 1189 784 quod
1213 677 1345 758 fratres
1360 680 1461 779 ‘dicti
1492 683 1636 762 ordinis
1661 691 1727 793 qui

308 816 479 892 obierant
493 814 534 889 in
551 829 717 889 extremo
733 811 808 888 vite
826 837 910 902 sue,
929 826 1165 888 asseruerant
1180 809 1220 885 in
1237 810 1405 915 periculo
1422 811 1634 892 animarum
1652 842 1728 894 sua-

305 972 392 1022 rum
408 972 449 1041 se
467 951 508 1020 et
519 943 667 1020 dicum
684 943 859 1020 ordinem
875 940 969 1019 falso
986 940 1129 1019 delatos
1145 939 1260 1018 hrisse
1279 941 1327 1018 de
1345 941 1567 1023 criminibus
1584 945 1639 1021 eis
1655 945 1726 1023 im-

305 1077 452 1183 positis,
479 1092 519 1152 et
540 1076 630 1180 quia
653 1075 684 1151 si
697 1075 808 1150 dicta
832 1073 1006 1150 execucio
1031 1095 1134 1149 nunc
1158 1070 1283 1159 fieret,
1302 1069 1500 1151 videbatur
1522 1102 1631 1180 posse
1657 1078 1728 1155 im-

304 1207 429 1312 pediri
454 1203 620 1282 officium
648 1204 889 1280 dominorum
913 1179 1257 1279 commissarioium
1280 1203 1554 1306 predictorum,
1576 1224 1615 1282 et
1633 1208 1726 1314 quia

307 1337 427 1411 eciam
452 1353 568 1413 testes
595 1333 728 1439 aliqui,
749 1333 901 1412 adducti
927 1333 1064 1410 >eadem
1092 1331 1153 1408 die
1180 1349 1219 1408 et
1243 1330 1457 1436 precedenti
1488 1361 1612 1411 coram
1636 1338 1725 1442 ipsis

308 1465 472 1544 dominis
491 1460 754 1542 commissoriis
772 1464 812 1538 in
832 1463 1079 1569 inquisicione
1097 1462 1280 1567 predicta,
1302 1479 1409 1538 erant
1428 1462 1522 1540 adeo
1542 1467 1723 1555 exterriti,

304 1596 452 1671 racione
479 1618 725 1700 processuum
750 1620 847 1700 quos
872 1593 930 1669 vel
957 1592 1135 1670 domiuus
1164 1593 1465 1697 archiepiscopus
1496 1594 1723 1672 senonensis

304 1724 463 1830 ejusque
483 1724 708 1830 suffraganei
725 1741 765 1800 et
781 1723 982 1801 concilium
1001 1722 1084 1828 ejus
1102 1720 1233 1799 fecisse
1248 1738 1287 1798 et
1302 1722 1432 1799 facturi
1453 1750 1534 1799 esse
1556 1704 1725 1802 dicebanss

303 1870 378 1942 tur,
389 1856 494 1960 quod
507 1882 585 1931 nou
599 1854 824 1931 videbantur
838 1881 918 1930 esse
932 1854 973 1929 in
988 1852 1101 1958 pleno
1116 1878 1311 1928 sensusne
1326 1876 1369 1929 ex
1384 1853 1519 1928 timore
1535 1855 1721 1957 predicto,

292 2010 376 2058 nec
395 2010 474 2060 esse
490 1984 628 2090 ydonei
646 1984 695 2059 ed
708 1983 923 2060 laciendum
936 1981 1197 2059 testimonium
1215 1981 1256 2056 in
1276 1981 1523 2086 inquisicioue
1544 1983 1720 2087 predicta.

305 2111 490 2189 Dixerunt
513 2113 630 2188 eciam
652 2113 808 2218 quidam
828 2140 872 2189 ex
892 2113 982 2218 ipsis
1000 2110 1165 2188 dominis
1188 2111 1450 2188 commissariis
1475 2113 1616 2190 eisdem
1636 2141 1723 2218 pre-

304 2242 426 2346 posito
455 2243 657 2318 Pictavensi
686 2259 725 2318 et
751 2241 1011 2317 archidiacono
1037 2239 1313 2328 Aurelianensi,
1339 2242 1444 2345 quod
1471 2242 1723 2346 significarent

306 2372 449 2448 eisdem
479 2371 634 2448 domiuo
662 2371 939 2476 archiepiscopo
969 2369 1194 2455 Senonensi,
1220 2369 1463 2473 suffraganeis
1496 2388 1533 2446 et
1565 2373 1722 2449 concilio

306 2502 493 2609 ejusdem,
515 2501 621 2606 quod
643 2501 777 2606 prelati
800 2499 934 2577 fratres
956 2502 1000 2576 tt.
1022 2499 1069 2575 de
1089 2498 1247 2586 Pucino,
1266 2500 1306 2573 Ρ.
1327 2497 1374 2573 de
1393 2499 1561 2574 Bononia
1576 2504 1724 2608 preshy-

304 2634 391 2721 teri,
412 2633 458 2709 G.
481 2633 528 2708 de
548 2629 841 2709 Chambonneut
862 2646 902 2706 et
923 2631 1042 2705 Bertr.
1067 2627 1115 2703 de
1145 2608 1319 2731 Sartigiis'
1342 2628 1498 2716 milites,
1525 2657 1595 2734 pro
1622 2659 1661 2707 se
1687 2651 1725 2711 et

304 2761 375 2837 sihi
399 2759 669 2838 adherentibus
688 2760 989 2865 interposuerant
1007 2783 1132 2833 coram
1152 2756 1241 2861 ipsis
1261 2756 1425 2834 dominis
1444 2760 1721 2854 commissariis,

305 2891 367 2967 die
390 2892 585 2968 Dominice
607 2891 777 2996 proximo
800 2889 994 2995 preterita,
1013 2887 1196 2994 quasdam
1224 2887 1496 2992 appellaciones
1519 2918 1540 2964 a
1559 2889 1723 2966 dominis

305 3021 583 3125 archiepiscopo
602 3019 829 3109 senonensi,
850 3021 933 3126 ejus
951 3018 1195 3122 suffraganeis
1214 3035 1252 3093 et
1270 3018 1427 3094 concilio
1445 3021 1672 3097 memoratis.

362 3151 452 3226 Acta
478 3150 635 3227 luerunt
662 3151 733 3226 hec
757 3149 934 3255 predictis
959 3149 1021 3225 die
1046 3165 1084 3225 et
1106 3147 1205 3235 loco,
1232 3148 1469 3252 presentibus
1492 3177 1553 3226 me
1581 3152 1722 3229 Floria·

305 3296 434 3356 monte
454 3296 492 3355 et
510 3279 591 3357 aliis
609 3281 762 3358 notariis
781 3278 1111 3385 supranominatis
1129 3277 1310 3382 proximo.

359 3541 448 3616 Post
466 3541 551 3631 hec,
574 3541 636 3617 die
656 3541 833 3618 Mercurii
858 3539 1047 3645 sequenti,
1069 3565 1144 3644 que
1168 3537 1241 3613 fuit
1264 3562 1327 3614 mu
1355 3538 1436 3614 dies
1456 3538 1595 3614 mensis
1614 3539 1718 3627 Maii,

304 3687 561 3748 convenerunt
577 3672 618 3746 in
638 3671 736 3748 dicta
752 3671 893 3776 capella
912 3669 1027 3748 sancti
1046 3663 1171 3773 Elligii
1191 3668 1280 3744 dicti
1301 3668 1444 3745 domini
1465 3669 1718 3757 commissarii,
1747 3716 1761 3725 -

307 3798 467 3900 exceptis
490 3800 653 3876 dominis
676 3799 907 3877 Narbonensi
936 3816 974 3876 et
996 3798 1204 3904 Bajocensi,
1231 3825 1343 3902 snpra
1368 3800 1562 3888 excusatis,
1591 3817 1629 3876 et
1651 3799 1723 3876 fuit

307 3925 490 4002 adductus
508 3927 558 4003 ad
577 3954 710 4005 eorum
727 3929 982 4033 presenciam,
1003 3945 1048 4005 ut
1073 3929 1279 4033 deponeret
1297 3928 1440 4005 dictum
1460 3954 1589 4017 sunm,
1611 3931 1723 4007 Ame-

306 4056 385 4132 rius
409 4055 457 4131 de
476 4054 677 4134 Villarihus
700 4056 816 4133 Ducis
840 4057 1085 4162 lingonensis
1112 4057 1285 4144 diocesis,
1311 4083 1392 4133 rasa
1415 4057 1546 4144 harha,
1574 4075 1612 4135 et
1639 4060 1719 4136 sine

304 4183 484 4261 mantello
503 4201 542 4261 et
560 4185 692 4262 hahitu
711 4185 877 4290 Templi,
900 4186 1021 4276 etatis,
1041 4201 1084 4261 ut
1102 4185 1209 4273 dixit,
1229 4211 1250 4261 n
1270 4211 1455 4262 annorum
1473 4184 1533 4261 vel
1552 4185 1661 4278 circa,
1683 4205 1721 4264 et

306 4313 398 4390 dixit
413 4316 517 4421 quod
534 4314 657 4392 fuerat
671 4314 785 4392 frater
801 4315 950 4421 Templi
966 4312 1032 4415 ax⁶
1048 4315 1136 4392 anni
1154 4332 1243 4391 sunt
1258 4315 1317 4391 vel
1334 4314 1445 4404 eirca,
1464 4331 1504 4391 et
1519 4333 1719 4422 antequam

305 4460 402 4519 esset
420 4442 543 4532 frater,
565 4445 763 4522 serviverat
780 4445 820 4521 in
840 4443 940 4524 dioto
959 4445 1092 4522 ordine
1110 4473 1179 4550 per
1197 4470 1260 4523 vm
1279 4471 1412 4536 minos,
1434 4461 1478 4521 ut
1497 4445 1599 4522 dixit.
1620 4447 1718 4525 Cum

305 4589 432 4648 autem
450 4574 521 4678 ipsi
541 4574 684 4653 domini
704 4576 946 4653 commissarii
969 4575 1197 4680 explicarent
1209 4574 1286 4652 sihi
1307 4574 1481 4651 articulos
1500 4577 1719 4681 superqui-

303 4702 376 4778 hus
397 4721 476 4780 erat
491 4705 764 4812 inquirendum
782 4734 871 4783 cum
891 4733 953 4795 eo,
975 4705 1097 4782 dictim
1114 4705 1236 4796 testis,
1257 4704 1409 4811 palidus
1424 4721 1461 4781 et
1480 4704 1644 4781 multum
1665 4733 1721 4782 ex-

303 4832 472 4921 territus,
499 4834 681 4941 d’nttrper
699 4836 958 4941 juramentum
982 4864 1095 4912 suum
1120 4852 1158 4911 et
1181 4835 1253 4913 suh
1276 4834 1458 4941 pericnllo
1483 4833 1607 4911 anime
1631 4863 1715 4922 sue,

1542 4972 1590 5032 35.
