4080 6052
698 534 892 628 procus
919 557 1013 627 ons
1039 556 1336 630 raurnnsns.
1675 561 1720 628 97

313 699 526 810 Aymericus
548 696 595 772 de
609 695 792 799 Copriach
801 695 1088 783 Lemovioensis,
1106 725 1146 770 ac
1157 696 1329 774 Galtems
1345 695 1391 772 de
1405 696 1514 771 Massi
1530 693 1726 772 Gelbensis

314 831 517 908 diocesium
546 827 700 914 mililes,
726 826 882 930 Egidjus
905 825 951 900 de
975 826 1192 902 Valencenis
1218 826 1412 933 presbyter
1434 826 1724 912 Cameracensis,

312 961 536 1038 Guillelmus
561 959 608 1034 de
635 956 759 1032 Platea
784 956 1030 1044 Belvacensis,
1055 957 1241 1033 Robertus
1264 958 1300 1033 le
1325 957 1504 1035 Chavaler
1535 955 1728 1060 presbyter

311 1090 639 1195 Rothomagensis,
672 1087 856 1163 Robertus
888 1086 1101 1163 Correnflos
1137 1087 1330 1193 presbyter
1358 1086 1639 1175 Ambianensis,
1665 1088 1727 1161 Jo-

311 1220 454 1297 hannes
479 1219 526 1294 de
557 1233 680 1293 sancto
703 1218 810 1291 Justo
830 1215 1077 1302 Belvacensis,
1098 1216 1253 1321 Egidius
1279 1217 1325 1293 de
1351 1216 1506 1321 Rotangi
1535 1213 1730 1319 presbyter

311 1348 557 1434 Belvacensis,
588 1346 775 1420 Johannes
810 1344 857 1420 de
888 1343 1109 1422 Bolencuria
1143 1345 1392 1433 Belvaeensis,
1423 1345 1648 1449 Reginaldus
1680 1342 1727 1420 de

312 1477 513 1555 Cunheriis
545 1475 652 1551 miles
682 1474 928 1561 Belvacensis,
959 1475 1141 1551 Martinus
1174 1475 1221 1551 de
1250 1476 1452 1552 Marselhes
1480 1475 1726 1561 Belvacensis,

310 1609 492 1685 Henricus
517 1607 564 1680 de
586 1605 821 1709 Compendio
847 1605 1143 1693 suessionensis,
1170 1604 1364 1710 Philippus
1387 1606 1433 1682 de
1456 1604 1621 1682 Maninio
1647 1605 1727 1680 Mo-

310 1738 489 1824 riuensis,
521 1739 651 1811 Petrus
685 1732 720 1809 le
754 1733 839 1810 Gris
873 1716 1143 1825 Noviomensis,
1181 1735 1339 1811 Michael
1370 1737 1545 1810 Monsont
1578 1731 1727 1808 Ambia-

310 1868 451 1953 nensis,
475 1864 703 1940 Bertrandus
726 1863 772 1938 de
798 1863 1001 1939 Somorens
1025 1863 1301 1951 Ambianensis,
1325 1863 1507 1942 Thericus
1531 1862 1578 1938 de
1602 1863 1729 1939 Remis

310 1996 600 2085 Cameracensis,
620 1994 807 2070 Johannes
823 1993 870 2069 de
885 1994 1010 2068 Nivela
1029 1995 1261 2085 Leodiensis‚
1281 1995 1468 2071 Johannes
1487 1992 1534 2068 de
1549 1991 1725 2080 Parisius,

311 2126 554 2204 Constancius
572 2123 618 2199 de
635 2124 722 2198 Bioe
741 2124 1002 2227 Lingonensis,
1019 2125 1201 2199 Henricus
1218 2124 1264 2199 de
1279 2124 1432 2199 Antinhi
1451 2121 1726 2207 laudunensis,

310 2253 536 2331 Bertrandus
559 2251 605 2326 de
631 2254 829 2356 Montenge
854 2251 1146 2339 Suessionensis,
1172 2254 1359 2329 Johannes
1383 2255 1496 2328 Berse
1517 2254 1730 2327 Tomacen-

311 2384 378 2471 sis,
394 2384 581 2459 Johannes
601 2379 647 2453 de
664 2378 803 2452 Pruino
823 2377 1068 2464 Senonensis,
1086 2379 1256 2455 Nicolaus
1275 2381 1322 2454 de
1334 2379 1541 2464 Ambianis,
1558 2378 1729 2454 Nicolaus

312 2514 358 2589 de
378 2511 525 2617 Riperia
544 2508 738 2614 presbyter
757 2508 1019 2611 Lingonensis,
1037 2508 1248 2611 Stephanus
1268 2507 1314 2583 de
1334 2508 1502 2583 Pranedo
1524 2506 1725 2593 Eduensis,

310 2644 442 2719 Petrus
458 2640 504 2716 de
522 2636 693 2713 Lalhaval
705 2636 906 2721 Eduensis,
920 2637 1080 2711 Poncius
1094 2635 1140 2711 de
1154 2637 1307 2741 Payanis
1319 2635 1541 2720 Anieiensis
1554 2635 1730 2715 Clemens

311 2768 357 2847 de
377 2768 517 2874 Boulay
532 2766 733 2853 Eduensis,
747 2767 935 2841 Johannes
955 2765 1002 2840 de
1022 2766 1180 2841 Fusihac
1197 2767 1399 2857 Eduensis,
1418 2769 1527 2872 Hugo
1549 2767 1595 2842 de
1620 2768 1728 2842 Ruris
1880 2832 1883 2837 .

312 2896 736 3004 Lingonensis,Egidius
751 2894 797 2969 de
807 2894 978 2970 Perbona
993 2894 1186 2999 presbyter
1197 2896 1458 3002 Trajectensis,
1477 2899 1663 2973 Johannes
1680 2895 1726 2971 de

311 3029 529 3107 Monbelent
544 3024 838 3110 Matisconensis,
855 3024 1028 3100 Matheus
1045 3024 1091 3100 de
1103 3025 1252 3102 Corbau
1266 3025 1526 3134 Lingonensis,
1541 3025 1661 3132 Aymo
1679 3025 1726 3102 de

313 3136 455 3261 Scopoy
468 3154 745 3263 Lugdunensis,
759 3155 868 3258 Hugo
887 3152 933 3228 de
954 3173 1078 3231 sancto
1094 3155 1365 3261 Christophoro
1380 3159 1582 3247 Eduensis,
1594 3160 1726 3235 Petrus

313 3286 359 3361 de
385 3284 541 3361 Rueiaco
556 3360 559 3364 ,
566 3283 758 3390 presbyter
779 3281 963 3360 Eduensis
977 3299 999 3372 ,'
1015 3284 1241 3362 Guillelmus
1268 3286 1315 3362 de
1344 3286 1443 3364 Bleri
1473 3289 1722 3375 Turonensis,

310 3416 496 3492 lohannes
519 3413 654 3518 Coyler
676 3414 924 3520 Turonensis,
947 3414 1079 3491 Petrus
1109 3415 1258 3492 Meliani
1286 3418 1574 3506 Lemovieensis,
1599 3417 1726 3496 Guau-

311 3542 438 3621 fredus
463 3544 509 3620 de
533 3542 758 3619 Malomonte
788 3543 1036 3632 Turonensis,
1059 3544 1192 3621 Petrus
1219 3546 1349 3621 Trecie
1378 3547 1625 3634 Turonensis,
1651 3547 1725 3623 An-

311 3674 417 3751 dreas
438 3675 523 3751 Beri
549 3672 774 3778 Bajocensis,
798 3672 1010 3777 Reynaldus
1033 3672 1079 3750 de
1102 3674 1215 3750 Balan
1240 3676 1515 3765 Laudunensis,
1538 3679 1724 3754 Johannes

310 3803 436 3878 Malon
459 3801 706 3890 Turonensis,
722 3805 853 3877 Petrus
871 3801 1049 3878 Fouberti
1068 3802 1118 3878 de
1136 3805 1316 3892 Turonis,
1334 3807 1545 3912 Reynaldus
1563 3807 1609 3883 de
1629 3807 1724 3882 Bans

310 3929 565 4014 Bituricensis,
590 3929 769 4005 Martinus
790 3931 975 4007 Ponohart
1000 3932 1257 4022 Bituricensis,
1282 3937 1422 4040 Symon
1447 3937 1622 4012 Mar-tinet
1648 3938 1725 4012 Tu-

247 4127 252 4136 .
308 4057 497 4142 ronensis,
521 4055 706 4131 Johannes
731 4057 778 4133 de
803 4058 930 4155 Castra
956 4061 1215 4150 Bituricensis,
1242 4064 1501 4141 Gerardus'de
1526 4062 1721 4152 Cabilone,

309 4187 436 4266 Guido
451 4186 499 4262 de
514 4186 697 4262 Thoriaco
712 4178 908 4274 Eduensis,
926 4187 1152 4265 Guillelmus
1170 4191 1216 4265 de
1234 4208 1359 4266 sancto
1373 4192 1568 4269 Leouardo
1580 4192 1724 4270 Eduen—

308 4318 377 4402 sis,
396 4316 553 4392 Poncius
571 4314 619 4391 de
638 4314 800 4420 Pedagio
819 4315 1021 4402 Eduensis,
1039 4319 1226 4396 Johannes
1246 4319 1292 4396 de
1310 4319 1448 4399 Visello
1468 4314 1720 4412 Carnotensis,

306 4444 480 4521 Nicolaus
509 4445 556 4521 de
580 4445 762 4550 Versequi
788 4447 1046 4537 Tomacensis,
1071 4448 1229 4526 lacobus
1255 4449 1431 4528 Cadeleta
1459 4454 1721 4538 Tomacensis,

305 4572 494 4650 Henricus
528 4573 574 4650 de
608 4573 822 4650 Ardenbort
851 4577 1109 4668 Tomacensis,
1144 4579 1274 4656 Petrus
1305 4580 1433 4687 Capon
1462 4584 1720 4671 Tomacensis,

304 4701 467 4779 Helinus
484 4701 532 4779 de
548 4703 703 4809 Temple
722 4705 847 4781 March
864 4706 1121 4796 Tomacensis,
1140 4709 1327 4787 Johannes
1344 4709 1391 4787 de
1409 4712 1620 4802 Vercinara,
1640 4714 1725 4792 Phi-

305 4831 434 4938 lippus
454 4831 501 4908 de
520 4833 648 4910 Duaco
668 4833 932 4926 Atrebatensis,
951 4835 1169 4943 Amulpbus
1185 4838 1297 4917 Arhia
1316 4842 1554 4936 Morinensis,
1576 4848 1727 4921 Bemar·

396 4967 500 5030 esocis
521 4989 572 5030 ors
594 4989 764 5033 rennuens.
778 5005 817 5018 -
829 4992 848 5031 ι.
916 5043 924 5058 ·
1582 4979 1618 5037 ιδ
