4080 6052
389 488 1108 618 'anocnsnnsrnnrnrnns
1238 554 1242 561 ·
1423 544 1494 617 scs

86 686 312 783 senonensis
331 683 484 760 abstulit
508 683 564 772 ei,
587 700 626 760 et
646 680 767 758 luerat
785 709 872 757 cum
897 709 942 758 eo
968 680 1191 786 inquisitum
1209 705 1278 785 per
1299 682 1496 758 dominum

85 820 302 924 episcopum
327 814 659 900 Aurelianensem,
686 812 848 890 Senonis
872 798 1157 895 sede-vacante,
1185 826 1223 886 et
1244 809 1438 888 absolutus
1461 830 1499 890 et

83 946 339 1025 reconciliatus
352 974 421 1053 per
437 973 542 1038 eum,
559 962 597 1022 et
616 961 702 1051 post
718 943 918 1037 concilium
939 944 1156 1021 senonense
1175 942 1314 1043 lecerat
1329 941 1400 1018 sihi
1418 943 1498 1019 radi

84 1077 254 1166 barbam,
273 1095 313 1154 et
327 1093 408 1154 erat
422 1076 529 1152 etatis
542 1103 587 1157 xe,
605 1101 790 1151 annorum
806 1073 866 1150 vel
878 1074 989 1161 circa,
1007 1092 1052 1149 ut
1065 1073 1168 1150 dixit.
1183 1073 1305 1149 Lectis
1320 1089 1445 1149 autem
1464 1090 1502 1148 et

86 1209 286 1314 diligenter
305 1207 480 1313 expositis
501 1205 572 1283 sibi
595 1181 772 1283 omnibus
798 1219 835 1280 et
858 1204 1015 1310 singulis
1039 1203 1218 1291 articulis,
1240 1203 1437 1309 respondit
1454 1204 1502 1278 ad
1549 1194 1554 1202 ’

87 1367 167 1428 eos,
185 1356 223 1416 et
240 1338 362 1443 primo
383 1337 430 1413 ad
449 1336 592 1441 primos
613 1350 702 1423 11110‘,
724 1362 762 1411 se
783 1335 936 1410 credere
960 1335 1064 1439 quod
1085 1335 1124 1409 in
1145 1333 1277 1410 ordine
1295 1351 1503 1411 servaretur

88 1470 156 1545 iste
189 1496 293 1545 error
317 1466 421 1573 quod
444 1482 614 1570 receptor
637 1464 867 1569 precipiebat
895 1481 1045 1569 recepto
1070 1464 1173 1569 quod
1201 1481 1353 1567 spueret
1376 1482 1503 1541 contra

87 1625 235 1675 crucem
256 1597 295 1672 in
315 1597 533 1701 despectum
549 1594 636 1682 Dei,
655 1593 743 1699 quia
760 1594 811 1668 ita
828 1593 951 1670 fuerat
966 1595 1000 1668 ei
1020 1609 1255 1699 preceptum,
1275 1594 1343 1670 sed
1362 1622 1439 1670 non
1455 1596 1505 1669 in-

86 1727 266 1804 terluerat
290 1725 498 1832 recepcioni
526 1723 687 1830 alicujus
712 1723 874 1800 alterius.
889 1723 1034 1811 fratris,
1061 1752 1131 1800 nec
1160 1724 1330 1830 capitulis
1352 1752 1502 1801 eorum.

88 1858 175 1934 Fuit
190 1874 316 1934 autem
330 1873 520 1962 receptus,
538 1871 582 1932 ut
596 1854 704 1941 dixit,
722 1854 762 1930 in
780 1854 918 1959 capella
936 1854 1072 1930 domus
1084 1853 1233 1958 Templi
1248 1871 1374 1931 vocata
1387 1854 1505 1960 Avey-

89 2015 157 2063 nes
181 1987 237 2064 les
262 1988 419 2064 Secches
444 1984 721 2064 Cameracensis
749 1984 930 2074 diocesis,
950 2011 1017 2088 per
1046 1983 1198 2059 fratrem
1222 1985 1431 2062 iohannem
1458 1985 1504 2060 de
1545 2025 1547 2028 >

92 2115 306 2192 Manbbersi
333 2114 493 2191 militem
522 2114 731 2221 quondam,
762 2114 802 2190 in
831 2114 892 2190 die
923 2114 1167 2191 brandonum
1196 2115 1366 2224 proximo
1394 2133 1507 2192 erunt

92 2273 191 2324 xvnn
212 2245 299 2328 anni
319 2244 377 2321 vel
396 2244 506 2334 cirea,
529 2243 767 2349 presentibus
788 2242 964 2321 fratribus
987 2247 1154 2321 lohanne
1169 2245 1351 2322 Normani
1370 2247 1507 2351 presbi-

91 2396 190 2463 tero,
212 2374 380 2454 Gerardo
403 2374 450 2451 de
475 2373 699 2481 Argentolio»
718 2372 837 2449 milite
848 2376 989 2462 „Petro
1010 2374 1056 2449 de
1077 2375 1308 2480 latigniaco,
1324 2350 1434 2451 Petro
1458 2377 1505 2450 de

93 2506 238 2593 Caemi,
261 2522 298 2580 et
316 2504 481 2581 Roberto
503 2504 550 2579 de
578 2503 719 2582 Grandi
740 2503 899 2593 Villarii,
923 2521 961 2580 et
983 2505 1152 2582 iohanne
1180 2504 1227 2580 de
1247 2504 1356 2611 Nigra
1375 2504 1504 2592 Curia,

93 2653 177 2713 ante
198 2638 330 2712 horam
349 2635 525 2739 primam,
549 2633 597 2709 de
618 2661 782 2739 quorum
802 2634 1003 2710 astantium
1026 2635 1100 2710 vita
1121 2633 1178 2710 vel
1198 2651 1319 2713 morte
1342 2662 1420 2711 non
1443 2636 1509 2711 ha-

92 2767 207 2844 bebat
221 2765 502 2854 certitudinem,
518 2765 558 2840 in
574 2767 676 2842 hunc
695 2765 876 2842 modum:
893 2793 999 2856 nam,
1018 2793 1107 2842 cum
1126 2766 1359 2872 requisiisset
1374 2793 1510 2870 panem

95 2914 132 2974 et
151 2924 302 3003 aquam,
324 2911 363 2972 et
382 2895 595 2971 societatem
611 2872 825 2999 'proborum
843 2895 1010 2984 ordinis,
1026 2912 1064 2971 et
1082 2895 1215 2972 luisset
1234 2896 1267 2972 ei
1287 2923 1509 3002 responsum

95 3024 201 3132 quod
219 3053 301 3101 rem
320 3025 499 3131 grandem
521 3023 687 3128 petebat,
710 3040 748 3100 et
768 3026 873 3131 quod
894 3024 1120 3102 deliberaret
1139 3053 1251 3131 super
1270 3027 1359 3114 hoc,
1383 3054 1513 3133 prece-

96 3172 234 3260 perunt
263 3155 298 3230 ei
330 3153 435 3259 quod
457 3147 624 3230 traheret
654 3182 692 3230 se
723 3171 763 3230 et
789 3171 937 3263 rogaret
962 3156 1088 3233 Deum
1117 3173 1156 3232 et
1182 3155 1331 3235 beatam
1355 3158 1508 3237 Mariam

97 3286 202 3394 quod
218 3285 423 3392 dirigerent
441 3313 548 3372 eum3
569 3302 607 3362 et
626 3314 712 3362 cum
733 3286 923 3374 rediisset,
946 3287 1141 3364 etiterum
1160 3288 1334 3392 petiisset
1355 3288 1457 3365 idern
1469 3307 1513 3372 ‚et

96 3417 228 3494 fuisset
251 3415 323 3493 sibi
346 3415 539 3493 consimile
564 3444 804 3522 responsum,
826 3433 864 3493 et
882 3416 986 3522 quod
1010 3417 1108 3495 liber
1127 3435 1226 3506 erat,
1249 3435 1287 3494 et
1308 3418 1338 3494 si
1359 3417 1514 3495 intraret

98 3548 336 3656 religionem,
350 3544 562 3623 efficeretur
578 3575 722 3634 servus,
737 3565 776 3622 et
794 3563 985 3652 oporteret
1004 3576 1094 3624 eum
1108 3548 1259 3656 vigilare
1280 3546 1432 3654 quando
1445 3549 1513 3623 vel·

97 3679 152 3754 let
171 3677 354 3764 dormire,
381 3693 418 3752 et
439 3677 560 3753 multa
589 3678 683 3754 dura
706 3678 799 3781 pati,
822 3695 861 3753 et
881 3676 987 3782 quod
1010 3677 1160 3754 videbat
1185 3705 1249 3755 eos
1274 3677 1451 3766 exterius,
1478 3695 1515 3753 et

100 3805 289 3883 nesciebat
311 3805 442 3911 quales
471 3824 596 3887 essent
615 3793 794 3895 interius,
822 3806 984 3883 finaliter
1005 3823 1090 3913 post
1117 3808 1237 3885 maalta
1260 3808 1372 3885 verba
1395 3808 1515 3884 consi-

102 3934 204 4012 milia
224 3935 316 4012 dixit
341 3936 375 4012 ei
401 3936 523 4013 dictus
546 3954 715 4041 receptor
739 3936 844 4043 quod
874 3965 918 4012 ex
941 3965 1019 4042 quo
1043 3953 1190 4014 tantum
1215 3938 1414 4044 appetebat
1437 3965 1516 4015 esse

101 4065 214 4142 frater
233 4092 383 4154 eoram,
402 4066 585 4172 reciperet
602 4068 745 4172 ipsum,
765 4084 802 4144 et
821 4066 910 4145 lecit
928 4096 1016 4143 eum
1031 4067 1160 4174 jurare
1180 4096 1294 4173 super
1313 4070 1517 4175 quemdam

101 4196 242 4271 librum
266 4195 372 4301 quod
401 4214 562 4273 servaret
580 4197 802 4286 castitatem,
834 4197 974 4274 viveret
998 4198 1078 4274 sine
1102 4199 1273 4304 proprio,
1292 4215 1330 4275 et
1348 4200 1520 4277 obediret
1648 4232 1651 4237 ⁴

103 4325 360 4431 superioribus
389 4326 490 4414 suis,
521 4344 558 4403 et
584 4328 689 4433 quod
716 4345 880 4405 servaret
904 4346 1045 4405 secreta
1068 4329 1228 4422 ordinis,
1260 4346 1298 4405 et
1321 4332 1426 4437 quod
1449 4361 1518 4409 suo

102 4484 211 4562 posse
230 4457 378 4563 juvaret
401 4455 450 4532 ad
475 4457 746 4564 acquirendum
768 4459 1331 4564 regnumlerosolomitanum,
1351 4479 1395 4539 et
1417 4463 1521 4568 quod

104 4604 201 4664 esset
220 4613 347 4664 servus
365 4587 531 4664 esclavus
551 4588 714 4679 ordinis3
732 4591 976 4695 postmodum
995 4590 1152 4668 tradidit
1172 4592 1206 4668 ei
1225 4592 1462 4680 mantellum,
1486 4609 1522 4669 et

104 4720 182 4823 ipse
203 4735 374 4821 receptor
394 4735 432 4795 et
450 4717 511 4794 alii
531 4716 662 4797 lraues
677 4721 834 4797 luerunt
848 4721 1005 4798 osculati
1023 4720 1147 4827 ipsum
1165 4740 1361 4828 receptum
1378 4725 1417 4800 in
1438 4752 1519 4813 ore3

103 4850 241 4928 deinde
263 4850 440 4929 instruxit
459 4878 546 4927 eum
566 4869 662 4957 quot
683 4854 797 4932 Pater
809 4855 939 4932 Noster
955 4853 1118 4931 debebat
1137 4856 1209 4932 dici
1233 4855 1274 4931 in
1294 4857 1375 4944 die,
1399 4873 1436 4932 et
1455 4855 1522 4931 ali-
