4148 6052
333 567 383 633 litt
720 550 917 626 Pnocls
941 548 1037 620 ΜΒ
1060 547 1362 624 malms.

332 696 498 776 ‹lmninis
512 694 792 780 communiis,
805 719 853 766 an
869 687 1009 764 vellent
1022 685 1196 766 ordinm
1211 691 1363 795 Templi
1378 689 1599 768 deffendere
1615 694 1666 769 ab
1682 696 1762 775 Ιιῖη

332 857 409 934 qne
428 824 500 903 sibi
522 823 824 929 impondmfflr,
842 816 1120 923 respmtleml
1135 819 1242 923 quod
1259 820 1330 904 sic,
1350 837 1390 894 el
1407 837 1515 895 erant
1531 819 1669 900 [mm
1684 854 1761 903 ω.

356 972 475 1033 imus

335 990 352 1030 V
378 1018 388 1033 ,
441 1014 454 1031 ,
476 1014 486 1028 ,

389 1077 1149 1163 Eademdielueruntsimuladductiin
1170 1080 1761 1164 eodemlocosddictosdom'r

335 1245 404 1293 nm
421 1213 710 1300 consmiunrios,
730 1211 781 1288 de
803 1209 945 1287 diocesi
963 1208 1205 1285 Ambianemi
1219 1209 1351 1285 fiune
1362 1210 1539 1286 hioolaus
1551 1213 1755 1320 Vesulum,

334 1346 466 1423 Minus
483 1342 534 1419 dc·
551 1340 826 1447 Templamm,
841 1338 1001 1416 Anticus
1017 1338 1068 1415 de
1084 1338 1315 1428 Erdenbort,
1329 1339 1491 1415 lacobus
1507 1341 1756 1437 Cohndebur,

332 1472 522 1551 lohannes
546 1470 847 1559 celeumate,
876 1469 1011 1545 Petrus
1035 1468 1201 1573 Capoins
1225 1469 1487 1553 Tornsomis.
1514 1470 1677 1549 Anticus
1705 1475 1757 1552 de

333 1602 533 1681 Braboncia
552 1599 807 1690 leodicensis,
826 1598 986 1676 Anticus
1003 1597 1054 1673 de
1076 1598 1203 1674 Platen
1221 1600 1518 1687 Cameracensis,
1536 1600 1758 1684 Bemardus

334 1730 383 1808 cle
409 1732 553 1822 Castro,
580 1729 801 1836 Amulphus
830 1729 945 1804 Brem
974 1727 1199 1804 Monnensis
1225 1727 1452 1817 diocesim,
1478 1728 1678 1835 Philippus
1704 1735 1756 1812 de

333 1861 463 1940 Duoro
480 1858 733 1939 memiensis
759 1856 920 1936 dioccn's
945 1857 1164 1946 servientes,
1184 1875 1224 1933 et
1235 1858 1395 1964 Egidius
1407 1857 1458 1933 de
1476 1857 1757 1941 1>me

327 1990 506 2097 jectensis
524 1988 684 2070 diocesis
705 1988 912 2096 presbyter.

389 2121 463 2215 Qui
480 2119 815 2228 omnessigillatim
828 2119 1755 2228 esegregathnrequindmpondemmaevesse

332 2250 549 2329 deffendere
569 2250 713 2329 dictum
732 2249 924 2342 ordinem,
948 2249 1160 2328 secundum
1181 2248 1289 2356 quod
1306 2250 1463 2326 luerunt
1480 2253 1621 2358 recepti
1642 2254 1684 2331 in
1706 2285 1756 2334 eo

333 2398 371 2459 ct
389 2381 485 2459 sicut
504 2409 595 2460 eum
618 2398 866 2474 semoverant,
887 2398 927 2458 et
945 2381 1144 2487 pecierunt
1163 2407 1298 2458 omnes
1316 2380 1387 2456 sibi
1414 2380 1617 2459 ministrari
1636 2386 1757 2463 eccle-

332 2512 474 2591 siastico
491 2533 719 2593 commenta
737 2531 917 2620 tanquam
936 2511 1048 2590 bonis
1068 2529 1108 2587 et
1125 2509 1305 2587 fidelibus
1322 2511 1552 2590 Christianis.

385 2644 540 2722 Eisdem
559 2644 621 2724 die
643 2662 683 2720 et
703 2644 788 2719 loco
813 2640 971 2719 fuerumt
994 2639 1109 2717 simul
1132 2640 1284 2717 adducti
1308 2670 1433 2719 coram
1456 2641 1566 2720 dictis
1587 2643 1756 2724 dominis

331 2772 595 2851 mmmissariis
612 2769 853 2876 infrascripti,
868 2769 941 2877 ¹qui
961 2769 1188 2846 tenebontur
1205 2772 1301 2876 copti
1320 2773 1359 2847 in
1375 2771 1515 2851 diocesi
1535 2775 1752 2867 Parisiensi,

332 2917 371 2977 et
389 2900 576 3008 sigillatim
601 2930 642 2978 ac
660 2901 868 3007 separatim‘
878 2900 1050 3008 requisiti
1070 2901 1102 2978 si
1123 2900 1300 2979 volebant
1316 2901 1461 2980 dictum
1479 2903 1655 2982 ordinem
1674 2905 1755 2984 des·

331 3028 502 3124 fondere,
522 3030 800 3139 responderunt
821 3047 867 3107 ut
888 3031 1087 3136 sequitur:

387 3162 534 3242 Fratres
554 3161 667 3243 Oddo
687 3161 735 3240 do
755 3159 945 3247 Nantolio‚
960 3161 1144 3240 Thericus
1165 3163 1214 3239 de
1228 3162 1332 3241 Valle
1347 3163 1496 3242 Bellont
1512 3164 1755 3243 Suessionen·

331 3291 382 3370 sis
402 3289 576 3382 diocesis,
599 3292 816 3381 servientes,
837 3291 1115 3397 responderunt
1142 3321 1182 3370 se
1206 3292 1302 3370 velle
1328 3292 1549 3371 deffendere
1576 3295 1751 3374 ordinem

332 3421 600 3528 supradictum.

389 3551 515 3630 Frater
528 3550 753 3632 Vomondus
772 3549 820 3629 de
835 3549 1006 3641 Santoni,
1023 3551 1195 3660 ejusdem
1214 3552 1387 3644 diocesis,
1408 3554 1586 3644 serviens,
1602 3581 1754 3660 respon-

333 3680 388 3759 ‹lit
412 3681 517 3789 quod
546 3682 662 3761 nichil
690 3681 830 3761 sciebat
861 3683 901 3759 in
934 3681 1065 3760 ordine
1090 3682 1161 3760 nisi
1185 3683 1347 3775 bonum,
1377 3700 1416 3762 et
1444 3682 1588 3760 dicebat
1610 3711 1752 3761 senon

332 3810 538 3920 intelligere
558 3810 654 3920 quid
672 3810 819 3890 volebat
838 3810 988 3890 dicere:
1011 3811 1240 3890 deffendere.

387 3942 516 4021 Frotor
541 3941 765 4021 Lumbortus
794 3941 842 4019 de
869 3942 1064 4022 Cormolos
1093 3942 1272 4032 serviens,
1301 3942 1473 4050 ejusdem
1496 3941 1671 4030 diocesis,
1694 3974 1753 4021 re-

331 4071 481 4178 spondit
499 4073 605 4182 quod
621 4100 698 4151 non
716 4071 950 4152 deffenderet
965 4072 1108 4150 dictum
1128 4073 1318 4167 ordinem,
1337 4103 1407 4153 nec
1423 4077 1550 4169 sciret,
1569 4103 1654 4153 cum
1671 4102 1750 4152 non

332 4201 378 4279 sit
404 4202 574 4296 clericus,
607 4204 675 4282 sod
702 4205 730 4284 si
759 4204 904 4312 aliquid
928 4203 1017 4283 mali
1046 4204 1117 4283 sibi
1145 4205 1415 4313 imponeretur,
1444 4237 1484 4287 se
1516 4203 1750 4285 deffenderet

333 4347 445 4436 prout
463 4351 589 4440 posset
608 4351 646 4412 ot
664 4335 786 4413 sciret.

387 4462 531 4543 Fratres
545 4463 704 4544 Amicus
724 4463 771 4542 do
788 4461 1013 4543 castellione
1033 4467 1347 4561 Constanciensis,
1365 4469 1579 4578 Stephanus
1598 4465 1645 4544 de
1666 4466 1751 4545 Sm-

331 4616 420 4693 coyo
439 4592 471 4667 'l
474 4593 649 4681 recensis,
671 4594 711 4670 Ρ.
734 4593 782 4674 de
807 4595 961 4703 Muyson
979 4594 1137 4679 Vinhier
1160 4600 1485 4695 Chothalonensis,
1506 4597 1749 4680 Mothousde

331 4716 504 4824 (Juynoyo
534 4718 763 4801 Bolvocensis
789 4723 1014 4820 diocesim,
1039 4729 1316 4837 responderunt
1331 4733 1438 4840 quod
1458 4730 1633 4812 volebant
1651 4726 1762 4806 ordi-'¹

331 4871 418 4924 nom
440 4842 655 4929 dollendore
677 4854 942 4958 supradictum.
