4080 6052
453 517 650 612 esoces
675 535 771 608 nes
796 536 1098 611 ressensis.
1410 536 1480 608 tn

122 676 339 784 Requisitus
351 676 382 753 si
395 678 448 754 sic
461 679 688 786 deposuerat
697 704 826 783 prece,
843 696 1038 786 precepto,
1056 678 1204 765 timore,
1222 702 1365 765 amore,
1382 677 1482 766 odic,

65 809 124 886 vel
138 808 298 886 comodo
309 810 507 916 temporali
527 809 656 889 habito
674 807 733 884 vel
751 808 945 900 babendo,
965 807 1161 916 respondit
1179 807 1283 913 quod
1302 833 1395 893 non,
1418 807 1483 881 sed

65 967 134 1045 pro
156 940 308 1016 veritate
334 940 509 1034 dicenda3
536 942 595 1019 cui
622 939 695 1017 fuit
719 940 932 1047 injunctum
955 969 1024 1046 per
1048 940 1168 1018 dictos
1191 937 1365 1015 dominos
1385 965 1486 1013 com-

67 1070 272 1157 missarios,
295 1071 333 1146 in
352 1072 489 1150 virtute
504 1071 710 1180 juramenti
732 1071 878 1176 prestiti
898 1099 968 1178 per
991 1070 1175 1158 eundem,
1199 1067 1302 1175 quod
1326 1097 1404 1146 non
1426 1096 1485 1144 re·

66 1192 204 1276 velaret
235 1200 333 1278 banc
361 1232 467 1279 suam
497 1202 792 1310 deposicionem,
824 1231 1024 1311 quousque
1058 1199 1315 1278 attestaciones
1345 1197 1487 1276 luerint

64 1330 266 1447 publicate.

11 1651 14 1656 .
120 1577 274 1666 Eisdem
299 1589 360 1666 die
381 1605 421 1665 et
438 1587 521 1664 loco
548 1588 621 1666 fuit
646 1591 832 1668 adductus
852 1589 899 1665 ad
923 1589 1153 1696 presenciam
1174 1589 1397 1667 eorumdem
1418 1593 1486 1669 do-

66 1720 256 1797 minorum
290 1720 655 1809 commissariorum,
679 1719 792 1798 frater
813 1721 1004 1797 lohannes
1022 1719 1058 1795 le
1075 1717 1255 1797 Gambier
1276 1720 1322 1796 de
1345 1720 1485 1799 Grandi

66 1852 206 1929 Villarii
231 1852 412 1942 servims,
433 1851 696 1928 Ambianensis
725 1851 900 1939 diocesis,
926 1849 1033 1925 testis
1060 1850 1337 1956 suprajuretus,
1360 1868 1404 1927 nt
1424 1853 1488 1927 de·

65 1998 223 2085 poneret
252 1980 395 2056 dictum
428 2009 557 2068 suum,
595 1979 768 2057 delerem
802 1978 1025 2056 mantellum
1060 1979 1203 2055 ordinis
1240 1996 1277 2055 et
1311 1977 1484 2070 barbam,

33 2186 37 2193 ,
67 2111 173 2187 etatis
192 2136 276 2210 srvi
295 2138 482 2186 annorum
502 2109 560 2185 vel
581 2110 691 2202 circa,
718 2140 805 2187 cum
830 2138 907 2217 quo
933 2108 1055 2186 luerat
1077 2108 1301 2215 inquisitum
1317 2094 1394 2215 'per
1419 2112 1486 2187 do-

67 2239 214 2317 minum
239 2240 563 2346 archiepiscopum
587 2243 810 2317 Remensem
830 2241 869 2316 in
894 2240 1051 2316 concilio
1071 2240 1263 2330 Remensi,
1286 2257 1324 2316 et
1342 2240 1484 2318 ibidem

67 2370 259 2448 absolutus
279 2388 318 2446 et
335 2370 597 2446 reconciliatus
619 2397 687 2476 per
712 2398 812 2467 enm.
839 2369 961 2446 Lectis
986 2386 1114 2446 autem
1140 2385 1178 2445 et
1202 2369 1403 2476 diligenter
1427 2401 1487 2447 ex-

65 2501 197 2606 positis
215 2501 285 2577 sibi
301 2500 480 2578 omnibns
498 2516 537 2576 et
550 2499 706 2606 singulis
726 2499 906 2589 articulis,
922 2498 1118 2605 respondit
1137 2498 1185 2575 ad
1205 2526 1285 2590 eos,
1309 2515 1347 2576 et
1362 2501 1485 2605 primo

66 2632 114 2706 ad
122 2630 266 2737 primos
277 2658 354 2721 xrn,
369 2631 642 2735 protestacione
652 2629 845 2736 premissa,
864 2629 969 2738 quod
984 2657 1061 2705 non
1076 2628 1296 2705 intendebat
1309 2631 1485 2708 recedere

66 2760 350 2865 adeposicione
377 2777 415 2836 et
443 2760 675 2837 consessione
705 2789 773 2865 per
799 2768 888 2836 eu'm
916 2757 1021 2835 lactis
1046 2787 1170 2835 coram
1200 2758 1300 2835 dicto
1330 2760 1485 2838 domino

66 2890 344 2995 archiepiscopo
364 2891 557 2982 Remensi,
580 2919 618 2967 se
638 2891 781 2967 nescire
799 2889 830 2966 si
851 2907 1024 2967 contenta
1046 2889 1085 2966 in
1111 2889 1219 2966 dictis
1239 2915 1302 2965 ¹111
1323 2891 1486 2966 articulis

67 3037 171 3095 erant
188 3047 274 3095 vera
293 3018 352 3094 vel
371 3046 465 3109 non,
487 2994 672 3125 quianon
692 3019 912 3096 interfuerat
928 3020 1138 3126 recepcioni
1159 3019 1315 3126 alicujus
1332 3021 1486 3097 alterius

65 3149 136 3225 nisi
162 3147 282 3224 fratris
300 3149 481 3225 lobannis
501 3151 548 3226 de
570 3149 766 3241 Molleriis,
789 3149 1028 3255 infrascripti,
1050 3179 1120 3228 nec
1140 3150 1311 3255 capitulis
1331 3179 1481 3240 eorum,

65 3279 196 3353 necin
220 3277 353 3354 ordine
378 3295 530 3355 steterat
553 3279 624 3356 nisi
644 3307 720 3384 per.
736 3278 916 3357 trienium
942 3279 1000 3356 vel
1027 3280 1140 3367 circa,
1162 3274 1248 3358 ante
1270 3281 1484 3385 capcionem

65 3433 216 3503 eorum,
246 3408 367 3484 credit
389 3426 515 3485 tamen
535 3409 641 3517 quod
659 3400 912 3486 communiter
932 3408 994 3485 alii
1014 3409 1273 3514 reciperentur
1293 3409 1332 3483 in
1351 3408 1483 3486 ordine

64 3537 161 3613 sicut
179 3537 260 3643 ipse
278 3554 454 3644 receptus
471 3537 595 3616 luerat
612 3567 682 3645 per
700 3538 852 3616 fratrem
871 3538 1080 3616 Robertum
1100 3538 1147 3613 de
1171 3537 1341 3626 Belvaco,
1363 3564 1484 3642 quon-

65 3667 148 3743 dam
163 3685 442 3774 preceptorem,
458 3686 551 3746 tunc
572 3669 619 3746 de
639 3670 808 3758 Pontivo,
832 3670 870 3743 in
892 3666 1044 3744 ecclesia
1060 3667 1262 3773 parochiali
1282 3666 1328 3742 de
1349 3668 1484 3744 Somo-

63 3822 151 3873 rens
170 3797 431 3875 Ambianensis
454 3797 632 3888 diocesis,
654 3815 740 3876 ante
759 3797 891 3885 altare,
912 3797 1007 3872 circa
1026 3795 1164 3874 lestum
1185 3798 1368 3876 Omnium
1392 3799 1484 3875 San-

64 3943 211 4003 ctorum
235 3927 405 4032 proximo
431 3928 650 4032 precedenti
670 3927 824 4006 luerunt
843 3954 907 4004 sex
926 3927 1012 4003 anni
1032 3926 1091 4003 vel
1111 3928 1224 4014 circa,
1245 3927 1483 4033 presentibus

64 4056 240 4133 iratribus
273 4055 427 4133 Alberto
462 4074 590 4134 curato
621 4057 719 4135 dicte
748 4060 885 4135 domus
916 4056 1124 4163 quondam,
1150 4058 1257 4164 cujus
1274 4084 1482 4163 cognomen

63 4186 223 4292 ignorat,
245 4203 282 4262 et
303 4187 405 4264 dicto
424 4187 595 4264 lohanne
616 4189 663 4266 de
685 4188 875 4279 Molleriis,
894 4186 1104 4294 presbitero
1123 4187 1333 4292 quondam,
1356 4186 1395 4262 in
1414 4188 1484 4263 eis-

63 4316 151 4392 dem
176 4317 268 4392 bora
294 4333 333 4393 et
356 4317 441 4393 loco
466 4333 504 4393 et
527 4344 596 4423 per
626 4319 790 4395 eundem
818 4333 987 4423 recepto,
1015 4318 1186 4394 lohanne
1213 4317 1260 4393 de
1286 4317 1322 4392 la
1345 4317 1424 4396 voe
1446 4335 1483 4392 et

63 4445 239 4549 Philippo
271 4447 317 4522 de
340 4446 467 4524 Manin
488 4463 526 4522 et
543 4449 712 4524 lobanne
734 4449 781 4524 de
806 4449 933 4524 Fumo
958 4446 1222 4536 servientibus,
1245 4447 1291 4523 de
1316 4476 1481 4554 quorum

61 4576 133 4649 vita
162 4574 220 4650 rel
254 4594 375 4653 morte
415 4604 491 4652 non
526 4594 583 4654 est
609 4594 743 4656 certus.
771 4579 813 4654 ln
843 4607 910 4655 sua
937 4595 1065 4655 autem
1091 4577 1309 4684 recepcione
1335 4595 1373 4656 et
1392 4577 1481 4654 dicti

60 4704 239 4781 lobannis
260 4705 306 4781 de
327 4706 508 4784 Molleriis
527 4707 600 4784 fuit
624 4726 799 4790 servatus,
812 4707 897 4786 talis
919 4709 1057 4786 modus
1070 4739 1079 4786 ε
1092 4736 1185 4785 nam
1212 4737 1299 4786 cum
1323 4706 1482 4814 requisi-

61 4837 171 4912 visset
190 4863 324 4942 ponem
347 4855 385 4913 et
404 4865 537 4943 aquam
559 4839 718 4932 ordinis,
740 4856 780 4917 et
796 4837 929 4918 fixisset
948 4840 1001 4918 eis
1021 4866 1243 4948 responsum
1260 4840 1365 4947 quod
1380 4837 1480 4917 bene
