4080 6052
525 518 594 594 rat
906 503 1102 595 ruoons
1127 519 1222 592 nus
1249 519 1549 591 vnuvxruns

519 680 654 740 verunt
673 680 757 736 ante
776 661 945 738 hostium
964 662 1067 739 dicte
1093 689 1237 746 camere
1264 688 1308 735 ex
1332 677 1435 764 parte
1461 657 1648 747 interiori,
1670 657 1720 732 ita
1739 658 1846 762 quod
1865 659 1943 736 exi-

516 810 655 870 stentes
671 808 771 868 extra
783 820 966 867 cameram
980 820 1057 869 non
1071 807 1243 897 poterant
1252 818 1320 894 per
1331 788 1486 865 rimulas
1499 787 1612 873 hostii
1622 786 1805 892 respicere
1822 789 1939 869 intus.

515 909 563 1001 Et
580 952 666 999 cum
682 921 841 998 luissent
858 922 990 998 inclusi
1012 951 1099 1014 cum
1120 921 1220 997 dieto
1234 921 1395 1026 Hugone
1415 948 1484 1025 per
1497 937 1644 996 tantum
1657 918 1838 1022 temporis
1856 948 1941 1025 spa-

516 1055 617 1129 cium
641 1052 746 1158 quod
772 1053 969 1128 existentes
995 1069 1095 1128 extra
1115 1079 1300 1127 cameram
1321 1068 1358 1127 et
1378 1065 1612 1157 expectantes
1637 1064 1742 1124 erant
1759 1040 1866 1148 valde
1885 1068 1941 1128 te-

518 1184 581 1259 dio
597 1181 734 1272 allecti,
749 1200 1004 1287 apperuerunt
1016 1181 1154 1259 dictam
1171 1209 1373 1271 eameram,
1392 1197 1429 1257 et
1449 1180 1687 1287 adduxerunt
1700 1178 1847 1257 dictum
1860 1182 1940 1257 Hu-

518 1342 655 1419 gonem
680 1312 728 1387 ad
751 1312 963 1418 predictum
986 1329 1138 1403 testem,
1155 1309 1199 1386 'in
1224 1310 1356 1387 eadem
1381 1311 1495 1386 domo
1516 1311 1554 1385 in
1572 1308 1746 1385 habitum
1770 1309 1937 1387 militum

519 1443 685 1548 Templi,
707 1460 745 1519 et
765 1443 895 1520 dictus¹
907 1445 1015 1548 Hugo
1037 1441 1109 1519 suit
1126 1440 1232 1517 valde
1252 1440 1402 1547 palidus
1423 1456 1460 1516 et
1478 1440 1585 1546 quasi
1610 1438 1783 1515 turbatus
1803 1428 1840 1517 et
1859 1459 1937 1519 stu·

518 1571 701 1677 pefactus3
728 1571 777 1648 do
801 1574 878 1678 quo
904 1572 1006 1648 idem
1030 1571 1151 1656 testis,
1174 1587 1217 1646 ut
1243 1569 1352 1661 dixit,
1379 1567 1452 1645 fuit
1479 1569 1688 1673 plurimum
1714 1569 1935 1663 admiratus,

518 1703 607 1808 quia
626 1701 747 1778 dictus
764 1703 872 1808 Hugo
890 1700 1012 1779 luerat
1029 1702 1135 1777 valde
1153 1699 1385 1776 voluntarius
1402 1699 1450 1776 ad
1466 1699 1676 1806 ingressum
1698 1715 1735 1774 et
1753 1700 1937 1777 institerat

519 1832 683 1927 multum
708 1863 824 1939 penes
853 1834 997 1909 dictum
1028 1848 1180 1922 testem,
1209 1830 1316 1937 quod
1344 1830 1481 1906 laceret
1511 1829 1636 1935 ipsum
1666 1830 1749 1907 steri
1774 1831 1935 1908 militem

518 1963 684 2068 Templi,
704 1981 741 2040 et
758 1964 797 2040 in
816 1964 946 2039 eadem
965 1963 1026 2040 die
1044 1963 1263 2069 priusquam
1280 1962 1452 2039 intrasset
1469 1991 1668 2052 cameram,
1688 1962 1807 2039 dictus
1823 1964 1935 2070 Hugo

520 2109 598 2167 erat
615 2093 721 2169 valde
741 2092 839 2169 letus
860 2112 898 2169 et
916 2091 1022 2170 fortis
1043 2111 1080 2170 et
1098 2092 1288 2170 robustus.
1311 2094 1352 2169 In
1373 2094 1576 2169 crastinum
1600 2110 1728 2170 autem
1748 2092 1935 2198 predictus

520 2223 627 2328 Hugo
652 2221 725 2298 luit
748 2224 933 2300 adductus
959 2224 1006 2299 ad
1030 2224 1204 2315 domum,
1233 2253 1347 2330 quam
1374 2223 1539 2300 Tholose
1566 2222 1797 2299 inhabitabat
1815 2223 1934 2300 dictus

517 2352 636 2442 testis,
648 2370 685 2429 et
699 2354 893 2460 requisivit
907 2355 1073 2432 eundem
1083 2356 1282 2463 Hugonem
1299 2355 1347 2431 ad
1363 2372 1523 2462 partem,
1536 2355 1696 2462 qualiter
1712 2372 1791 2430 erat
1806 2382 1934 2431 conso-

518 2483 614 2559 latus
629 2482 675 2560 de
692 2484 946 2591 ingressusne
961 2486 1146 2591 predicto,
1164 2486 1212 2561 ad
1228 2515 1344 2591 quem
1361 2468 1606 2590 prius'fuerat
1621 2486 1669 2560 ita
1688 2485 1932 2573 voluntarius,

519 2631 555 2689 et
569 2644 685 2719 quaro
698 2615 820 2690 fuerat
834 2617 885 2690 ita
900 2615 1127 2720 stupefactus
1147 2615 1185 2688 in
1204 2615 1266 2689 die
1283 2614 1515 2718 precedenti,
1539 2632 1576 2689 et
1594 2614 1717 2689 adhuc
1739 2643 1819 2691 esse
1838 2615 1936 2691 vide·

518 2741 639 2829 batur,
662 2760 700 2816 et
719 2742 913 2848 respondit
936 2742 1039 2817 idem
1058 2743 1167 2849 Hugo
1188 2743 1294 2847 quod
1313 2772 1508 2848 nunquam
1530 2745 1705 2848 deinceps
1730 2744 1828 2819 letus
1859 2774 1934 2822 esse

518 2887 658 2972 posset,
680 2873 807 2947 necin
829 2872 1025 2949 concordia
1044 2871 1091 2978 [l]
1116 2871 1255 2964 cordis,
1276 2891 1314 2948 et
1332 2871 1420 2948 licet
1438 2889 1529 2949 tunc
1548 2890 1585 2948 et
1606 2873 1693 2948 alias
1713 2871 1935 2953 multociens

519 2998 619 3074 idern
634 3001 739 3077 testis
751 3019 916 3107 rogasset
929 3004 1108 3079 instanter
1123 3032 1211 3078 eum
1225 3003 1330 3110 quod
1348 3003 1575 3108 exprimeret
1588 3003 1658 3079 sibi
1678 3032 1825 3078 causam
1839 3006 1933 3081 dicte

517 3157 584 3202 sue
602 3128 829 3207 turbacionis
848 3148 886 3207 et
904 3131 1197 3236 stupefactionis,
1215 3162 1409 3239 nunquam
1425 3132 1494 3209 sibi
1511 3132 1629 3213 voluit
1645 3133 1846 3221 declarare,
1869 3162 1933 3209 nec

517 3256 608 3333 vidit
622 3259 726 3364 quod
743 3290 786 3336 ex
803 3279 892 3337 tunc
908 3280 1005 3337 esset
1020 3262 1133 3352 letus,
1153 3292 1222 3338 nec
1237 3264 1341 3368 quod
1356 3263 1493 3340 laceret
1506 3263 1652 3339 bonum
1668 3263 1830 3352 vultum,
1850 3264 1933 3340 lieet

516 3389 620 3491 prius
645 3408 742 3467 esset
766 3391 871 3469 valde
895 3393 1005 3469 letus.
1028 3393 1243 3499 Requisitus
1264 3393 1310 3468 de
1331 3411 1500 3499 tempore
1521 3424 1596 3499 quo
1620 3394 1734 3469 luerit
1753 3396 1931 3499 predicta,

516 3520 709 3622 respondit
734 3522 840 3627 quod
864 3538 941 3597 erat
961 3550 983 3599 x
1003 3523 1089 3598 anni
1116 3523 1228 3629 elapsi
1255 3524 1312 3599 vel
1339 3523 1444 3599 circa.
1472 3524 1686 3630 Requisitus
1712 3524 1846 3612 eciam,
1868 3524 1929 3630 qui

516 3647 645 3726 lratres
678 3650 832 3732 luerunt
865 3671 1056 3759 presentes
1086 3654 1124 3728 in
1157 3655 1373 3760 recepcione
1407 3656 1495 3731 dicti
1528 3656 1714 3760 Hugonis,
1743 3655 1932 3761 respondit

516 3780 620 3884 quod
644 3779 757 3857 frater
782 3782 904 3889 Guigo
924 3783 1126 3860 Adhemari
1153 3784 1277 3875 miles,
1299 3802 1496 3890 preceptor
1519 3786 1724 3889 provincie,
1747 3786 1812 3890 qui
1842 3814 1934 3861 rece

515 3910 571 4014 pit
594 3939 698 4004 eum,
719 3930 762 3987 ut
780 3913 886 4005 dixit,
907 3932 944 3990 et
964 3913 1078 3990 frater
1096 3914 1207 3991 Oddo
1226 3916 1438 3992 Saumanda
1459 3933 1655 4020 preceptor
1677 3917 1814 3992 domus
1831 3918 1934 3991 Tem·

515 4038 567 4142 pli
580 4041 808 4134 Tholosane,
825 4061 862 4120 et
876 4045 1030 4150 quidam
1041 4043 1154 4145 frater
1168 4046 1339 4122 sacerdos
1355 4047 1420 4152 qui
1437 4046 1618 4122 serviebat
1632 4046 1670 4120 in
1688 4042 1824 4148 capella
1836 4044 1932 4120 dicte

517 4167 652 4246 domus
677 4173 818 4249 ordinis
837 4174 985 4279 Templi
1006 4174 1187 4268 Thelme,
1216 4193 1253 4252 et
1277 4177 1431 4282 quidam
1458 4177 1570 4251 frater
1590 4176 1750 4281 serviens
1769 4173 1835 4277 qui
1857 4202 1934 4248 ser·

515 4297 617 4374 viens
643 4304 858 4381 morabatur
880 4335 966 4380 cum
989 4304 1088 4381 dicto
1111 4307 1287 4413 magistro
1314 4307 1518 4412 provincie,
1546 4324 1583 4380 et
1604 4306 1758 4410 quidam
1781 4302 1843 4378 alii
1865 4302 1936 4379 lra-

516 4445 591 4504 tres
611 4430 782 4536 ejusdem
807 4435 948 4510 ordinis
973 4434 1020 4509 de
1047 4463 1213 4539 quorum
1234 4437 1452 4513 nominibus
1478 4436 1570 4510 dixit
1594 4466 1632 4512 so
1655 4465 1730 4512 non
1751 4434 1933 4510 recordari

515 4557 562 4632 ad
581 4588 744 4661 presens.
767 4565 877 4651 Item,
900 4564 1102 4670 requisitus
1129 4567 1203 4669 qui⁴
1225 4565 1380 4644 luerunt
1405 4585 1598 4670 presentes
1631 4539 1783 4670 quando
1814 4565 1933 4639 dietus

518 4686 624 4790 Hugo
645 4687 737 4764 dixit
756 4692 825 4766 sibi
846 4694 956 4769 verba
979 4693 1160 4799 predicta,
1183 4697 1277 4773 dixit
1300 4697 1405 4804 quod
1425 4697 1552 4773 nullus
1572 4698 1637 4803 qui
1659 4696 1789 4773 audire
1809 4709 1932 4801 posset

518 4843 593 4901 eos,
612 4818 716 4924 quod
737 4820 813 4926 ipse
833 4825 938 4915 testis
957 4823 1093 4899 credat.
1115 4825 1407 4932 Verumptamen
1427 4844 1517 4903 tune
1529 4846 1575 4928 et
1592 4828 1734 4934 pluries
1755 4827 1862 4902 aliter
1881 4824 1898 4899 l
1916 4867 1932 4880 -

649 5118 686 5165 vt:
