4080 6052
691 502 890 597 Procas
916 523 1011 596 nas
1035 523 1336 601 rrurtrras.
1648 530 1721 603 sos

306 683 398 743 tunc
417 684 494 743 erat
511 662 748 771 profecturus
767 666 816 741 ad
836 665 1035 742 dominum
1053 644 1284 777 regem,sed
1303 684 1458 774 propter
1470 665 1559 770 ejus
1577 665 1723 771 proliri-

305 812 421 874 tatem
446 824 524 873 non
543 797 668 901 potuit
692 796 790 872 dicta
815 796 877 874 die
904 797 1026 902 redigi
1051 795 1284 904 inscriptis,
1311 798 1379 877 sed
1407 795 1481 873 fuit
1504 796 1653 879 redacta
1681 798 1721 871 in

308 925 458 1002 duobus
484 925 621 1004 diebus
643 926 906 1034 sequentibus,
929 943 969 1002 et
994 927 1076 1034 ipso
1096 905 1194 1006 teste
1223 956 1374 1036 semper
1394 942 1567 1033 presente
1593 942 1630 1001 et
1656 954 1723 1019 ap-

304 1054 431 1133 diente
459 1055 612 1160 quando
633 1056 843 1134 dictabatur
868 1057 966 1133 dicta
990 1057 1191 1163 deposicio.
1217 1059 1316 1136 Cum
1341 1074 1468 1135 autem
1491 1054 1723 1134 suit-relecta

304 1185 375 1291 ipsi
414 1186 519 1277 testi,
554 1187 648 1263 dixit
682 1188 788 1292 quod
824 1188 1034 1264 secundum
1075 1188 1157 1295 ejus
1191 1189 1446 1266 intencionem
1487 1214 1564 1265 non
1601 1184 1723 1263 luerat

306 1315 487 1420 scriptum
505 1314 602 1391 illud
621 1316 726 1422 quod
745 1344 858 1421 supra
878 1317 1058 1422 scriptum
1078 1334 1135 1393 est
1159 1317 1198 1392 in
1217 1317 1463 1423 responcione
1484 1316 1532 1391 ad
1550 1342 1611 1394 xvi
1636 1317 1723 1391 arti·

306 1443 439 1521 culum
455 1461 493 1520 et
511 1470 585 1523 xvrr
604 1462 825 1550 sequentes,
849 1446 1024 1542 videlicet
1045 1446 1169 1552 quod,
1191 1445 1343 1553 quando
1368 1445 1548 1521 recessuri
1572 1463 1678 1522 erant
1701 1474 1723 1522 a

306 1573 484 1679 capitulo,
498 1572 562 1650 ille
582 1574 647 1679 qui
666 1589 841 1653 tenuerat
856 1574 1061 1679 capitulum
1077 1573 1224 1651 dicebat
1241 1576 1311 1652 ista
1325 1573 1456 1651 verbaz
1471 1573 1528 1651 De
1546 1573 1723 1651 omnibus

304 1701 379 1779 illis
404 1732 480 1810 que
505 1702 757 1782 obmitteretis
777 1704 888 1783 nobis
914 1703 1038 1781 dicere
1067 1704 1117 1782 ob
1143 1704 1409 1782 verecundiam
1440 1704 1561 1779 carnis
1588 1703 1647 1780 vel
1673 1703 1721 1781 ob

304 1850 450 1911 metum
464 1833 614 1939 justicie
632 1833 791 1928 ordinis,
813 1862 883 1913 nos
898 1832 1055 1909 facimus
1068 1832 1174 1910 vobis
1192 1833 1295 1910 illam
1312 1833 1590 1939 indulgenciam
1607 1861 1721 1938 quam

305 1989 505 2067 possumus
525 1979 563 2039 et
583 1962 783 2052 debemus;
806 1980 844 2039 et
868 1962 961 2038 dixit
980 1963 1060 2068 ipse
1083 1961 1189 2038 testis
1208 1962 1313 2067 quod
1334 1961 1432 2038 dicta
1449 1960 1562 2036 verba
1581 1962 1620 2036 in
1639 1961 1722 2038 vul-

306 2091 384 2198 gari
399 2091 620 2167 dicebantur
633 2093 671 2167 in
684 2093 787 2167 hunc
804 2090 963 2168 modum
978 2122 987 2168 z
1003 2092 1082 2192 tEt
1099 2091 1145 2167 de
1163 2108 1221 2170 tot
1235 2118 1342 2198 aysqo
1362 2090 1437 2197 qu'e
1454 2119 1519 2169 vos
1538 2118 1608 2171 nos
1628 2091 1722 2200 lays-

309 2237 408 2305 ·satz
425 2250 445 2297 a
462 2220 542 2298 dire
557 2248 626 2327 per
640 2239 727 2298 outa
742 2222 789 2297 de
805 2220 840 2296 la
855 2221 970 2297 cham
982 2249 1006 2297 o
1019 2250 1193 2326 perypaor
1203 2221 1249 2297 de
1263 2220 1299 2296 la
1309 2221 1446 2326 justiza
1461 2221 1508 2297 de
1525 2219 1561 2296 la
1573 2249 1719 2327 meyso,

309 2351 432 2457 «aytal
450 2352 567 2457 pardo
587 2378 652 2429 vos
671 2378 719 2428 en
738 2350 813 2426 lam
842 2378 960 2456 quom
986 2350 1126 2455 podem
1154 2350 1193 2425 ni
1220 2349 1405 2439 devem;»
1429 2364 1466 2425 et
1490 2347 1723 2455 intelligebat

308 2479 429 2558 dictus
448 2482 554 2558 testis
576 2510 650 2588 per.
665 2481 832 2586 predicta
849 2480 977 2571 verba,
999 2496 1042 2556 ut
1064 2478 1174 2568 dixit,
1196 2479 1302 2585 quod
1322 2495 1419 2555 esset
1437 2477 1601 2555 intencio
1621 2477 1723 2579 illius

307 2612 372 2715 qui
396 2593 549 2690 tenebat
568 2612 774 2718 capitulum
799 2627 837 2688 et
862 2609 1010 2687 dicebat
1032 2609 1199 2716 predicta
1222 2608 1350 2698 verba,
1379 2608 1484 2714 quod
1507 2606 1643 2684 faceret
1665 2609 1724 2692 di-

307 2755 402 2817 ctam
419 2741 698 2848 indulgenciam
717 2768 833 2847 quam
851 2756 998 2844 poterat
1016 2755 1054 2816 et
1074 2737 1256 2827 debebat,
1277 2738 1456 2816 fratribus
1480 2737 1518 2813 in
1546 2737 1722 2843 capitulio

308 2869 565 2958 existentibus,
588 2870 634 2946 de
656 2869 729 2946 illis
751 2896 826 2977 que
845 2896 922 2947 non
945 2868 1159 2949 obmisisset
1183 2868 1307 2946 dicere
1334 2868 1373 2944 in
1396 2868 1497 2945 dicto
1522 2865 1720 2971 capitulio,
1755 2918 1758 2923 ·

306 3016 462 3105 propter
489 2999 754 3077 verecundiam
773 2998 893 3077 carnis
913 2997 1042 3074 veleb
1062 3014 1410 3104 metumpenarum
1431 2995 1588 3088 ordinis,
1606 3023 1725 3101 quan-

306 3145 390 3204 tum
410 3128 458 3204 ad
476 3157 613 3234 penam
632 3127 891 3234 temporalem.
908 3128 1077 3222 Quidam
1095 3145 1224 3205 tamen
1242 3156 1288 3205 er
1305 3127 1414 3204 dictis
1435 3125 1601 3203 dominis
1620 3152 1723 3203 com-

285 3257 484 3337 missariis
503 3257 763 3367 intelligebant
779 3257 883 3365 quod
900 3257 1067 3365 predicta
1085 3258 1198 3337 verba
1222 3256 1406 3337 baberent
1425 3283 1594 3345 sensum,
1616 3253 1723 3359 quod

306 3405 439 3465 tenens
459 3387 663 3496 capitulum
683 3388 820 3466 faceret
839 3389 1118 3495 indulgenciam
1137 3419 1253 3497 quam
1271 3404 1418 3495 poterat
1438 3404 1475 3464 et
1495 3382 1656 3462 debebat
1675 3382 1723 3459 de

308 3518 465 3622 peccatis
492 3547 565 3625 que
596 3517 840 3595 obmitterent
868 3519 992 3597 dicere
1020 3519 1061 3596 iu
1085 3517 1257 3625 capitulis
1280 3533 1433 3623 propter
1460 3510 1723 3590 verecundiam

307 3648 426 3723 carnis
444 3647 504 3723 vel
524 3647 574 3725 ob
593 3664 739 3725 metum
759 3675 942 3752 penarum
962 3648 1117 3725 ordinis.
1138 3646 1354 3761 Requisitus
1377 3645 1408 3722 si
1429 3641 1569 3719 audivit
1591 3637 1651 3715 vel
1670 3639 1724 3715 vi-

308 3775 365 3850 dit
383 3775 488 3879 quod
503 3774 637 3881 aliquis
654 3773 895 3852 confiteretur
912 3777 952 3852 in
966 3776 1137 3882 capitulis
1157 3802 1290 3850 eorum
1310 3790 1457 3878 peccata
1477 3767 1650 3855 carnalia,
1666 3768 1724 3845 vel

309 3903 434 4012 aliqua
452 3903 524 3980 alia
544 3933 588 3981 ex
607 3904 746 4010 quibus
764 3905 949 4009 potuisset
965 3905 1126 4010 perdere
1146 3903 1320 3983 ordinem
1338 3903 1397 3980 vel
1417 3899 1656 3988 mantellum,
1671 3925 1725 3973 re-

309 4032 461 4139 spondit
479 4030 583 4140 quod
601 4060 797 4138 nunquam
814 4031 956 4110 viderat
974 4061 1045 4111 nec
1061 4031 1252 4110 audiverat
1270 4033 1343 4109 hoc
1359 4031 1407 4108 de
1421 4028 1580 4136 peccatis
1597 4054 1723 4104 carna-

309 4163 426 4253 libus,
449 4164 516 4240 sed
537 4164 583 4240 de
603 4162 793 4269 aliquibus
812 4161 895 4240 aliis
914 4163 1034 4269 culpis
1053 4163 1221 4241 notoriis.

364 4295 475 4383 Item,
500 4293 704 4399 requisitus
723 4291 916 4398 quomodo
939 4291 1170 4400 intelligebat
1189 4291 1345 4398 illaque
1365 4289 1613 4395 suprascripta
1636 4304 1725 4364 sunt

309 4423 349 4500 in
365 4422 651 4530 interrogatorio
665 4421 760 4499 lacto
779 4439 866 4527 post
882 4424 1170 4531 responsionem
1183 4421 1231 4500 ad
1244 4449 1304 4503 xv1
1318 4421 1534 4506 articulum,
1550 4417 1724 4495 videlicet

310 4553 340 4630 si
356 4551 495 4628 sciebat
506 4553 566 4629 vel
581 4551 755 4630 credebat
769 4553 874 4658 quod
886 4553 942 4630 illi
958 4554 1023 4660 qui
1042 4554 1225 4630 adherant
1241 4551 1413 4657 capitulis
1433 4549 1628 4627 crederent
1642 4574 1723 4624 esse

310 4678 475 4765 absoluti,
489 4709 510 4759 a
523 4681 680 4786 peccatis
699 4681 908 4760 carnalibus
926 4683 984 4760 vel
999 4683 1086 4761 aliis
1102 4680 1274 4789 gravibus
1292 4683 1340 4758 de
1360 4679 1500 4787 quibus
1516 4704 1594 4754 non
1614 4672 1724 4755 consr-

309 4812 502 4903 tebantur;
523 4811 571 4887 ad
589 4839 663 4919 que
681 4812 924 4918 responderat
942 4841 982 4894 se
1002 4815 1155 4895 credere
1174 4811 1279 4920 quod
1297 4811 1412 4922 aliqui
1428 4810 1560 4889 fratres
1579 4805 1724 4911 simpli·

396 4944 500 5010 raonis
520 4966 574 5012 ors
594 4967 764 5011 rrururas.
778 4968 854 5008 -1.
1556 4945 1597 5006 50
