4080 6052
321 553 409 626 ¹aaa
711 526 1356 625 rnectsnssrrurnmns
1641 610 1644 617 .

327 693 558 773 Belracenais
577 690 753 780 (limosis,
773 705 972 796 preceptor
986 688 1123 765 domus
1142 685 1274 791 templi
1291 686 1338 762 de
1352 682 1588 765 BelloViasn
1601 687 1749 771 Ambia-

327 824 453 903 nensis
467 823 641 909 diocesis,
657 821 764 899 testis
783 821 1052 926 supnajuratus,
1066 834 1111 893 ut
1123 817 1330 922 deponeret
1348 814 1497 903 dimin
1514 845 1648 908 suum,
1671 850 1745 900 non

327 953 513 1031 defferens
532 950 754 1029 mantellum
775 950 934 1036 ordinis,
956 948 1045 1054 quia
1063 947 1189 1053 ipsum
1214 947 1407 1025 dimiserat
1432 946 1474 1023 in
1498 949 1653 1030 concilio
1672 954 1742 1029 Re-

326 1083 443 1160 mensi
462 1109 537 1159 una
552 1110 638 1159 cum
658 1080 831 1187 pluribus
846 1078 943 1166 aliis,
957 1094 994 1155 et
1006 1095 1135 1184 postea
1149 1076 1229 1154 radi
1240 1074 1379 1153 fecerat
1389 1074 1463 1153 sibi
1475 1074 1648 1171 barbam,
1663 1097 1739 1159 eta·

285 1218 302 1249 ⁸
323 1214 371 1289 tis
390 1213 623 1321 septuaginta
646 1211 813 1291 duorum
839 1236 1026 1287 annorum
1042 1207 1105 1288 vel
1122 1208 1233 1294 circa,
1255 1235 1343 1283 cum
1366 1233 1445 1312 quo
1471 1206 1600 1286 fuerat
1620 1211 1740 1319 inepri-

324 1345 437 1437 sjtum
464 1372 533 1449 per
556 1341 755 1422 dominum
782 1340 1001 1449 episcopum
1023 1336 1337 1424 ambianensem,
1368 1336 1434 1441 qui
1468 1365 1573 1415 nunc
1599 1357 1676 1428 est,
1704 1359 1741 1419 et

324 1473 518 1552 absolutus
537 1490 576 1551 et
589 1471 856 1581 ‚reconciliatus
867 1498 937 1577 per
955 1497 1062 1557 eum;
1080 1467 1187 1545 lectis
1207 1483 1335 1544 autem
1354 1482 1393 1543 et
1411 1462 1618 1573 diligenter
1635 1497 1742 1576 expo

322 1604 403 1679 sitis
422 1603 493 1679 sibi
522 1600 702 1679 omnibus
721 1617 759 1676 et
783 1598 939 1707 singulis
958 1597 1138 1686 articulis,
1161 1596 1359 1703 respondit
1381 1594 1430 1672 ad
1454 1623 1535 1686 eos,
1562 1615 1602 1675 et
1619 1601 1739 1706 primo

321 1731 369 1809 ad
388 1733 531 1837 primos
549 1759 630 1822 mn,
651 1758 691 1808 se
712 1730 864 1807 credere
884 1730 987 1836 quod
1003 1729 1065 1806 alii
1085 1727 1215 1805 fratres
1243 1726 1508 1832 reciperentur
1530 1730 1737 1809 commmi-

320 1878 379 1938 ter
397 1862 435 1938 in
452 1862 605 1953 ordine,
630 1862 728 1939 sicut
750 1861 829 1965 ipsc
854 1859 927 1936 luit
941 1876 1131 1966 receptus,
1148 1858 1350 1937 Dominica
1373 1857 1647 1961 postmedium
1663 1859 1737 1938 du·

320 2010 474 2096 gustum
499 1992 671 2095 proximo
697 1989 845 2095 lapsum
869 1988 1024 2066 fuerunt
1039 2015 1110 2066 xxx
1128 1988 1216 2064 anni
1237 1987 1296 2065 vel
1317 1987 1429 2082 circa,
1451 1987 1492 2063 in
1516 1988 1660 2095 capella
1678 1989 1742 2066 do-

321 2149 406 2197 mus
424 2121 575 2226 Templi
597 2123 643 2197 de
662 2119 841 2196 Moderiis
852 2118 1113 2196 Ambianensis
1126 2118 1300 2206 diocesis,
1314 2144 1382 2223 per
1400 2120 1559 2199 fratrem
1577 2118 1739 2199 Arnenm

321 2252 367 2326 de
392 2250 606 2356 Villeprous
634 2248 795 2327 militem
819 2249 1029 2355 quondam,
1055 2264 1315 2355 preceptorem
1342 2268 1436 2327 tunc
1469 2250 1624 2328 ballivis
1649 2252 1740 2328 Pon·

318 2381 394 2471 tivi,
415 2381 654 2485 presentibus
672 2377 848 2457 fratribus
867 2377 1004 2456 Anrico
1025 2379 1072 2456 de
1088 2379 1296 2457 Gamaches
1309 2381 1520 2484 presbitero
1534 2381 1738 2486 quondam,

318 2528 545 2588 curatotunc
559 2511 815 2616 d'Oysemont,
829 2508 1027 2615 Arnulpho
1041 2507 1089 2585 de
1101 2508 1216 2586 Guise
1226 2524 1319 2585 tunc
1331 2526 1553 2616 preceptore
1570 2510 1669 2588 dicte
1680 2511 1742 2588 do

318 2671 418 2733 mus,
434 2644 591 2748 Hugone
605 2641 652 2716 de
669 2639 890 2716 Frahenvile
906 2638 1163 2728 servientibus,
1182 2637 1399 2730 deffunctis;
1417 2670 1439 2717 a
1455 2669 1534 2748 quo
1549 2659 1741 2746 receptore

317 2772 430 2875 peciit
448 2800 584 2877 panem
611 2785 648 2848 et
668 2799 819 2877 aquam,
842 2771 1057 2846 societatem
1082 2785 1119 2844 et
1143 2796 1348 2873 pauperem
1374 2771 1553 2848 vestitum
1579 2771 1733 2860 ordinis,

316 2899 460 3005 pluries
479 2920 681 3006 antequam
705 2902 738 2976 ei
765 2899 969 2978 concedere
989 2897 1118 2985 vellet,
1142 2914 1179 2974 et
1203 2898 1426 2976 deliberavit
1453 2901 1568 2977 eciam
1593 2898 1734 3003 pluries

318 3058 405 3106 cum
435 3032 542 3107 dictis
566 3033 744 3108 fratribus
772 3033 803 3109 si
837 3060 925 3108 eum
948 3030 1146 3135 reciperet,
1174 3047 1212 3104 et
1238 3030 1331 3107 dixit
1356 3032 1392 3106 ei
1418 3033 1525 3138 quod
1551 3048 1737 3136 oporteret

319 3188 408 3236 eum
434 3187 512 3236 esse
540 3189 687 3236 servum
716 3160 902 3236 esclavum
925 3159 1084 3250 ordinis,
1110 3161 1302 3264 propriam
1326 3161 1562 3238 voluntatem
1589 3176 1741 3268 propter

318 3290 476 3365 alienam
493 3289 700 3376 dimittere,
718 3306 756 3365 et
774 3288 894 3363 multa
913 3290 1006 3363 dura
1023 3306 1060 3365 et
1075 3317 1205 3393 aspera
1220 3291 1418 3378 sustinere,
1437 3309 1572 3367 etcum
1587 3320 1740 3396 respon-

318 3420 433 3496 disset
460 3421 539 3524 ipse
561 3421 666 3495 testis
696 3420 800 3523 quod
829 3418 955 3492 omnia
987 3418 1203 3509 sustineret,
1237 3420 1324 3496 sec-it
1352 3449 1439 3497 eum
1463 3421 1592 3524 jurare
1623 3450 1739 3525 super

317 3552 507 3656 quendam
532 3550 675 3625 librum
700 3567 738 3624 et
759 3576 891 3623 vovere
912 3548 1132 3634 castitatem,
1155 3549 1275 3625 vivere
1297 3551 1377 3627 sine
1398 3549 1559 3655 proprio,
1583 3566 1621 3625 et
1642 3548 1735 3625 obe-

318 3680 397 3755 dire
413 3680 591 3756 omnibus
605 3678 789 3784 preceptis
805 3706 879 3781 que
897 3678 1032 3753 fierent
1048 3679 1134 3764 sibi,
1150 3707 1294 3755 servare
1315 3681 1434 3757 honos
1450 3706 1539 3755 usus
1557 3695 1595 3754 et
1613 3677 1734 3753 bonas

317 3810 608 3885 eonsuetudines
632 3809 792 3895 ordinis3
817 3808 1063 3911 postmodum
1079 3808 1246 3912 inposuit
1263 3810 1334 3885 sibi
1349 3809 1585 3896 mantellum,
1603 3826 1641 3885 et
1659 3810 1736 3913 ipse

317 3958 353 4015 et
385 3940 515 4014 sratrcs
541 3956 699 4017 astantes
726 3938 883 4015 fuerunt
912 3967 1000 4013 cum
1029 3938 1182 4013 osculati
1217 3940 1255 4014 in
1289 3968 1372 4027 ore;
1402 3940 1649 4047 postmodum
1682 3940 1735 4015 in-

315 4071 449 4146 struxit
463 4099 550 4146 eum
572 4088 667 4176 quot
684 4072 813 4147 Pester
829 4085 942 4146 noster
955 4069 1118 4146 debebat
1139 4070 1262 4144 dicere
1278 4099 1348 4174 pro
1364 4071 1470 4147 horis
1490 4071 1579 4159 suis,
1601 4088 1639 4146 et
1650 4099 1735 4175 qua-

316 4200 401 4275 liter
426 4231 464 4277 se
498 4218 661 4308 regemn
690 4199 827 4275 deinde
855 4199 1022 4304 precepit
1052 4200 1085 4275 ei
1116 4200 1219 4303 quod
1242 4218 1394 4303 spueret
1411 4228 1527 4305 super
1548 4200 1733 4305 quandam

317 4359 465 4406 crucem
477 4333 523 4407 de
534 4358 659 4436 panno
673 4330 804 4413 rubeo,
823 4329 983 4432 positam
996 4357 1064 4434 per
1080 4328 1224 4403 dietum
1240 4346 1474 4434 receptorem
1490 4358 1608 4434 super
1622 4329 1735 4434 quod

318 4460 403 4535 dam
421 4490 619 4548 scannum3
635 4476 672 4536 et
690 4488 776 4533 eum
797 4459 875 4562 ipse
896 4459 1001 4535 testis
1015 4459 1270 4562 respondisset
1285 4459 1389 4562 quod
1402 4460 1475 4536 hoc
1496 4459 1607 4536 nullo
1625 4459 1733 4535 modo

318 4588 470 4675 laceret,
492 4591 583 4666 dixit
604 4592 637 4666 ei
657 4590 761 4694 quod
776 4589 972 4692 oportebat
993 4617 1081 4664 eum
1101 4590 1173 4664 hoc
1188 4589 1325 4675 lacere,
1348 4590 1436 4694 quia
1452 4617 1589 4665 eorum
1610 4588 1733 4696 religio

319 4735 398 4792 erat
423 4719 524 4807 talis,
552 4737 589 4794 et
614 4738 704 4796 tunc
727 4721 806 4825 ipse
830 4721 935 4797 testis
961 4720 1124 4796 multum
1146 4720 1319 4796 turbatus
1335 4736 1372 4795 et
1391 4719 1524 4795 dolens
1544 4721 1649 4824 spuit
1664 4745 1729 4793 non

319 4875 432 4953 super
452 4847 518 4923 sed
532 4849 636 4953 juxta
664 4851 799 4926 dictam
821 4880 989 4940 crucem3
1011 4850 1282 4956 subsequenter
1298 4850 1467 4955 precepit
1489 4850 1522 4926 ei
1550 4850 1657 4955 quod
1674 4846 1731 4922 ab
