4080 6052
694 536 891 629 rnocns
916 554 1012 626 nas
1038 554 1339 629 rononrnns.
1650 565 1724 638 ros

366 705 476 792 Item,
497 701 543 778 ad
569 725 709 777 nro-vu
730 696 927 803 respondit
953 680 1129 803 utsupra
1155 696 1204 773 do
1223 698 1340 773 modo
1360 699 1589 806 recepcionis
1615 720 1653 776 et
1683 705 1729 779 de

308 863 429 909 m1n1s.
1020 905 1024 913 .

362 965 474 1053 Item,
496 963 545 1039 ad
572 986 799 1040 nxvru-nrxu
823 957 1019 1064 respondit
1038 958 1145 1064 quod
1172 987 1215 1035 ex
1234 974 1468 1037 sacramento
1491 959 1728 1053 tenebantur,

305 1111 350 1170 nt
375 1118 489 1200 supin
507 1091 701 1199 deposuit,
723 1118 799 1167 non
821 1088 1002 1167 revellare
1022 1106 1166 1166 soorsta
1186 1090 1346 1181 ordinis,
1369 1107 1407 1167 at
1425 1090 1454 1166 si
1475 1089 1729 1182 ravellassent,

306 1224 427 1302 orodit
445 1224 551 1331 qnod
568 1222 729 1300 fuissent
747 1220 980 1310 incarcerati,
1001 1220 1090 1327 quia
1114 1221 1145 1298 si
1175 1220 1291 1297 sciam
1311 1220 1551 1299 revollassent
1575 1223 1729 1303 honesta

306 1379 382 1460 que
402 1353 548 1432 fiebant
566 1353 605 1429 in
624 1351 812 1459 capitulis,
833 1350 992 1430 fuissent
1010 1351 1242 1428 incarcerati,

364 1478 483 1575 itero,
507 1487 554 1562 od
575 1506 661 1561 txtn
680 1483 891 1589 respondit,
911 1499 1100 1588 utsupra,
1120 1506 1252 1558 verum
1270 1508 1364 1557 esso.

362 1615 411 1690 Et
430 1617 478 1693 sd
498 1640 675 1695 txxun-vt
688 1614 886 1720 respondit
904 1629 1078 1689 contenta
1096 1612 1135 1688 in
1157 1612 1210 1690 eis
1230 1639 1309 1688 esse
1329 1638 1426 1688 vera.

361 1746 475 1833 Item,
490 1747 536 1823 sd
558 1771 678 1826 axxvn
699 1762 737 1822 et
756 1760 959 1851 sequentes
977 1766 1099 1851 usque
1117 1743 1165 1821 ad
1183 1741 1399 1828 articulum,
1419 1741 1510 1818 item
1525 1743 1630 1847 quod
1648 1742 1731 1821 elle·

305 1876 469 1965 mosius,
485 1877 683 1983 respondit
697 1904 737 1952 se
754 1876 908 1952 erodere
927 1873 1035 1981 qnod
1049 1875 1144 1952 ordo
1165 1872 1211 1950 ab
1231 1872 1344 1949 inicio
1363 1871 1593 1960 fastiosos,
1612 1875 1732 1950 credit

305 2023 432 2081 umen
454 2023 628 2084 oonosnta
648 2008 687 2083 in
707 2006 798 2111 ipsis
817 2005 985 2083 articulis
999 2033 1084 2083 ossa
1101 2032 1203 2093 tara,
1225 2004 1313 2111 quia
1329 2004 1505 2113 Magister
1521 2031 1679 2111 magnus
1694 2024 1730 2081 et

307 2133 387 2225 alii,
409 2152 585 2241 utsupra
610 2135 802 2242 deposuit,
825 2133 983 2212 confossi
1002 2134 1173 2222 funerant,
1193 2151 1234 2212 st
1251 2134 1356 2241 qood
1381 2135 1469 2212 dicti
1491 2161 1636 2212 errores
1662 2163 1731 2240 per

307 2263 427 2342 malos
447 2267 644 2372 magistros
664 2265 820 2341 suerunt
839 2265 878 2338 in
899 2263 998 2340 dioto
1019 2266 1152 2340 ordine
1178 2265 1398 2354 introducti3
1420 2265 1490 2341 alia
1511 2293 1623 2370 super
1643 2266 1731 2370 ipsis
1860 2332 1862 2337 ,

308 2395 472 2471 articulis
492 2396 585 2472 dixit
602 2424 643 2472 se
663 2395 817 2472 nescire.

365 2526 475 2615 Item,
496 2527 543 2602 ad
563 2550 676 2611 xcvo,
705 2525 752 2600 da
769 2523 1024 2609 elimosinis,
1045 2523 1243 2629 rospondit
1265 2524 1371 2629 quod
1390 2523 1470 2629 ipse
1493 2522 1651 2600 faciebat
1670 2553 1731 2601 eas

304 2653 389 2729 fiori
410 2655 676 2731 convenienter
693 2654 735 2729 in
754 2653 846 2730 locis
865 2653 905 2730 in
925 2643 1070 2759 qnibns
1089 2669 1183 2739 erat,
1206 2653 1325 2729 credit
1343 2670 1470 2730 tamen
1490 2652 1594 2758 quod
1615 2653 1729 2760 aliqui

304 2784 362 2859 vei
384 2801 539 2890 propter
558 2784 751 2862 avariciam
771 2784 829 2860 vel
849 2799 1005 2889 proptor
1031 2782 1303 2889 negiigonciam
1322 2812 1398 2860 non
1417 2782 1583 2861 facerent
1601 2801 1644 2860 ut
1664 2787 1729 2862 de-

304 2913 461 3002 bobant,
479 2933 517 2992 ot
534 2915 598 2991 itte
616 2914 681 3021 qni
703 2943 792 2991 enm
810 2914 963 3018 recepit,
981 2912 1151 3019 pracepit
1168 2913 1201 2989 ei
1219 2915 1385 3019 quodam
1398 2930 1567 3019 tompore
1585 2907 1729 2991 oanistie

303 3046 410 3150 quod
428 3045 660 3121 diminuerat
674 3044 949 3131 elimosinam,
967 3043 1046 3150 ipso
1065 3061 1192 3121 tamtm
1212 3071 1289 3120 non
1310 3043 1477 3121 obedivit
1494 3044 1545 3130 ei,
1562 3062 1605 3122 ut
1624 3046 1727 3122 dixit.

363 3175 474 3260 itero,
494 3176 542 3251 ad
561 3200 711 3252 town-o
731 3175 928 3287 rospondit
946 3202 985 3251 se
1005 3174 1123 3252 niohil
1141 3175 1252 3263 scire,
1275 3203 1344 3251 noc
1363 3174 1547 3252 audivisse
1568 3175 1652 3252 dioi.

311 3337 313 3345 ⁴
364 3306 474 3396 item,
502 3308 549 3383 ad
569 3306 750 3396 o1-v1‚·de
778 3305 1023 3385 clamdestino
1050 3306 1286 3412 receptione,
1308 3307 1505 3414 respondit
1530 3324 1573 3383 nt
1602 3335 1727 3412 supra,

307 3434 378 3511 alia
399 3436 493 3513 dixit
511 3464 551 3513 se
570 3436 713 3514 noscito
734 3437 805 3515 nisi
825 3422 932 3544 quod
950 3437 1119 3543 prodicta
1138 3435 1281 3515 fiebant
1295 3438 1422 3544 jannis
1441 3437 1589 3526 clausis,
1608 3453 1648 3512 et
1668 3436 1731 3512 de-

304 3566 510 3670 putabatur
528 3592 629 3647 unus
647 3569 813 3646 serviens
830 3569 896 3675 qui
914 3568 1128 3674 presideret
1147 3595 1194 3644 ne
1209 3567 1330 3674 aliqui
1351 3584 1504 3673 possent
1521 3592 1585 3646 eos
1603 3567 1729 3644 videro

307 3697 365 3772 voi
383 3699 525 3775 audire.
918 3727 923 3736 ·

366 3826 477 3916 hem,
490 3828 538 3902 ad
552 3852 675 3905 cvii-rr
688 3828 884 3933 respondit
900 3856 939 3904 so
956 3826 1074 3905 nichil
1088 3828 1183 3905 scire
1203 3828 1275 3904 nisi
1293 3830 1396 3935 quod
1416 3856 1527 3936 supra
1544 3828 1728 3933 deposuit.

366 3954 477 4046 Item,
500 3957 548 4031 ad
567 3981 718 4033 extr-nn
734 3958 932 4062 respondit
951 3985 992 4035 sa
1011 3958 1166 4034 eradere
1180 3984 1268 4035 vera
1284 3986 1363 4034 esso
1383 3974 1557 4036 contenta
1575 3958 1615 4034 in
1636 3958 1700 4034 ais.

366 4084 477 4175 Item,
494 4084 546 4161 ad
565 4111 754 4163 oxon-nvn
771 4087 968 4192 respondit
986 4103 1030 4163 ut
1049 4114 1178 4193 supra,
1200 4086 1271 4164 alia
1288 4087 1386 4164 dirit
1401 4115 1440 4164 se
1459 4087 1615 4163 nescire.

364 4215 476 4306 Item,
499 4216 547 4292 sd
566 4199 676 4294 orivm
699 4215 895 4320 respondit
915 4244 954 4294 so
974 4216 1119 4294 nescire
1140 4217 1245 4323 quod
1265 4215 1400 4322 aliquis
1417 4217 1570 4294 exiverit
1589 4218 1729 4294 dictutn

308 4344 485 4421 ordinem
505 4361 660 4451 propter
677 4343 852 4423 feditatos
868 4346 1065 4452 predictas.
1094 4372 1101 4387 ·

344 4476 477 4564 ,ltsm‚
499 4475 546 4551 sd
566 4500 691 4554 oxvrm
705 4477 903 4583 respondit
920 4506 960 4555 se
981 4478 1135 4556 credere
1152 4492 1328 4554 oontonta
1343 4477 1384 4553 in
1403 4496 1450 4554 oo
1469 4504 1550 4555 asse
1569 4504 1665 4555 tera.

366 4604 476 4696 Item,
502 4608 551 4684 ad
577 4631 751 4684 cxx-uus
772 4607 968 4714 respondit
986 4626 1027 4684 te
1047 4607 1209 4685 erodere·
1225 4608 1330 4714 qnod
1354 4608 1417 4685 illa
1441 4637 1515 4715 que
1542 4609 1732 4688 confessas

309 4749 366 4809 ost
385 4762 497 4839 supra
513 4753 637 4814 essent
650 4753 740 4814 nota
759 4738 858 4816 inter
877 4737 1011 4816 fratros
1030 4736 1120 4816 disti
1141 4738 1301 4831 ordinis,
1323 4739 1372 4817 de
1393 4757 1493 4818 extra
1511 4740 1627 4826 nichil
1646 4742 1727 4827 soit,

309 4880 352 4939 nt
371 4863 475 4940 dixit.
