4148 6052
712 546 907 637 rancus
934 562 1028 635 uss
1055 561 1355 635 rsurmsns.
1669 565 1741 636 505

326 710 460 798 einais,
477 707 695 785 habuissent
709 709 797 786 satis
808 708 901 813 pati,
916 707 1034 784 eciam
1046 706 1077 783 si
1090 705 1315 783 revelassent
1327 704 1505 781 fratribus
1519 703 1662 780 ordinis
1677 708 1743 810 qui

326 868 402 916 non
427 837 694 916 interfuissent.
720 841 803 917 Non
824 837 965 918 audivit
989 836 1138 945 injungi
1158 838 1262 943 quod
1281 863 1360 914 non
1381 834 1651 913 confiterentur
1671 837 1741 913 nisi

324 969 580 1046 sacerdotibus
611 969 773 1061 ordinis,
807 970 903 1059 imo,
936 969 1036 1046 bene
1068 965 1346 1045 confitebantur
1378 967 1470 1044 aliis.
1502 968 1649 1044 Fratres
1678 969 1744 1073 qui

324 1100 491 1178 sciebant
520 1101 641 1177 dictos
666 1127 812 1178 errores
830 1100 1069 1210 negligentes
1091 1099 1260 1187 suerunt,
1282 1100 1466 1205 quianon
1488 1116 1742 1184 correxeram,
1835 1138 1842 1151 ·

324 1259 393 1308 nec
413 1230 735 1307 denunciaverunt
748 1230 923 1307 Ecclesie.
946 1231 988 1306 ln
1013 1229 1107 1307 locis
1132 1229 1170 1305 in
1193 1230 1333 1335 quibus
1354 1227 1428 1306 fuit
1446 1245 1628 1318 moratus,
1655 1229 1747 1305 vidit

326 1359 649 1437 elemosinasfreri
671 1377 709 1436 et
732 1360 1027 1468 hospitalitatem
1046 1360 1167 1436 teneri
1188 1358 1430 1436 sufficienter.
1450 1357 1600 1435 Audiuit
1619 1375 1745 1435 tamen

326 1491 398 1566 dici
418 1490 522 1596 quod
547 1490 659 1567 frater
686 1491 773 1569 Ger.
800 1491 849 1568 de
874 1489 1097 1578 villaribus,
1120 1505 1212 1565 tunc
1238 1504 1434 1594 preceptor
1451 1489 1536 1565 Brie
1571 1507 1609 1564 et
1639 1490 1746 1565 Mon·

322 1621 370 1697 tis
391 1592 685 1711 suessionensis,
708 1620 795 1697 fecit
818 1620 997 1726 restringi
1018 1637 1057 1697 et
1074 1617 1178 1724 quasi
1199 1618 1391 1695 anichilari
1420 1618 1548 1725 aliquo
1572 1637 1747 1724 tempore

324 1751 562 1838 elemosinas,
583 1752 624 1829 in
648 1751 764 1829 domo
790 1751 839 1828 de
856 1750 1072 1829 Colomeris
1091 1748 1293 1828 Meldcnsis
1317 1749 1489 1826 diocesis.
1511 1748 1616 1827 Clam
1642 1767 1748 1827 tene·

323 1881 462 1958 bantur
489 1880 683 1987 capitulio,
710 1880 839 1989 januis
866 1880 1017 1969 clausis,
1049 1878 1166 1956 nullis
1193 1877 1429 1984 presentibus
1456 1879 1527 1955 nisi
1553 1878 1745 1967 fratribus,

325 2012 373 2086 de
394 2011 620 2101 dictamen,
642 2029 681 2088 et
698 2028 785 2116 post
801 2011 952 2088 missam
973 2027 1012 2085 et
1029 2036 1257 2087 sermonem.
1279 2012 1473 2088 Servatum
1495 2008 1625 2087 fuisset
1644 2012 1747 2116 qnod

326 2168 486 2249 magnus
514 2142 690 2247 Magister
724 2169 811 2217 cum
842 2158 1029 2218 conventu
1058 2140 1287 2227 ordinasset,
1319 2141 1348 2215 si
1379 2138 1509 2217 fuisset
1534 2139 1681 2216 bonum
1713 2159 1749 2218 et

326 2272 441 2359 male,
462 2272 529 2349 sed
549 2271 666 2348 semel
685 2270 890 2363 ordinavit,
911 2271 949 2347 in
972 2273 1102 2347 Monte
1120 2270 1342 2357 Pessulano‚
1358 2272 1465 2377 qnod
1478 2298 1556 2347 uon
1574 2273 1749 2349 comede·

325 2419 410 2478 rent
432 2402 502 2478 nisi
525 2401 853 2489 unumferculum
874 2401 922 2477 de
944 2401 1136 2489 carnibus,
1159 2418 1197 2477 et
1215 2428 1291 2476 non
1311 2399 1382 2476 fuit
1400 2419 1596 2478 servatum.
1618 2402 1748 2479 Credit

326 2534 430 2637 quod
449 2534 604 2640 grandia
629 2532 801 2611 scaudala
827 2534 903 2609 sint
923 2549 1053 2609 contra
1075 2531 1248 2608 ordinem
1274 2548 1416 2618 exorta,
1437 2548 1593 2636 propter
1611 2533 1750 2609 confes

326 2663 449 2741 aiones
468 2692 536 2769 per
554 2664 686 2742 fratres
701 2665 846 2743 ordinis
860 2663 989 2751 factas,
1017 2679 1055 2739 ct
1071 2664 1177 2769 quod
1195 2690 1341 2739 errores
1363 2661 1557 2739 confesaati
1573 2691 1641 2769 per
1660 2691 1748 2741 sum

326 2813 449 2870 essent
466 2797 545 2872 noti
568 2796 747 2873 fratribus
769 2796 913 2873 ordinis
936 2811 1023 2872 ante
1044 2823 1177 2871 eorum
1194 2794 1426 2900 capcionem,
1447 2796 1513 2871 sed
1533 2821 1611 2871 non
1631 2812 1749 2873 extra·

327 2927 425 3017 neis;
447 2944 485 3002 et
513 2929 618 3033 quod
643 2956 800 3036 magnus
820 2926 995 3033 Magister
1024 2944 1062 3001 et
1089 2926 1151 3001 alii
1172 2925 1329 3002 confessi
1353 2925 1508 3002 fuerunt
1530 2926 1748 3033 abnegacio·

326 3084 414 3133 nem
435 3073 473 3133 et
492 3057 641 3162 aliquos
650 3057 756 3135 alios
776 3084 922 3135 errores
941 3074 1072 3135 contra
1090 3054 1281 3144 ordinem,
1300 3057 1348 3134 ad
1364 3057 1471 3164 cujus
1491 3055 1749 3134 defensionem

327 3215 366 3263 se
391 3213 467 3261 non
492 3185 682 3264 obtulerat
702 3188 780 3294 ipse
804 3190 925 3277 testis,
951 3206 995 3265 ut
1023 3186 1126 3264 dixit.
1153 3188 1369 3295 Requisitus
1393 3188 1423 3264 si
1449 3188 1502 3264 sic
1527 3188 1750 3293 deposuerat

326 3332 520 3423 precepto,
538 3316 693 3405 timore,
715 3345 861 3407 amore,
880 3319 989 3409 odio,
1006 3318 1063 3395 rel
1080 3319 1244 3396 comodo
1261 3317 1459 3425 tempomli
1471 3317 1601 3395 habito
1620 3318 1677 3392 vel
1692 3321 1751 3394 ha·

328 3446 473 3539 bendo,
502 3449 699 3554 respondit
717 3450 823 3555 quod
849 3478 944 3537 non,
966 3451 1034 3527 sed
1054 3478 1125 3556 pro
1146 3451 1301 3529 veritate
1322 3448 1492 3526 dicenda.
1513 3448 1584 3525 Cui
1605 3446 1753 3524 fuitim·

326 3566 490 3682 positum
508 3580 612 3685 quod
628 3606 705 3657 non
720 3580 903 3658 revelaret
919 3582 1017 3657 hanc
1036 3608 1142 3657 suam
1162 3580 1462 3685 deposicionem‚
1479 3605 1678 3685 quousque
1697 3596 1752 3653 at·

326 3709 542 3784 testationes
561 3708 702 3786 fuerint
723 3710 925 3815 publicate.
952 3713 999 3786 Et
1025 3726 1082 3786 est
1104 3710 1302 3785 sciendum
1327 3711 1432 3814 quod
1457 3709 1536 3815 ipse
1558 3709 1664 3786 testis
1680 3707 1751 3784 fuit

326 3837 365 3911 in
387 3835 488 3912 dicto
508 3837 669 3914 concilio
687 3837 899 3916 Senonensi
919 3840 1222 3944 condempnatus
1237 3840 1286 3915 ad
1300 3868 1485 3917 carcerem
1506 3856 1750 3946 perpetuum,

325 3983 508 4045 reservata
539 3982 721 4071 potestate
749 3968 969 4076 mitigandi,
1004 3969 1215 4045 secundnm
1250 3986 1530 4073 portamentum
1558 3970 1749 4075 ejusdem,

329 4113 370 4171 ut
391 4096 494 4172 dixit.

384 4360 536 4437 Eisdem
556 4360 617 4438 die
633 4378 672 4438 et
688 4361 774 4439 loco
795 4361 869 4440 fuit
887 4363 1076 4441 adductus
1102 4365 1148 4440 ad
1175 4366 1406 4471 presenciam
1435 4365 1658 4442 eorumdem
1682 4367 1751 4443 do·

327 4490 518 4566 minorum
545 4492 888 4572 commissariorum
914 4493 1030 4572 frater
1048 4494 1208 4573 Jacobns
1234 4494 1269 4571 le
1288 4497 1424 4603 Verjns
1449 4495 1630 4585 serviens,
1657 4496 1751 4573 M‘el—

329 4620 455 4695 densis
480 4621 654 4709 diocesis,
680 4623 786 4701 testis
815 4650 928 4731 supra
946 4626 1112 4733 juratus,
1140 4642 1183 4702 ut
1209 4626 1416 4730 deponeret
1444 4625 1588 4702 dictum
1615 4654 1749 4709 snum.

328 4777 405 4826 non
420 4749 594 4830 deferens
606 4753 830 4831 mantellum
846 4755 1006 4845 ordinis,
1022 4757 1109 4862 quia
1127 4757 1251 4863 ipsum
1266 4756 1459 4835 dimiserat
1474 4784 1561 4834 cum
1577 4756 1750 4866 pluribus

330 4878 413 4958 aliis
440 4882 478 4957 in
509 4884 669 4961 concilio
695 4884 919 4964 Senonensi.
954 4889 1202 4966 Postmodum
1229 4889 1307 4965 radi
1334 4888 1471 4966 fecerat
1489 4889 1560 4968 sibi
1577 4890 1748 4971 barbam.
