4080 6052
567 546 597 646 f
693 554 1338 671 nnoonsnnsrnurnjrnns.
1657 577 1725 648 ns
1841 625 1843 629 -

307 739 375 819 per
394 711 484 788 alios
502 709 725 799 faceremus,
747 730 786 788 et
809 707 1086 817 reportaremus
1106 715 1153 790 ad
1178 717 1352 793 dominos
1366 714 1651 810 'commissarios'
1663 743 1737 790 an-.

306 844 477 931 tedict0s‚
496 860 539 918 ut
556 870 670 948 super
684 843 862 947 predictis
877 843 1085 921 deliberare
1100 866 1263 950 possent.
1281 847 1560 925 Ordinaverunt
1575 844 1729 948 insuper
1864 930 1870 941 ¹

306 978 421 1054 iidem
442 976 586 1079 domini
606 975 851 1052 commissarii
876 994 913 1052 et
934 995 1183 1081 preceperunt
1207 977 1411 1055 venerabili
1437 976 1516 1051 viro
1531 971 1728 1079 preposito

305 1108 529 1196 Pictavensi,
561 1125 599 1183 et
623 1106 781 1183 lohanni
806 1107 852 1183 de
879 1107 1046 1183 Jamrilla
1064 1104 1293 1185 'custodibus
1318 1107 1619 1213 Templariorum
1645 1130 1731 1207 pre·
1797 1114 1801 1125 “

307 1238 430 1328 dictis,
455 1238 574 1344 quod,
606 1237 667 1313 die
692 1237 849 1314 crastina
873 1238 913 1313 in
936 1265 1063 1325 mane,
1088 1239 1318 1316 adducerent
1342 1239 1389 1314 ad
1411 1235 1643 1344 presenciam
1675 1234 1731 1308 di-

308 1384 455 1445 ctorum
468 1366 716 1443 ¹dominorum
738 1367 1080 1444 commissariorum
1100 1368 1139 1442 in
1158 1368 1326 1472 predicta
1343 1366 1482 1472 capella
1499 1363 1730 1470 supradictos

306 1495 437 1576 fratres
454 1499 532 1575 ι-Ρ.Δ
546 1497 595 1575 de
618 1498 800 1586 Bononia,
823 1499 889 1603 qui
908 1499 1101 1574 dicebatur
1118 1523 1197 1574 esse
1223 1499 1262 1573 in
1284 1500 1450 1575 Romana
1475 1496 1577 1589 curia
1596 1522 1731 1599 procu-

306 1644 410 1707 rator>
421 1626 579 1733 predicti
597 1628 755 1717 ordinis,
774 1628 1023 1734 Reginaldum
1051 1630 1098 1705 de
1116 1629 1256 1705 Pruino
1277 1646 1536 1734 preceptorem
1561 1623 1730 1703 Aurelia-

306 1786 461 1835 nensem
487 1757 740 1865 presbyteros,
769 1759 1017 1837 Guillelmum
1045 1759 1091 1835 de
1120 1758 1400 1846 Chambonnet,
1425 1775 1463 1833 et
1481 1754 1729 1833 bertrandum

306 1887 353 1964 de
373 1888 535 1994 Sartiges
557 1887 711 1977 milites,
736 1890 802 1994 qui
825 1889 939 1966 locuti
960 1889 1109 1965 fuerant
1127 1890 1166 1964 in
1185 1889 1281 1965 dicta
1300 1888 1360 1965 die
1375 1886 1506 1984 ,Sabati
1524 1914 1593 1990 pro
1612 1883 1732 1960 omni-

305 2015 379 2093 hus
399 2018 721 2124 aliisTemplariis
740 2019 973 2113 memoratis,
994 2036 1032 2097 et
1048 2019 1193 2125 aliquos
1213 2019 1304 2095 alios
1325 2019 1372 2094 de
1393 2015 1674 2094 discretioribus
1694 2032 1732 2089 et

281 2144 423 2251 magis
455 2147 612 2253 ydoneis
649 2149 881 2253 singularum
909 2149 1184 2254 provinciarum
1219 2149 1308 2225 dicti
1338 2147 1499 2235 ordinis,
1533 2172 1653 2250 usque
1684 2144 1731 2219 ad

307 2303 511 2353 numerum
537 2277 769 2368 novem,‘vel
793 2278 925 2354 decem
942 2296 1007 2354 aut
1028 2277 1230 2354 duodecim
1249 2279 1347 2354 inter
1372 2304 1514 2355 omnes.
1543 2277 1629 2368 Que
1647 2302 1732 2378 pre-

308 2405 396 2481 dicti
414 2405 627 2510 prepositus
644 2421 682 2481 et
697 2406 887 2482 lohannes
897 2405 1081 2482 dixerunt
1099 2433 1138 2481 se
1159 2405 1391 2509 impleturos.

255 2578 259 2584 ·
363 2537 555 2639 Postque,
577 2533 710 2609 eadem
727 2534 788 2609 die
808 2561 877 2640 ego
894 2532 1351 2622 FloriamonsDondedei,
1363 2532 1575 2609 Remardus
1590 2532 1729 2619 Filioli,

306 2664 519 2740 Bemardus
551 2661 777 2750 Humbaldi‚
804 2663 1000 2741 ¹lohannes
1029 2663 1184 2751 Loueti,
1221 2680 1259 2738 et
1285 2663 1473 2739 lohannes
1502 2661 1549 2737 de
1580 2661 1731 2738 Fellinis

305 2794 438 2870 notarii
459 2793 575 2900 hujus
593 2819 789 2898 processus
808 2792 982 2898 predicti,
1000 2792 1221 2870 accessimus
1239 2792 1485 2897 personaliter
1506 2791 1553 2868 ad
1573 2791 1730 2867 domum

306 2923 500 3002 Guillelmi
524 2924 571 3000 de
596 2922 632 2998 la
656 2924 776 3012 Huce‚
804 2923 843 2998 in
863 2923 943 2999 vico
967 2923 1014 2999 de
1039 2924 1190 3000 Marche
1214 2923 1321 3012 Palu,
1345 2923 1412 2998 ubi
1433 2923 1565 2999 decem
1590 2939 1627 2997 et
1647 2938 1730 2997 octo

307 3055 354 3132 de
387 3055 564 3161 predictis
595 3053 772 3131 fratribus
799 3050 1048 3142 tenebantur,
1073 3052 1245 3130 videlicet
1272 3052 1403 3129 fratres
1430 3049 1657 3130 Guillelmus
1673 3053 1730 3151 de

307 3182 422 3272 Bleri,
449 3185 636 3262 lohannes
659 3183 819 3289 Coylier,
847 3184 885 3259 P.
905 3183 1070 3271 Tressie,
1094 3183 1282 3260 lohannes
1304 3182 1446 3271 Mulon,
1466 3183 1505 3281 P.
1533 3180 1727 3268 Fouberti,

307 3313 539 3393 Guaufridus
558 3315 605 3391 de
626 3315 869 3402 Malomonte,
896 3315 1036 3422 Symon
1058 3314 1262 3403 Martineti,
1286 3315 1325 3390 P.
1350 3313 1517 3401 Maliani,
1542 3312 1730 3389 lohannes

306 3446 492 3535 Vissandi,
512 3446 679 3524 Andreas
696 3445 797 3534 Beri,
813 3446 1002 3523 lohannes
1018 3445 1065 3521 de
1086 3445 1228 3532 Castra,
1248 3441 1488 3551 Raymondus
1506 3443 1553 3519 de
1568 3441 1727 3536 Barinis,

307 3577 489 3655 Martinus
505 3576 730 3664 Pouchardi,
749 3575 961 3682 Raynaldus
977 3576 1024 3652 de
1045 3574 1211 3662 Malesis,
1234 3572 1425 3651 Gerardus
1438 3573 1486 3649 de
1504 3570 1727 3656 Chatalono,

306 3706 351 3784 G.
371 3709 418 3784 de
442 3725 567 3785 saneto
589 3707 802 3795 Leonardo,
829 3707 962 3783 Petrus
984 3705 1032 3782 de
1055 3705 1233 3811 Pedagio,
1254 3722 1292 3781 et
1313 3704 1439 3784 Guido
1460 3703 1507 3780 de
1530 3700 1729 3779 Toriacho.

362 3835 514 3928 Quibus
539 3837 780 3939 exposuimus
799 3837 1080 3914 ordinacionem
1108 3836 1314 3941 predictam
1343 3835 1531 3912 dictorum
1558 3831 1732 3908 domino·

306 3991 393 4038 rum
423 3963 780 4054 commissariorum,
812 3984 850 4042 et
878 3995 943 4044 eos
972 3968 1281 4074 interrogavimus
1303 3985 1433 4044 utrum
1462 3966 1731 4044 deliberassent

306 4093 510 4199 superbiis
533 4120 608 4199 que
633 4089 694 4169 die
718 4093 841 4170 Sabati
859 4098 1036 4200 preterita
1060 4099 1114 4173 eis
1132 4097 1230 4172 dicta
1247 4097 1407 4175 fuerant.
1431 4096 1507 4190 Qui
1526 4094 1730 4201 responde-

306 4241 395 4300 runt
409 4223 529 4329 quod,
550 4222 647 4298 dicta
662 4223 724 4298 die
739 4217 863 4300 Sabati
876 4226 1068 4329 preterita,
1088 4225 1160 4301 suit
1175 4226 1228 4302 eis
1246 4227 1405 4316 dictum,
1422 4227 1527 4333 quod
1543 4227 1730 4305 lohannes

307 4352 354 4428 de
387 4353 553 4429 lamvilla
576 4353 625 4429 ad
651 4353 816 4460 singulas
848 4355 1042 4432 societates
1072 4383 1205 4432 eorum
1231 4355 1435 4434 adduceret
1459 4356 1590 4434 fratres
1611 4359 1651 4434 P.
1683 4359 1729 4434 de

304 4483 490 4574 Bononia,
512 4483 760 4588 Reginaldum
781 4485 828 4561 de
846 4485 988 4562 Pruino
1004 4486 1256 4593 presbyteros,
1277 4486 1525 4564 Guillelmum
1543 4487 1591 4564 de
1609 4487 1730 4564 Chan-

304 4611 450 4690 bonnet
474 4612 651 4705 militem,
675 4633 717 4692 et
739 4615 943 4730 quemdam
971 4617 1085 4694 alium
1108 4616 1260 4693 fratrem
1290 4616 1446 4695 militem
1478 4635 1543 4694 aut
1569 4589 1731 4696 seruien-

292 4760 397 4832 -tem,
430 4761 475 4821 ut
502 4744 651 4850 plenius
681 4744 933 4825 deliberarent
965 4748 1063 4825 inter
1093 4775 1149 4837 se,
1180 4747 1284 4853 quod
1306 4746 1444 4826 lactum
1473 4777 1550 4827 non
1575 4750 1727 4836 exstitit3

305 4868 576 4982 propterquod
593 4874 803 4954 deliberare
824 4906 902 4956 non
920 4896 1145 4985 potuerunt,
1174 4895 1227 4967 et,
1254 4877 1350 4957 sicut
1370 4880 1513 4958 dictum
1538 4881 1610 4957 fuit
1634 4880 1729 4957 dicta

388 5009 557 5075 raoclrsnes
569 5032 741 5076 munerans.
755 5035 829 5075 -1.
1522 5018 1558 5078 15
