4080 6052
324 524 397 631 sso
712 499 910 595 aronis
934 517 1029 591 ors
1055 492 1357 591 rnurmuus.

322 663 441 755 Valle,
461 663 527 768 qui
547 687 616 768 per
634 661 805 768 quinque
825 661 906 741 dies
925 675 1010 736 ante
1031 675 1069 735 et
1088 656 1293 766 ipsc'testis
1311 659 1390 764 ipsa
1407 657 1468 735 die
1487 655 1640 736 fuerant
1657 659 1746 738 facti

324 794 408 870 novi
433 791 591 884 milites,
622 792 868 877 existentibus
894 791 933 867 in
957 789 1121 896 quadam
1140 817 1294 869 camera
1306 790 1419 895 .juxta
1445 789 1629 894 capellam
1646 791 1746 868 dicte

324 924 478 1017 domus,
497 937 682 999 venerunt
701 924 748 1000 ad
773 934 838 999 eos'
858 921 980 999 dictus
1002 919 1117 1027 frater
1140 919 1382 1027 Raymondus
1407 919 1564 998 Roberti
1594 938 1632 998 et
1657 923 1742 1028 qui-

324 1055 410 1130 dam
428 1054 522 1131 alius
539 1053 649 1130 miles
660 1071 731 1143 ,ut
749 1054 783 1130 ei
796 1052 1089 1160 videtur‚cujus
1103 1078 1181 1128 non
1200 1050 1365 1128 habebat
1376 1051 1573 1139 noticiam,
1590 1069 1630 1129 et
1649 1051 1744 1130 dixe

322 1202 411 1261 runt
431 1185 483 1260 eis
510 1182 741 1289 infrascripta
765 1182 897 1260 verba:
916 1182 1119 1289 Requiritis
1140 1211 1205 1259 vos
1228 1182 1444 1259 societatem
1471 1182 1617 1261 ordinis
1636 1184 1740 1260 Tem-

321 1315 373 1420 pli
397 1332 435 1391 ct
458 1314 784 1423 participacionem
813 1314 1002 1407 bonorum
1029 1313 1281 1419 spiritualium
1308 1329 1346 1389 et
1368 1313 1637 1418 temporalium
1668 1343 1740 1422 qne

321 1444 420 1522 fiunt
446 1445 485 1521 in
514 1472 580 1534 θος
606 1462 659 1521 et·
672 1445 762 1550 ipsis
786 1443 1103 1549 respondentibus
1132 1443 1236 1551 quod
1261 1443 1528 1530 sic,dixer1mt
1553 1445 1645 1522 dicti
1666 1444 1741 1525 duo

322 1575 387 1680 qui
420 1574 468 1651 ad
498 1602 562 1651 eos
590 1592 767 1652 venerant
788 1607 808 1651 :¹
824 1576 900 1653 Vos
930 1571 1120 1681 requiritis
1150 1574 1353 1651 maximum
1382 1573 1504 1680 quod,
1527 1591 1568 1652 et
1581 1562 1740 1654 'nescitis

321 1702 436 1782 forcia
456 1723 630 1810 precepta
655 1735 728 1811 que
751 1722 839 1783 sunt
859 1705 898 1780 in
922 1706 1021 1802 dicto
1041 1706 1196 1794 ordine3
1213 1704 1348 1782 vidctis
1368 1705 1470 1781 enim
1490 1733 1558 1782 nos
1574 1707 1736 1783 exterius

321 1833 418 1911 bene
438 1836 606 1924 vestitos,
628 1836 725 1941 bene
745 1836 947 1944 equitatus,
970 1836 1067 1913 etin
1086 1863 1220 1945 magna
1239 1837 1478 1942 apparencia,
1495 1835 1563 1913 sed
1580 1864 1657 1914 non
1672 1866 1737 1942 po

321 1967 425 2042 testis
454 1967 548 2043 scire
574 1968 808 2044 austeritates
836 1967 998 2058 ordinis,
1025 1983 1063 2043 et
1086 1966 1369 2073 lorciapuncta
1393 1993 1467 2072 que
1492 1968 1644 2044 suntin
1668 1993 1737 2056 θος

321 2123 409 2170 nam
430 2094 581 2202 quando
601 2097 796 2184 volueritis
815 2125 894 2174 esse
915 2098 1007 2173 citra
1023 2125 1143 2186 mare,
1159 2097 1380 2174 eritis'ultra
1400 2114 1437 2174 et
1454 2125 1475 2174 e
1491 2104 1689 2187 converso,
1705 2116 1740 2177 et

321 2224 472 2332 quando
487 2227 679 2305 volueritis
700 2227 883 2319 dormire,
903 2228 1093 2335 oportebit
1111 2257 1175 2305 vos
1189 2228 1353 2334 vigilare,
1373 2245 1411 2305 et
1430 2228 1575 2305 esurire
1588 2228 1738 2334 quando

320 2356 512 2433 volueritis
537 2360 747 2439 comedere.
766 2359 941 2439 Poteritis
960 2359 1152 2437 sustinere
1162 2359 1233 2435 hec
1250 2359 1376 2443 omnia
1394 2387 1464 2464 pro
1483 2358 1631 2436 honore
1653 2360 1737 2450 Dei,

322 2503 359 2565 et
378 2485 497 2565 salute
517 2489 727 2567 animarum
747 2492 975 2596 vestrarum?
993 2491 1042 2568 Et
1061 2490 1151 2595 ipsis
1170 2489 1486 2596 respondentibus
1501 2489 1609 2596 quod
1623 2491 1690 2576 sic,
1709 2490 1737 2567 si

319 2599 407 2695 Deo*
420 2617 608 2723 placeret,
631 2619 935 2727 subjunxerunt:
956 2622 1030 2697 Nos
1050 2619 1223 2727 volumus
1243 2621 1336 2697 scire
1357 2650 1380 2696 a·
1396 2621 1503 2698 vobis
1527 2621 1559 2697 si
1585 2621 1673 2699 estis
1695 2621 1739 2696 li·

320 2745 400 2823 beri
414 2748 677 2854 aquibusdam
691 2779 764 2855 que
779 2749 955 2827 volumus
969 2767 1113 2856 pettere
1129 2778 1150 2825 a
1163 2750 1280 2826 vobis.
1292 2750 1418 2827 Primo
1432 2749 1554 2827 enim:
1565 2749 1733 2826 volumus

321 2876 413 2951 scire
438 2877 468 2952 si
493 2877 591 2955 bene
616 2880 768 2956 creditis
787 2879 875 2957 [idei
903 2880 1084 2958 catholice
1109 2881 1320 2957 secundum
1345 2879 1463 2956 fidem
1483 2878 1639 2957 Ecclesic
1663 2881 1734 2956 Ro-

320 3032 441 3092 mane,
456 3007 486 3083 si
501 3009 589 3084 estis
602 3010 698 3086 infra
718 3040 839 3087 sacros
861 3012 1005 3088 ordinis
1024 3012 1214 3089 constituti
1232 3011 1291 3088 vel
1308 3009 1573 3088 matrimoniali
1588 3010 1734 3088 vinculo

321 3134 475 3238 alligati,
493 3137 523 3212 si
536 3155 621 3214 voto
642 3140 729 3216 estis
747 3141 883 3217 astricti
905 3141 951 3216 ad
972 3141 1134 3248 aliquam
1155 3142 1266 3218 aliam
1285 3141 1526 3247 religionem,
1541 3141 1676 3218 siestis
1691 3142 1736 3218 de

320 3293 456 3369 genere
475 3268 626 3346 militari
643 3271 743 3347 etde
759 3271 943 3378 legittimo
959 3275 1197 3350 matrimonio
1214 3273 1421 3378 procreati,
1440 3274 1469 3348 si
1489 3273 1576 3349 estis
1595 3302 1739 3351 excom-

321 3397 496 3473 municati
517 3417 670 3505 propter
690 3400 837 3508 culpam
859 3419 1016 3478 vestram
1036 3402 1093 3479 vel
1115 3404 1280 3493 alterius⁴
1302 3404 1332 3479 si
1353 3404 1574 3508 promisistis
1594 3404 1736 3509 aliquid

320 3525 375 3602 vel
399 3527 555 3605 dedistis
580 3529 689 3605 alicui
711 3560 754 3607 ex
774 3530 951 3608 iratribus
975 3532 1117 3609 ordinis
1138 3533 1286 3638 Templi
1311 3533 1369 3608 vel
1390 3533 1469 3609 aliis
1487 3550 1529 3608 ut
1549 3533 1735 3636 recipere-

320 3657 412 3732 mini
451 3658 488 3733 in
523 3660 591 3736 ista
623 3660 820 3766 religione,
853 3663 882 3737 si
911 3664 1056 3740 habetis
1081 3664 1338 3740 infirmitatem
1369 3664 1528 3770 aliquam
1554 3662 1733 3738 latentem

320 3805 473 3892 propter
492 3820 604 3896 quam
627 3793 755 3869 essetis
776 3791 933 3868 inabilcs
955 3794 1002 3869 ad
1022 3794 1219 3871 servicium
1241 3795 1377 3870 domus
1396 3811 1433 3869 et
1453 3793 1672 3870 exercicium
1688 3821 1738 3868 ar-

320 3947 487 4010 morum,
508 3922 538 3998 si
561 3923 649 4008 estis
671 3922 808 3999 debitis
835 3923 987 4031 obligati
1008 3953 1076 4029 pro
1097 3925 1202 4000 vobis
1221 3924 1280 4000 vel
1300 3952 1369 4028 pro
1390 3924 1488 4014 aliis,
1509 3923 1734 4031 adquorum

319 4049 550 4129 solucionem
569 4083 645 4130 non
663 4053 884 4131 sulliceretis
903 4083 971 4159 per
988 4084 1052 4132 vos
1071 4057 1130 4133 vel
1148 4057 1285 4131 amicos
1304 4073 1444 4132 vestros
1466 4054 1607 4160 absque
1628 4055 1734 4131 bonis

318 4180 478 4286 Templi.
502 4183 560 4260 Ad
584 4215 659 4291 que
687 4184 758 4260 suit
784 4214 1102 4291 responsumper
1127 4182 1225 4292 ipsos
1250 4186 1485 4291 recipiendos
1509 4187 1615 4291 quod
1640 4185 1732 4261 benc

319 4311 520 4391 credebant
539 4316 576 4390 in
598 4315 674 4392 lide
688 4378 696 4406 ‚
712 4333 760 4391 'et
777 4316 880 4422 quod
902 4335 1008 4393 erant
1030 4316 1158 4407 liberi,
1181 4319 1342 4408 nobiles,
1362 4317 1482 4393 abiles
1504 4319 1610 4393 etde
1631 4317 1732 4424 legit-

197 4460 202 4468 '
315 4442 408 4520 timo
429 4448 684 4539 matrimonio,
703 4475 771 4522 nec
787 4449 826 4522 in
848 4449 901 4525 cis
922 4466 1000 4524 erat
1020 4447 1163 4555 aliquid
1177 4450 1223 4525 de
1245 4449 1526 4555 impedimentis
1545 4450 1730 4553 predictis.

316 4571 502 4680 Postque
534 4578 709 4656 dixerunt
740 4578 828 4654 dicti
861 4579 938 4656 duo
969 4581 1147 4685 predictis
1171 4580 1396 4686 recipiendis
1421 4579 1526 4685 quod
1550 4597 1733 4657 verterent

317 4727 355 4775 se
376 4730 504 4791 versus
529 4705 664 4783 dictam
683 4708 882 4813 capellam,
906 4729 944 4786 et
962 4728 1136 4817 rogarent
1156 4711 1297 4802 Deum,
1319 4710 1466 4787 beatam
1488 4710 1679 4816 Virginem
1698 4725 1731 4785 ct

316 4855 448 4927 omnes
464 4848 612 4923 sanctos
628 4836 715 4927 Dei,
736 4839 838 4944 quod
858 4841 889 4917 si
903 4841 1093 4948 ingressus
1113 4869 1245 4920 eorum
1260 4840 1411 4918 cederet
1425 4839 1473 4916 ad
1488 4840 1649 4946 salutem
1665 4841 1730 4916 ani-
