4080 6052
542 559 617 636 set
928 540 1243 636 successes
1268 557 1571 633 numurus.

535 722 580 783 et
597 702 789 780 audivisse
801 702 874 778 dici
893 699 1207 811 quodinordine
1226 699 1452 777 servendum
1475 715 1555 777 erat
1577 698 1682 805 quod
1703 725 1870 806 magnus
1886 698 1966 779 bls-

535 835 656 943 gister
675 832 891 912 ordinabat..
1000 886 1003 901 ι
1037 878 1039 883 ·
1064 840 1113 904 ’ν
1183 868 1209 905 κ.
1349 882 1364 901 ι.
1385 878 1389 897 =
1712 861 1717 931 ξ
1888 864 1895 871 ·

595 966 706 1057 Item,
727 992 847 1069 super.
862 963 1047 1042 contentis
1070 963 1113 1066 iq
1129 963 1334 1041 cxmrex'vn
1352 960 1555 1067 respondit
1572 987 1612 1037 se
1636 958 1794 1038 nescire-
1806 960 1962 1069 quondo

540 1094 628 1174 dicti
654 1120 800 1171 errores
818 1089 1249 1200 immersum-credebat
1265 1073 1393 1167 temen
1417 1090 1524 1198 quod
1550 1086 1792 1198 negligentes.
1813 1088 1963 1170 firmant

537 1225 581 1300 in
598 1223 839 1330 corrigendo,
858 1224 947 1331 quis
959 1222 1080 1303 multo
1091 1220 1368 1329 temporedicti
1374 1248 1527 1299 errores
1537 1220 1641 1298 inte'r
1656 1247 1722 1299 eos
1734 1222 1873 1301 servati
1885 1218 1961 1300 ine

538 1371 637 1446 rant,
659 1370 704 1430 ut
722 1352 909 1431 credebat.
944 1355 946 1359 ’

535 1540 539 1553 .
594 1484 708 1575 Item,
729 1511 844 1589 super
862 1483 1047 1560 contentis
1066 1482 1108 1559 in
1127 1507 1237 1561 uxvnr
1251 1480 1509 1587 responditse
1533 1480 1678 1558 nescire
1699 1482 1960 1592 quod-aliquis

537 1629 691 1718 propter
716 1612 833 1690 dictas
859 1613 1031 1690 feditates
1055 1612 1208 1690 exiverit
1231 1611 1403 1690 ordinem
1428 1616 1698 1706 memoratum
1725 1611 1807 1719 ipse
1832 1632 1957 1693 temen

535 1743 700 1823 libenter
718 1743 887 1822 exivisset
907 1744 1051 1822 dictum
1065 1742 1255 1845 ordinem,
1270 1759 1316 1819 ut
1329 1742 1440 1834 dixit,
1456 1743 1489 1820 si
1503 1771 1616 1821 ausus
1635 1741 1784 1832 luisset,
1798 1760 1836 1822 et
1850 1745 1954 1852 quod

536 1875 659 1980 prima
682 1873 744 1951 die
770 1875 999 1982 recepcionis
1022 1903 1089 1952 sue
1112 1873 1226 1951 vellet
1248 1874 1380 1980 pocius
1401 1871 1516 1950 finisse
1540 1874 1581 1949 in
1604 1872 1690 1951 loeo
1716 1873 1768 1950 in*
1783 1901 1860 1982 quo
1886 1875 1957 1952 erit

538 2004 577 2081 in
592 2003 668 2081 fine
688 2003 792 2083 mille
812 2032 999 2082 annorum
1017 2032 1133 2112 quem
1150 2003 1256 2110 quod
1273 2001 1421 2081 fecisset
1438 2002 1616 2108 predicte.

593 2133 705 2220 Item,
730 2133 778 2210 de
797 2135 983 2211 contentis
1001 2135 1042 2215 in
1063 2158 1313 2214 estun-cumn
1330 2134 1528 2239 respondit
1538 2161 1583 2211 se
1603 2133 1748 2211 nescire
1765 2135 1842 2213 nisi
1856 2136 1957 2244 qued

536 2291 649 2370 supra
669 2262 860 2370 deposuit,
880 2281 918 2341 et
936 2264 1039 2341 idem
1060 2263 1256 2371 respondit
1275 2263 1323 2341 de
1340 2261 1519 2340 omnibus
1536 2263 1797 2371 sequentibus.

592 2394 704 2485 Item,
726 2395 930 2501 requisitus
949 2396 979 2472 si
1004 2396 1057 2473 sic
1077 2395 1255 2502 deposuit
1272 2416 1398 2500 prece,
1420 2411 1614 2500 precepto,
1635 2395 1792 2487 timore,
1813 2424 1953 2490 amore,

537 2523 625 2601 odio
648 2524 706 2601 vel
727 2524 927 2602 commodo
952 2524 1150 2632 temporali
1178 2524 1307 2601 habito
1328 2524 1386 2601 vel
1406 2523 1599 2615 habendo,
1629 2525 1827 2632 respondit
1854 2527 1957 2635 quod

423 2695 426 2707 ·
536 2681 629 2741 non,
650 2653 719 2731 sed
737 2682 806 2758 pro
826 2655 981 2732 veritate
1002 2654 1177 2742 dicenda,
1193 2670 1232 2730 et
1250 2651 1323 2730 luit
1341 2654 1376 2729 ei
1396 2653 1602 2731 inhibitum
1621 2683 1692 2760 per
1710 2655 1866 2734 eosdem
1889 2657 1957 2734 do-

536 2785 659 2864 minos
674 2785 964 2876 commissarios,
982 2787 1021 2861 in
1035 2786 1173 2863 virtute
1183 2785 1388 2893 juramenti
1405 2785 1551 2890 prestiti
1568 2814 1637 2891 per
1646 2786 1831 2875 eundem,
1848 2786 1952 2893 quod

537 2941 614 2990 uon
632 2913 813 2991 revelaret
831 2945 938 2993 susm
960 2921 1173 3023 presentem
1193 2915 1474 3021 depositionem
1494 2943 1695 3024 quousque
1714 2916 1952 2996 aemciones

536 3040 677 3120 luerint
694 3042 894 3150 publicate.

593 3173 683 3250 Acta
707 3171 862 3250 fuerunt
884 3176 955 3252 hec
974 3176 1035 3252 die
1056 3191 1095 3251 et
1111 3175 1195 3252 loco
1212 3176 1404 3281 predictis,
1424 3194 1598 3282 presente
1617 3179 1795 3284 magistro
1815 3177 1975 3257 Amisis-

538 3319 575 3378 et
587 3329 647 3379 me
664 3302 693 3377 F
695 3301 918 3381 loriemonte
938 3305 1150 3392 Doudedei‚
1167 3305 1533 3398 BernardoFiliholi‚
1550 3282 1969 3388 Bernerdollnmbuldi

537 3450 574 3509 et
593 3435 751 3540 Hugone
770 3433 911 3513 Nicolai
931 3436 1085 3514 notariis
1101 3434 1290 3542 predictis.

591 3695 680 3772 Post
693 3694 773 3781 hec,
793 3693 854 3770 die
867 3694 1043 3772 Mercurii
1054 3694 1237 3799 sequenti,
1254 3722 1329 3799 que
1343 3693 1416 3771 fuit
1426 3694 1631 3800 penultima
1643 3692 1723 3770 dies
1738 3694 1828 3771 dicti
1845 3723 1952 3772 men-

534 3824 584 3900 sis
606 3823 841 3915 Decembris,
862 3822 933 3901 fuit
956 3823 1141 3902 adductus
1165 3824 1214 3902 ad
1233 3825 1465 3929 presenciam
1497 3825 1684 3903 dictorum
1706 3825 1951 3905 dominorum

535 3955 877 4033 commissariorum
896 3954 937 4032 in
957 3954 1125 4060 predicte
1145 3955 1260 4032 domo
1280 3955 1425 4033 abbatis
1444 3956 1677 4034 Fiscauensis
1693 3954 1807 4034 frater
1825 3960 1950 4036 Theo-

533 4083 668 4163 baldus
682 4086 731 4164 de
746 4085 972 4162 Taverniaco
990 4085 1207 4164 Parisiensis
1218 4085 1388 4175 diocesis,
1410 4086 1585 4173 serviens,
1604 4087 1710 4163 testis
1725 4099 1837 4193 supra
1850 4089 1950 4195 jura-

532 4230 605 4302 tus,
620 4217 668 4292 ad
682 4216 951 4323 deponendum
964 4216 1108 4293 dietum
1121 4244 1245 4309 suum,
1261 4234 1298 4293 et
1310 4235 1388 4294 erat
1401 4219 1518 4309 etatis,
1532 4234 1578 4294 ut
1589 4217 1691 4310 dixit,
1706 4245 1752 4294 xx
1766 4219 1949 4298 annorum

531 4343 590 4422 vel
604 4345 710 4436 circa,
728 4376 796 4425 nec
814 4346 958 4425 ferebat
975 4346 1211 4439 mantellum,
1227 4347 1316 4453 quis
1330 4349 1484 4454 quando
1500 4348 1574 4425 init
1584 4351 1949 4456 captus,'prepositns

532 4466 657 4583 regius
677 4479 795 4557 Castri
811 4479 1000 4556 Landonis
1019 4479 1174 4557 abstulit
1188 4508 1277 4556 eum
1297 4480 1381 4566 sibi,
1395 4497 1439 4556 ut
1451 4481 1553 4569 dixit,
1570 4480 1726 4558 barbam
1739 4496 1868 4559 autem
1881 4481 1946 4560 sihi

531 4625 680 4700 raserat,
692 4626 736 4685 ut
748 4610 851 4700 dixit,
868 4611 1040 4699 Senonis,
1056 4627 1255 4718 postquam
1269 4608 1341 4687 fuit
1355 4610 1548 4688 absolutus
1558 4629 1597 4688 et
1608 4612 1872 4691 reconciliatus
1884 4640 1946 4719 per

532 4732 730 4812 dominum
748 4735 964 4843 episcopum
981 4739 1304 4828 Aurebanensem,
1322 4741 1388 4847 qui
1408 4770 1495 4818 cum
1510 4768 1555 4817 eo
1576 4742 1821 4849 inquisiverut
1839 4742 1944 4847 super

528 4861 626 4943 facto
646 4865 959 4973 Templariorum.
981 4872 1103 4950 Lectis
1120 4889 1246 4951 autem
1264 4889 1302 4952 et
1321 4872 1519 4980 diligenter
1535 4870 1609 4950 sibi
1629 4873 1811 4980 expositis
1828 4870 1943 4952 omni·
