4080 6052
1109 438 1114 447 .
1371 418 1388 453 v
1468 422 1472 427 -

326 526 395 595 160
706 504 900 596 procus
924 520 1018 593 ons
1042 510 1343 599 rnnrtmns.

373 661 519 738 Deinde
538 661 773 749 accessimus,
794 632 892 738 cumL
900 660 1009 737 dictis
1028 672 1110 735 nn⁰‘
1125 656 1318 748 fratribus,
1338 658 1385 733 ad
1405 656 1564 731 domum
1585 656 1632 731 de
1650 655 1760 737 cta..

225 816 229 823 ·
316 790 451 867 ravalle
472 792 511 866 in
530 790 618 866 vico
631 791 744 866 sancti
765 790 934 876 Martini,
961 787 1028 864 ubi
1048 804 1159 864 erant
1176 815 1213 864 x1
1239 787 1370 863 fratres
1395 814 1439 861 ex
1462 785 1535 861 hiis
1559 784 1626 891 qui
1650 783 1761 867 fue„

315 939 398 997 rant
426 922 466 996 in
495 921 596 996 dicto
623 908 817 1006 viridario,
847 919 1021 996 videlicet
1048 916 1179 995 fratres
1210 914 1439 996 Guillelmus
1467 914 1515 993 de
1542 914 1732 1022 Givresoy,
1804 958 1807 963 ·

314 1053 425 1157 Hugo
450 1078 567 1156 nepos
588 1078 699 1137 suus,
726 1052 915 1127 Johannes
942 1049 990 1124 de
1010 1065 1137 1129 sancto
1158 1049 1375 1136 Leonardo‚
1406 1044 1636 1123 Guillelmus
1654 1048 1735 1124 Bri·

316 1197 415 1270 natz,
437 1178 666 1258 Guillelmus
685 1180 845 1264 Rossini,
866 1183 982 1257 Bosso
1003 1179 1138 1268 coeca,
1161 1170 1356 1257 Gubertus
1374 1177 1409 1252 la
1425 1178 1554 1265 Porta,
1577 1177 1734 1282 Stepha-

316 1337 388 1385 nus
413 1310 460 1385 de
486 1309 622 1387 Gardia
651 1308 847 1412 presbiter,
874 1306 1103 1386 Guillelmus
1128 1306 1323 1413 Spiuassa,
1352 1307 1391 1381 P.
1419 1305 1466 1382 de
1486 1305 1669 1410 Vemegia
1695 1321 1733 1382 et

316 1440 355 1511 P.
379 1437 425 1512 de
445 1436 589 1525 Brolio,
610 1463 705 1539 quos
724 1437 989 1540 requisivimus
1014 1452 1052 1511 et
1075 1435 1400 1541 interrogavimus,
1424 1452 1468 1509 ut
1487 1434 1580 1510 alios
1599 1462 1729 1539 supra,

318 1581 354 1640 et
380 1564 432 1638 eis
458 1563 620 1637 diximus
645 1590 687 1638 ea
714 1590 789 1666 que
815 1580 853 1639 et
878 1563 959 1640 aliis
984 1564 1208 1641 dixeramus.
1238 1563 1332 1655 Qui,
1354 1562 1483 1638 habito
1509 1563 1606 1638 inter
1630 1591 1669 1638 se
1696 1581 1733 1639 et

317 1720 402 1768 cum
421 1693 528 1768 dictis
545 1706 625 1768 1111or
642 1691 818 1770 fratribus
835 1692 1008 1780 consilio,
1030 1694 1204 1770 dixerunt
1221 1711 1259 1769 et
1274 1694 1552 1798 responderunt
1568 1693 1609 1768 id
1627 1693 1730 1770 idem

316 1823 420 1926 quod
431 1820 492 1897 alii
504 1822 740 1927 suprascripti
755 1822 959 1898 inmediate
974 1823 1229 1926 precedentes,
1243 1823 1479 1928 requirentes
1490 1840 1615 1898 tamen
1625 1822 1730 1927 quod

315 1979 402 2026 cum
418 1950 569 2055 prefatis
589 1966 668 2028 11110‘
687 1951 864 2027 fratribus
884 1952 1041 2028 crastina
1060 1953 1121 2028 die
1140 1952 1269 2031 Martis
1286 1969 1538 2057 compareant,
1561 1968 1598 2026 et
1610 1952 1657 2027 sit
1671 1953 1730 2028 di-

315 2096 396 2155 ctus
415 2079 529 2156 frater
546 2080 773 2158 Guillelmus
793 2081 840 2156 de
858 2080 1038 2186 Givresoy
1055 2083 1102 2157 ad
1121 2083 1411 2186 proponendum
1432 2081 1620 2187 quidquid
1638 2081 1729 2157 boni

312 2225 491 2311 poterunt
509 2239 580 2316 pro
598 2211 731 2287 ordine
752 2211 913 2315 Templi.
995 2296 1003 2308 .

370 2338 517 2415 Deinde
537 2340 689 2428 ivimus,
711 2369 798 2417 cum
820 2340 928 2422 dictis
948 2355 1027 2417 nn*
1046 2340 1240 2434 fratribus,
1263 2344 1309 2419 ad
1331 2343 1468 2420 dietam
1490 2343 1648 2418 domum
1667 2343 1731 2419 Ni-

313 2465 405 2542 colai
431 2467 573 2557 Odree,
601 2467 667 2544 ubi
703 2485 808 2544 erant
834 2494 858 2544 x
885 2468 1017 2545 fratres
1049 2470 1226 2573 predicti,
1253 2498 1349 2575 quos
1379 2454 1661 2572 requisivimus,
1687 2489 1731 2547 ut

312 2596 405 2672 alios
424 2625 553 2702 supra,
577 2614 614 2674 et
633 2598 688 2673 eis
708 2599 870 2673 diximus
894 2598 936 2672 id
955 2599 1060 2700 quod
1081 2614 1117 2672 et
1136 2597 1218 2673 aliis
1239 2599 1462 2673 dixeramus.
1485 2598 1577 2688 Qui,
1600 2600 1731 2677 habito

310 2726 408 2801 inter
427 2755 466 2802 se
488 2743 631 2802 etcum
653 2727 761 2802 dictis
782 2739 861 2801 ιιιιοἳ
879 2723 1056 2800 fratribus
1076 2724 1250 2814 considio,
1273 2725 1447 2800 dixerunt
1467 2742 1504 2799 et
1522 2731 1731 2828 responde-
1761 2773 1766 2787 ·

309 2869 399 2927 runt
422 2855 462 2930 id
487 2854 589 2929 idem
614 2854 717 2957 quod
742 2851 944 2929 inmediate
969 2853 1231 2957 precedentes,
1258 2853 1299 2928 in
1329 2855 1442 2929 domo
1475 2854 1617 2929 domini
1650 2859 1729 2961 epi-

309 2980 411 3085 scopi
432 2981 705 3058 Ambianensis.

364 3109 510 3187 Deinde
535 3109 773 3200 accessimus,
795 3138 882 3185 curn
903 3110 1012 3186 dictis
1031 3125 1109 3186 11110‘
1127 3109 1320 3200 fratribus,
1343 3111 1546 3197 addictam
1570 3114 1725 3188 domum

307 3238 460 3315 Roberti
479 3240 686 3329 Anuerdei,
707 3239 773 3315 ubi
796 3256 901 3315 erant
918 3266 968 3317 vu
985 3238 1115 3317 iratres
1132 3241 1308 3346 predicti,
1329 3269 1424 3346 quos
1445 3242 1721 3346 requisivimus,

307 3386 351 3443 ut
375 3369 466 3446 alios
492 3399 619 3476 supra,
643 3386 680 3447 et
704 3369 757 3446 eis
783 3370 945 3446 diximus
971 3361 1013 3445 ea
1039 3399 1113 3475 que
1134 3388 1172 3445 et
1192 3370 1273 3446 aliis
1301 3371 1523 3447 dixeramus.
1546 3373 1639 3465 Qui,
1661 3374 1724 3448 ha-

306 3498 386 3574 bito
412 3501 509 3576 inter
533 3530 572 3577 se
599 3518 635 3577 et
662 3526 748 3576 cum
773 3501 882 3575 dictis
908 3513 986 3574 11110r
1010 3498 1186 3577 fratribus
1211 3501 1383 3585 consilio,
1407 3502 1581 3577 dixemnt
1608 3521 1647 3578 et
1669 3531 1724 3578 re·

308 3631 542 3732 sponderunt
562 3631 602 3707 id
622 3625 725 3707 idem
746 3631 850 3734 quod
870 3629 1073 3706 inmediate
1094 3631 1349 3735 precedentes.

363 3761 450 3835 Post
469 3761 554 3851 hec,
578 3759 711 3835 eadem
732 3759 793 3834 die
816 3761 919 3834 Lune
942 3776 1027 3864 post
1048 3760 1250 3865 prandium
1276 3789 1345 3866 ego
1366 3761 1600 3838 Floriamons
1621 3763 1723 3839 Don-

308 3888 434 3973 dedei,
455 3918 541 3965 cum
560 3888 668 3964 dictis
686 3888 861 3993 magistro
879 3887 1043 3978 Amisio,
1065 3891 1106 3965 B.
1125 3888 1248 3965 Filioli
1268 3907 1305 3964 et
1320 3890 1487 3966 Johanne
1508 3892 1554 3967 de
1572 3890 1723 3996 Fellinis

207 4003 216 4023 ’
305 4018 459 4093 notariis
488 4017 763 4123 suprascriptis,
792 4017 927 4094 ivimus
957 4046 1045 4118 cum
1075 4019 1183 4095 dictis
1210 4034 1288 4095 11110'
1315 4019 1491 4096 fratribus
1514 4021 1561 4096 ad
1586 4020 1721 4096 dictam

307 4143 462 4222 domum
481 4147 660 4224 Johannis
679 4146 835 4223 Bosselli
862 4147 900 4222 in
921 4145 1067 4239 Gravia,
1090 4147 1156 4224 ubi
1184 4145 1289 4224 erant
1313 4175 1422 4226 xxvrn
1443 4147 1571 4223 fratres
1594 4149 1722 4250 predi·

306 4272 369 4359 cti,
396 4302 491 4379 quos
521 4305 651 4354 omnes
679 4277 832 4353 insimul
862 4295 1104 4384 congregatos
1131 4279 1394 4384 requisivimus
1423 4295 1461 4354 et
1484 4278 1724 4383 interrogavi-

304 4429 405 4492 mus,
426 4422 469 4480 ut
487 4406 578 4483 alios
595 4435 723 4512 supra,
745 4423 782 4482 et
799 4407 853 4482 eis
872 4407 1034 4484 diximus
1050 4437 1125 4514 que
1144 4425 1182 4484 et
1199 4408 1280 4485 aliis
1298 4409 1520 4484 dixeramus.
1543 4406 1634 4499 Qui,
1658 4408 1722 4484 ha-

303 4528 384 4607 bito
397 4534 495 4609 inter
511 4563 549 4610 se
569 4553 606 4610 et
624 4564 710 4611 cum
725 4535 834 4611 dictis
851 4550 929 4610 11110'
946 4535 1123 4614 fratribus
1141 4538 1312 4629 consilio,
1327 4537 1603 4644 respondemnt
1619 4539 1721 4643 quod

304 4685 381 4733 non
392 4660 655 4753 intendebant,
668 4664 937 4753 necvolebant,
948 4683 1022 4742 'nec
1034 4685 1192 4772 possunt
1205 4667 1324 4744 facere
1339 4682 1615 4774 pmcuratores,
1636 4694 1718 4743 cum

304 4815 380 4863 non
406 4786 567 4864 habeant
592 4792 821 4893 presenciam
841 4792 900 4869 vel
921 4822 1144 4873 consensum
1170 4797 1335 4902 Magistri
1358 4814 1395 4875 et
1414 4813 1632 4884 conventus,
1655 4796 1734 4873 sed·
