4080 6052
324 533 395 607 oso
713 511 907 605 procus
932 528 1027 603 ons
1053 527 1353 602 rsurmnas.

320 673 472 782 quodsi
492 670 690 778 revelaret,
701 672 880 779 perderet
897 669 1086 748 habitum.
1098 668 1301 749 Confessus
1320 666 1393 744 fuit
1407 666 1632 772 presbiteris
1645 696 1752 751 werr-

320 806 463 885 laribus
482 821 520 881 et
535 802 680 881 ordinis
700 802 748 881 de
758 802 1017 910 abnegacione
1031 817 1071 879 et
1083 801 1278 909 spuicione
1294 797 1494 906 predictis3
1512 815 1553 875 et
1570 829 1674 881 unus
1686 806 1748 883 oui

319 935 392 1013 fuit
407 933 600 1013 confessus
617 933 722 1011 inm.
733 961 876 1011 annum
893 931 1148 1038 arecepcione
1167 960 1253 1021 sua,
1270 930 1473 1010 vocabatur
1487 928 1675 1022 Gelterus,
1702 953 1742 1011 et

321 1067 505 1145 serviebat
517 1066 557 1141 in
568 1064 710 1171 capella
724 1093 860 1143 eorum
876 1063 923 1141 de
936 1061 1157 1155 Villaribus,
1169 1080 1216 1141 et·
1229 1078 1310 1141 erat
1328 1061 1528 1154 secularis,
1545 1079 1583 1139 et
1594 1063 1683 1141 dixit
1701 1067 1737 1142 ei

320 1200 425 1304 quod
442 1196 541 1275 male
558 1194 712 1290 fecerat,
726 1214 764 1273 et
780 1193 940 1274 absolvit
955 1222 1046 1272 eum
1061 1194 1236 1301 imposita
1250 1191 1465 1300 penitencia
1480 1192 1589 1299 quod
1602 1192 1739 1273 diceret

318 1356 367 1408 vrr
383 1329 498 1407 Pater
512 1344 628 1407 noster
639 1327 811 1435 qualibet
830 1326 893 1405 die
910 1326 1026 1405 unius
1044 1324 1264 1431 septimane.
1277 1324 1374 1403 Male
1392 1323 1567 1401 lecenmt
1583 1323 1741 1405 scientes

319 1487 483 1551 errores,
500 1458 590 1565 quia
606 1486 674 1536 eos
688 1486 767 1536 non
783 1473 1029 1535 correxerunt
1045 1484 1117 1533 nec
1131 1456 1455 1534 denunciaverunt
1465 1453 1644 1535 Ecclesia.
1661 1458 1740 1537 Non

317 1590 388 1667 luit
407 1589 506 1666 ultra
525 1615 649 1677 mare,
672 1615 743 1665 nec
758 1587 828 1665 scit
843 1586 949 1693 quod
967 1585 1184 1664 servabatur
1202 1586 1256 1664 ibi
1275 1586 1334 1663 vel
1354 1585 1394 1662 in
1412 1584 1497 1663 aliis
1518 1584 1611 1665 locis
1626 1586 1666 1663 in
1679 1615 1739 1665 re-

317 1720 494 1825 cepcione
522 1716 692 1795 fratrum.
716 1715 951 1794 Elemosinas
975 1732 1014 1793 et
1040 1715 1333 1822 hospitalitatem
1352 1714 1448 1795 vidit
1476 1715 1735 1794 convenienter

246 1950 249 1955 Ι
316 1851 398 1927 lieri
418 1851 459 1927 in
481 1847 595 1927 domo
622 1847 669 1925 de
696 1846 868 1925 Barbona
886 1846 1084 1925 Trecensis
1108 1846 1289 1936 diocesis,
1316 1845 1357 1923 in
1378 1873 1454 1952 qua
1477 1862 1644 1924 moratus
1665 1846 1735 1924 luit

315 2010 383 2088 per
411 1996 555 2085 septem
586 2005 726 2069 annos3
754 1978 823 2054 sed
852 1976 994 2055 audivit
1025 1975 1098 2053 dici
1127 1978 1234 2083 quod
1259 1977 1299 2052 in
1328 1974 1521 2083 aliquibus
1546 1975 1630 2055 aliis
1650 1975 1738 2057 loeis

315 2138 394 2187 non
419 2108 564 2186 fiebant
590 2107 641 2184 ita
667 2107 790 2196 beue3
819 2106 992 2214 capitulis
1009 2136 1086 2185 non
1109 2106 1351 2197 interfuerat,
1379 2135 1451 2184 nec
1474 2107 1619 2187 sciebat
1636 2109 1737 2216 quod

314 2239 502 2317 faciebant
529 2238 569 2314 in
600 2238 674 2327 eis;
702 2237 828 2315 ivisset
859 2266 936 2344 quo
956 2237 1149 2345 Magister
1178 2267 1335 2347 magnus
1367 2238 1590 2345 precipisset
1618 2239 1671 2329 ei,
1703 2260 1737 2319 et
1791 2332 1810 2345 μ

315 2371 434 2449 credit
451 2369 570 2446 eciam
588 2369 695 2477 quod
713 2367 776 2446 alii
792 2367 924 2447 fratres
944 2368 1200 2448 obedivissent
1214 2370 1248 2448 ei
1268 2369 1307 2446 in
1326 2368 1493 2477 hiisque
1512 2371 1735 2463 mandasset

315 2502 434 2581 credit
452 2500 558 2608 quod
576 2501 693 2578 modo
711 2499 941 2606 sitsuspicio
959 2516 1088 2578 contra
1107 2500 1294 2579 ordinem.

369 2633 586 2740 Requisitus
601 2631 632 2709 si
642 2631 695 2710 sic
711 2630 937 2738 deposuerat
950 2656 1078 2738 prece,
1096 2648 1291 2738 preceptm
1305 2632 1460 2722 timore,
1476 2659 1624 2723 amore,
1637 2634 1734 2726 odio,

314 2765 370 2840 vel
398 2761 598 2870 temporali
628 2760 788 2840 comodo
816 2759 947 2838 habito
969 2759 1030 2838 vel
1058 2760 1257 2850 habendo,
1282 2760 1479 2868 respondit
1507 2762 1613 2870 quod
1638 2790 1728 2854 non,

313 2894 380 2970 sed
405 2923 474 2998 pro
504 2893 657 2970 veritate
683 2891 853 2969 dicenda.
878 2889 951 2970 Cui
977 2887 1051 2967 fuit
1076 2889 1289 2997 injunctum
1315 2920 1385 2998 per
1411 2890 1536 2972 dictos
1563 2894 1730 2973 dominos

284 3114 288 3123 ¹
313 3022 604 3111 commissarios,
625 3022 666 3098 iu
683 3021 819 3100 virtute
836 3021 1043 3128 juramenti
1061 3022 1208 3129 prestiti
1225 3051 1295 3129 per
1314 3021 1512 3114 eumdem,
1534 3023 1640 3131 quod
1655 3051 1732 3103 non

313 3150 494 3228 revelaret
516 3152 612 3228 hanc
632 3179 738 3227 suam
762 3151 1066 3256 deposicionem,
1089 3181 1288 3260 quousque
1313 3155 1574 3234 attestaciones
1596 3154 1734 3234 suerint

313 3279 514 3387 publicato.

368 3548 522 3625 Eisdem
538 3547 599 3623 die
620 3563 657 3623 et
675 3547 758 3624 loco
773 3546 845 3625 suit
860 3547 1045 3625 adductus
1064 3549 1112 3625 ad
1126 3551 1360 3653 presenciam
1378 3548 1593 3628 eorumdem
1609 3549 1727 3625 domi-

311 3706 449 3755 norum
466 3676 810 3755 commissariorum
823 3677 937 3755 scater
952 3677 1054 3757 Otho
1075 3678 1122 3756 de
1144 3678 1274 3756 Anone
1289 3677 1533 3787 Lingononsis
1550 3678 1723 3768 diocesis,

309 3810 490 3898 serviens,
504 3809 610 3888 testis
620 3838 733 3915 supra
735 3811 901 3919 juratus,
918 3825 962 3885 ut
976 3810 1184 3917 deponeret
1196 3810 1339 3887 dictum
1350 3840 1481 3900 suum,
1498 3810 1730 3922 quinquage-

309 3941 452 4029 narius,
469 3968 548 4016 non
564 3941 751 4019 defferens
767 3940 991 4019 mantellum
1005 3941 1168 4030 ordinis,
1187 3942 1275 4048 quia
1289 3943 1329 4019 in
1346 3943 1507 4020 concilio
1523 3943 1728 4021 Senonensi

309 4101 408 4148 unus
433 4073 597 4150 serviens
617 4074 755 4152 amovit
779 4072 850 4150 sibi
878 4072 1022 4151 dictum
1044 4070 1288 4179 mantellum,
1320 4092 1358 4152 et
1382 4074 1544 4183 projecit
1571 4103 1661 4154 eum
1685 4077 1727 4151 ad

307 4220 462 4290 terram
485 4220 523 4280 et
542 4204 589 4280 de
610 4204 787 4281 mandato
808 4204 889 4312 ejus
906 4201 995 4281 fecit
1013 4202 1086 4282 sibi
1106 4204 1186 4280 radi
1207 4204 1385 4296 barbam,
1406 4225 1445 4283 et
1463 4206 1588 4284 luerat
1608 4208 1727 4315 inqui·

306 4331 421 4409 situm
442 4362 529 4409 cum
549 4361 595 4410 eo
613 4361 682 4440 per
697 4332 899 4443 dominum
914 4333 1133 4441 episcopum
1150 4334 1415 4425 Parisiensem,
1432 4354 1469 4414 et
1483 4338 1724 4444 postmodum

306 4460 502 4541 absolutus
529 4479 567 4541 et
595 4462 857 4541 reconciliatus
883 4463 923 4538 in
948 4463 1107 4541 concilio
1134 4465 1355 4542 Senonensi.
1386 4466 1508 4545 Lectis
1539 4485 1669 4545 autem
1693 4483 1725 4542 et

307 4590 506 4699 diligenter
527 4592 703 4698 expositis
728 4594 800 4672 sibi
820 4594 999 4673 omnibus
1023 4612 1062 4672 et
1080 4594 1238 4701 singulis
1260 4596 1446 4686 articulis,
1463 4599 1663 4704 respondit
1680 4596 1722 4672 ad

306 4744 386 4808 eos,
406 4724 678 4826 protestacione
692 4725 803 4819 facta,
818 4727 923 4833 quod
934 4755 1013 4804 non
1027 4726 1260 4805 recedebata
1279 4726 1511 4805 confessione
1527 4746 1567 4806 et
1579 4728 1720 4836 deposi-

303 4846 410 4925 cione
432 4849 520 4926 alias
544 4850 648 4930 sactis
671 4883 740 4960 per
763 4885 851 4933 eum
871 4884 996 4935 coram
1014 4857 1114 4936 dioto
1136 4857 1291 4936 domino
1313 4858 1513 4937 Parisiensi
1535 4860 1712 4967 episcopo.
