4080 6052
325 560 399 637 tro
709 542 904 639 esocis
929 562 1025 636 uus
1050 560 1355 657 rsurcrras
1449 596 1457 621 .-

323 724 494 785 turcum
514 732 578 795 coc
599 706 673 784 boc
689 723 818 785 tamen
837 734 914 785 non
935 703 1042 797 fecit,
1065 730 1135 782 nec
1158 703 1231 783 luit
1252 703 1572 811 requisitus,=nec
1590 704 1664 781 scit
1682 732 1751 785 nec

324 834 445 913 credit
459 836 563 941 quod
576 833 708 915 iratres
727 834 871 915 ordinis
888 833 1170 913 committerent
1188 833 1332 912 dictum
1351 848 1565 941 peccatum.
1584 834 1750 929 Quando

323 992 412 1043 vero
433 965 554 1043 dictus
572 965 748 1075 Magister
767 966 861 1044 dixit
872 966 907 1043 ci
925 964 1094 1072 predicta
1106 962 1247 1053 illicita,
1268 990 1346 1042 non
1362 962 1520 1042 firerunt
1537 960 1648 1071 alipii
1664 994 1747 1072 pre·

325 1111 451 1173 sentes
477 1095 549 1172 nisi
576 1096 647 1202 ipsi
672 1096 749 1175 duo
774 1097 858 1175 soli.
879 1094 1095 1203 Requisitus
1118 1096 1149 1173 si
1174 1095 1295 1175 credit
1316 1096 1422 1202 quod
1439 1094 1506 1173 alii
1527 1092 1659 1173 fratres
1680 1123 1744 1174 or-

326 1222 425 1303 dinis
452 1226 705 1305 communiter
731 1227 989 1334 reciperentur
1012 1223 1211 1332 sicutipse
1236 1223 1311 1302 fuit
1332 1241 1525 1331 receptus,
1550 1227 1744 1332 respondit

324 1356 428 1460 quod
448 1357 517 1448 sic,
538 1355 648 1463 plura
667 1356 857 1435 nesciebat
874 1357 923 1435 de
941 1356 1129 1435 contentis
1144 1356 1186 1433 in
1204 1354 1314 1433 dictis
1326 1382 1394 1433 xm
1410 1355 1593 1433 articulis.

382 1485 490 1577 Item,
511 1485 716 1593 requisitus
735 1512 849 1593 super
866 1510 945 1565 run
962 1502 1002 1563 ot
1018 1485 1197 1564 omnibus
1214 1484 1476 1593 sequentibus,
1497 1484 1744 1591 responditse

325 1612 444 1691 nichil
472 1613 566 1692 scire
591 1614 692 1697 ultra
723 1642 800 1724 que
825 1642 939 1722 supra
966 1615 1203 1721 deposuerit,
1230 1615 1304 1693 hoc
1327 1631 1484 1721 excepto
1508 1614 1616 1721 quod
1644 1615 1740 1692 bene

324 1742 500 1821 credebat
519 1744 775 1825 ecclesiasticis
793 1743 1052 1835 sacramentis,
1071 1762 1110 1822 et
1128 1743 1249 1821 credit
1266 1745 1372 1852 quod
1393 1744 1459 1821 alii
1482 1742 1611 1821 fratres
1636 1744 1740 1822 ordi·

324 1873 383 1951 nis
405 1872 504 1953 bene
528 1873 744 1966 crederent,
770 1890 809 1952 et
831 1874 938 1981 quod
955 1872 1166 1953 sacerdotes
1190 1902 1325 1952 eorum
1343 1873 1474 1951 debite
1494 1873 1739 1964 summano

324 2031 401 2081 non
421 2002 543 2081 credit
557 2006 663 2111 quod
688 2004 773 2083 laici
792 2021 947 2111 possent
965 2003 1156 2083 absolvere
1183 2033 1204 2081 a
1222 2005 1398 2110 peccatis,
1420 2007 1490 2083 sed
1509 2005 1655 2083 audivit
1672 2005 1741 2084 dici

325 2133 429 2240 quod
444 2133 610 2241 magistri
629 2150 666 2212 et
685 2151 921 2242 preceptores
939 2134 1183 2213 remittebant
1195 2163 1329 2241 penas,
1346 2153 1385 2212 et
1398 2116 1604 2241 presbiteri
1622 2135 1741 2215 absol·

324 2262 460 2340 vehant
470 2292 491 2341 a
501 2265 672 2370 peccatis.
685 2265 868 2342 iurabant
881 2292 959 2343 non
969 2265 1070 2343 exire
1085 2265 1278 2356 ordinem,
1289 2282 1327 2343 ct
1338 2266 1465 2344 statim
1482 2294 1555 2374 pro
1569 2266 1740 2374 professis

322 2393 577 2486 habebantur3
596 2395 839 2474 clamdestine
858 2395 1157 2503 recipiebantur3
1178 2394 1345 2474 cordulis
1364 2395 1617 2503 cingebantur
1634 2425 1742 2505 supra

323 2523 508 2619 camisias,
528 2525 569 2604 in
588 2527 738 2634 signum
757 2526 950 2620 euantis,
970 2528 1039 2606 scd
1054 2527 1175 2607 nescit
1187 2555 1258 2606 nec
1276 2527 1421 2605 audivit
1428 2528 1538 2634 quod
1547 2544 1741 2638 tangerent

324 2656 441 2762 capita
460 2654 675 2763 ydolorum.
696 2660 780 2737 Non
799 2657 942 2737 audivit
962 2658 1069 2767 quod
1092 2660 1227 2766 aliquis
1245 2658 1467 2737 revelaverit
1487 2676 1629 2737 secreta
1645 2659 1740 2765 capi·

322 2785 506 2863 tuliorum
521 2815 592 2865 nec
609 2787 769 2866 modum
788 2790 1034 2897 recepcionis,
1052 2789 1111 2867 vel
1126 2789 1191 2896 qui
1206 2772 1372 2867 noluerit
1384 2787 1509 2867 facere
1523 2788 1647 2867 illicita
1660 2815 1734 2895 que

323 2912 362 2988 in
386 2917 668 3020 recepcionibus
695 2919 1012 3027 proripiebantur,
1039 2948 1109 2997 nec
1140 2920 1210 2997 scit
1241 2918 1404 3026 qualiter
1430 2918 1585 2999 fuissent
1611 2917 1734 3024 puniti

318 3045 552 3130 ¹contrarium
576 3046 764 3128 facientes.
785 3052 875 3129 Non
884 3065 1079 3158 poterant,
1103 3049 1176 3127 nisi
1196 3048 1456 3127 sacerdotibus
1475 3048 1636 3139 ordinis,
1655 3048 1735 3127 sine

322 3172 478 3250 licencia
489 3175 671 3253 confiteri.
689 3180 926 3287 Negligentes
943 3180 1098 3258 luerunt
1116 3180 1296 3286 quianon
1313 3197 1559 3258 correxertmt
1577 3206 1736 3268 errores,

322 3331 392 3380 nec
413 3304 733 3385 denunciaverunt
748 3309 926 3387 Ecclesie.
947 3310 1160 3388 Elemosine
1177 3328 1215 3388 et
1229 3310 1461 3416 hospitalitas
1476 3311 1740 3388 convenienter

323 3433 362 3508 in
395 3433 526 3510 ordine
563 3437 814 3515 servabantur.
849 3439 955 3517 Clam
974 3440 1213 3518 'tenebantur
1244 3440 1433 3545 capitulia,
1459 3457 1495 3514 et
1521 3439 1737 3544 ponebatur

323 3581 448 3640 custos
469 3563 507 3638 in
527 3582 635 3671 porta
655 3567 827 3673 capituli,
849 3597 897 3646 ne
924 3569 979 3647 illi
1003 3570 1168 3676 quinon
1196 3588 1302 3648 erant
1322 3572 1360 3647 in
1381 3567 1550 3675 capitulio
1577 3587 1736 3672 possent

322 3694 450 3770 audire
470 3693 623 3802 illaque
642 3697 785 3777 fiebant
804 3700 843 3776 in
863 3700 1053 3806 capitulio.
1068 3702 1199 3797 Credit
1211 3704 1316 3808 quod
1336 3702 1377 3777 in
1395 3717 1474 3778 toto
1494 3697 1626 3776 ordine
1646 3697 1737 3777 luis-

321 3841 377 3902 set
403 3843 590 3902 servatum
617 3829 721 3933 quod
746 3858 904 3936 magnus
920 3832 1098 3938 Magister
1116 3860 1203 3909 cum
1233 3849 1417 3908 conventu
1452 3806 1677 3920 ordinasset,
1704 3848 1738 3938 et

320 3956 425 4062 quod
445 3957 599 4061 grandia
617 3959 789 4037 scandala
808 3979 935 4038 contra
955 3962 1130 4039 ordinem
1150 3980 1238 4039 sunt
1263 3979 1407 4052 exorta,
1431 3977 1470 4038 et
1486 3960 1592 4068 quod
1612 3958 1737 4037 illicita

320 4115 413 4192 que,
427 4104 484 4175 vut
503 4086 638 4176 credit,
659 4089 802 4168 [iebant
822 4091 861 4167 in
881 4093 1166 4199 recepcionibus
1195 4110 1319 4170 essent
1342 4091 1540 4169 manifesta
1563 4089 1736 4167 fratribus

321 4217 479 4305 ordinis,
502 4245 579 4294 non
601 4223 799 4311 extraneis,
822 4240 860 4299 et
879 4223 1022 4302 audivit
1035 4223 1108 4300 dici
1128 4224 1235 4330 quod
1253 4251 1410 4329 magnus
1432 4221 1612 4328 Magister
1625 4239 1664 4298 et
1680 4220 1735 4298 alii

320 4364 409 4423 sunt
420 4348 578 4426 confessi
594 4351 734 4428 multos
750 4381 895 4431 errores
914 4372 1043 4431 contra
1060 4355 1250 4447 ordinem,
1263 4354 1382 4431 nescit
1399 4381 1507 4461 quos.
1525 4352 1735 4459 Requisitus

319 4507 434 4584 quare
454 4480 526 4556 hoc
547 4509 644 4559 anno
670 4482 859 4562 obtulerat
878 4514 916 4564 se
939 4486 1162 4563 deffensioni
1177 4486 1332 4563 ordinis
1350 4514 1438 4562 cum
1461 4483 1641 4591 pluribus
1660 4482 1734 4561 aliis

320 4635 364 4682 er
383 4637 459 4714 quo
475 4610 615 4687 sciebat
632 4613 690 4689 vel
712 4615 888 4693 credebat
908 4644 987 4693 esse
1007 4617 1048 4694 in
1071 4616 1202 4693 ordine
1223 4616 1412 4721 predictos
1433 4642 1583 4692 errores
1603 4612 1734 4691 confes

319 4752 416 4813 satos
432 4766 500 4841 per
527 4768 631 4827 eum,
652 4747 846 4851 respondit
865 4750 971 4855 quod
988 4776 1058 4855 pro
1078 4776 1123 4825 eo
1151 4747 1240 4856 quia
1259 4762 1454 4852 peccatum
1474 4746 1631 4824 tenebat
1653 4770 1730 4822 eum

319 4865 475 4973 ligatum
493 4884 531 4944 et
551 4895 594 4945 cx
612 4868 780 4952 fatuitate
798 4905 876 4954 sua.
