4080 6052
388 565 392 575 ¹
495 533 692 627 rsocts
718 552 814 624 oss
839 493 1173 665 rsurursnss
1451 553 1518 628 ter

110 713 267 805 poneret
282 695 423 774 dictum
440 721 569 786 suum,
583 718 661 772 non
676 691 851 770 deferens
864 691 1086 769 mantellum
1101 692 1262 784 ordinis,
1284 694 1372 798 quia
1390 693 1526 774 volun-

108 830 199 907 tarie
224 829 348 934 ipsum
373 825 567 903 dimiserat
585 825 651 902 diu
672 841 758 931 post
783 822 985 900 concilium
1001 824 1204 912 Remcnse,
1230 841 1268 899 et
1286 825 1367 901 radi
1387 822 1525 902 fecerat

109 958 180 1035 sibi
199 958 371 1048 barbam,
397 956 505 1033 etatis
519 954 648 1061 viginti
669 971 753 1032 octo
774 980 959 1031 annorum
978 953 1037 1030 vel
1058 954 1169 1041 cirea,
1192 981 1279 1062 cum
1298 980 1375 1060 quo
1398 955 1524 1062 inqui—

107 1090 222 1167 situm
247 1089 382 1178 fuerat,
408 1085 605 1163 absolutus
628 1102 668 1162 et
683 1084 955 1172 *reconciliatus
980 1111 1050 1189 per
1078 1080 1277 1161 dominum
1305 1083 1522 1190 episcopum

107 1219 414 1304 Ambianensem,
431 1216 497 1323 qui
507 1238 609 1293 nunc
624 1233 695 1304 est,
712 1216 779 1293 diu
794 1231 879 1293 ente
896 1215 1098 1291 concilium
1112 1217 1309 1295 Remense.
1326 1216 1447 1292 Lectis
1459 1236 1523 1293 atr·

93 1363 184 1449 tem
214 1365 251 1424 et
284 1347 483 1453 diligenter
511 1345 687 1456 expositis
717 1345 789 1422 sibi
818 1344 996 1422 omnibus
1017 1362 1055 1421 et
1072 1343 1229 1450 singulis
1255 1344 1436 1432 articulis,
1464 1373 1523 1422 re-

105 1475 258 1582 spondit
272 1477 319 1552 ad
336 1504 411 1565 eos,
432 1492 469 1551 et
478 1475 603 1580 primo
614 1474 661 1551 ad
670 1474 812 1580 primos
824 1500 903 1563 nn,
916 1501 957 1549 se
965 1474 1109 1550 nescire
1125 1473 1154 1550 si
1170 1488 1343 1548 contenta
1357 1473 1397 1549 in
1414 1475 1522 1554 dictis

105 1606 269 1684 articulis
286 1623 392 1683 erant
409 1630 506 1693 vera,
525 1605 613 1712 quia
630 1631 707 1681 non
723 1603 895 1698 adfuerat
904 1602 1091 1708 capitulis,
1106 1630 1176 1679 nec
1188 1603 1331 1680 viderat
1347 1604 1463 1711 recipi
1481 1607 1521 1682 in

104 1731 250 1829 ordine,
260 1736 331 1812 nisi
351 1734 504 1811 fratrem
522 1733 733 1813 lohannem
750 1734 798 1811 de
819 1735 930 1810 Latre'
949 1733 1423 1823 servientem,Morinensis
1437 1737 1518 1814 dio·

104 1867 209 1953 cesis,
231 1866 279 1942 de
300 1865 407 1970 cujus
425 1865 498 1939 vita
516 1863 574 1939 vel
592 1879 715 1939 morte
731 1889 808 1938 non
822 1861 938 1937 habet
951 1861 1233 1952 certitudinem,
1252 1887 1368 1967 quem
1379 1867 1522 1972 recepit
1552 1956 1563 1980 l

103 1994 217 2072 frater
235 1996 422 2072 lohannes
442 1995 490 2070 de
510 1991 657 2071 Gevisei
679 1992 858 2084 serviens,
878 2008 969 2067 tnnc
985 2009 1183 2097 preceptor
1201 1991 1340 2068 domus
1357 1992 1405 2070 de
1423 1997 1520 2104 Loy*
1588 1997 1593 2009 ’

103 2152 172 2201 son
192 2125 350 2201 diocesis
364 2123 607 2211 Morinensis,
624 2123 719 2199 cirea
738 2121 878 2200 festum
900 2121 1082 2200 Omnium
1102 2123 1325 2200 Sanctorum
1348 2127 1519 2229 proximo

102 2255 249 2361 lapsum
268 2252 424 2332 fuerunt
447 2253 578 2330 decem
598 2253 684 2329 anni
703 2253 893 2344 vel'ciroa,
917 2253 958 2328 in
983 2251 1122 2357 capella
1143 2253 1279 2342 domus
1297 2254 1444 2359 Templi
1470 2254 1518 2330 de

66 2355 83 2375 ο
100 2384 353 2464 Corbermont
368 2384 525 2461 diocesis
538 2383 779 2473 Morinensis,
793 2399 968 2489 presente
981 2381 1092 2459 fratre
1107 2380 1271 2477 Roberto
1289 2383 1336 2458 dc
1350 2384 1427 2459 Bus
1440 2409 1519 2460 ser-

100 2515 231 2606 vienti,
247 2513 406 2591 diocesis
424 2511 696 2604 Ambianensis,
711 2540 827 2621 quem
838 2511 960 2589 credit
977 2511 1110 2602 vivere,
1127 2528 1166 2589 et
1182 2510 1357 2618 pluribus
1369 2511 1451 2588 aliis
1471 2511 1517 2589 de

100 2671 263 2751 quorum
285 2643 503 2723 nominibus
524 2670 601 2720 non
625 2644 861 2734 recordatum
873 2643 928 2719 ‘in
950 2642 1057 2749 cujus
1073 2643 1293 2749 recepcione
1313 2643 1429 2720 nichil
1447 2642 1519 2720 fuit

98 2774 236 2873 sanum
264 2773 438 2851 illicitum
461 2772 519 2850 vet
544 2750 688 2851 arsum
713 2774 820 2879 quaa
846 2773 926 2879 ipsa
952 2773 1057 2850 rests
1082 2772 1228 2851 seven
1252 2773 1310 2850 vet
1333 2773 1517 2851 aaaron

99 2904 184 2980 dici.
203 2904 308 2983 Vidit
327 2922 454 2981 autem
475 2921 512 2980 et
532 2904 676 2981 audivit
698 2905 776 3009 ipse
801 2905 907 2981 testis
925 2903 1030 3008 quod
1050 2901 1242 3007 predictus
1259 2904 1447 2979 lohannes
1467 2903 1514 2979 de

99 3035 209 3111 Latre
220 3035 337 3138 peciit
346 3062 483 3139 panem
499 3051 537 3111 et
551 3058 687 3139 aquam
700 3034 854 3123 ordinis,
869 3051 907 3110 et
926 3059 1102 3110 concesso
1121 3033 1172 3123 ci,
1191 3032 1290 3108 vovit
1308 3048 1346 3108 et
1357 3033 1512 3137 juravit,
1533 3105 1535 3112 .

98 3162 235 3240 tradito
260 3163 460 3270 sibi'prius
484 3164 681 3251 mantello,
703 3166 923 3251 castitatem,
944 3162 1204 3241 obedienciam
1231 3178 1269 3239 et
1291 3163 1412 3240 vivere
1432 3164 1513 3242 sine

97 3293 266 3399 proprio,
292 3311 331 3371 et
351 3294 423 3371 fuit
445 3294 666 3371 informatus
690 3295 853 3401 qualiter
878 3322 917 3371 se
941 3311 1105 3400 regeret,
1127 3311 1165 3371 ct
1182 3294 1281 3371 inter
1297 3293 1368 3370 alia
1387 3292 1459 3370 fuit
1478 3297 1512 3371 ei

96 3420 241 3500 dictum
264 3425 370 3531 quod
391 3453 469 3503 non
493 3441 658 3532 portaret
681 3424 824 3502 litteras
844 3423 904 3500 vel
923 3424 1145 3530 scripturam
1165 3421 1322 3528 alicujus
1344 3421 1412 3526 qui
1435 3450 1512 3500 non

97 3571 193 3630 esset
216 3556 263 3632 de
289 3554 420 3633 ordine
442 3582 591 3643 eorum,
617 3555 689 3632 nisi
716 3556 830 3633 sciret
852 3554 957 3660 quod
979 3555 1235 3630 contineretur
1260 3553 1300 3627 in
1329 3551 1394 3629 eis.
1424 3553 1513 3630 Post

96 3710 169 3788 quc
195 3704 430 3762 recesserunt
448 3687 561 3767 simul
583 3685 631 3762 de
655 3685 753 3763 dicta
778 3684 931 3791 capella,
954 3712 1023 3759 nec
1043 3683 1163 3761 credit
1180 3712 1250 3761 nec
1269 3683 1411 3760 audivit
1437 3683 1508 3761 dici

95 3813 199 3918 quod
217 3831 302 3918 post
317 3815 458 3891 dictum
472 3842 680 3904 recessum,
705 3813 838 3891 eadem
852 3815 914 3890 die
938 3813 997 3890 vel
1015 3814 1279 3921 sequentibus,
1303 3815 1511 3891 intervene-

95 3958 185 4017 runt
207 3942 331 4048 aliqua
351 3941 480 4019 illicita
502 3943 561 4020 vel
584 3944 793 4023 inhonesta.
814 3945 897 4049 Ipse
915 3961 1043 4020 autem
1061 3945 1166 4020 testis
1185 3962 1356 4051 receptus
1374 3944 1448 4021 fuit
1470 3945 1509 4020 in

95 4072 235 4176 capella
257 4072 393 4150 domus
414 4073 563 4179 Templi
584 4075 631 4150 de
654 4076 802 4181 Loyson
816 4074 1041 4152 Morinensis
1062 4071 1236 4160 diocesis,
1257 4073 1353 4150 circa
1371 4072 1509 4151 festum

94 4203 296 4280 Nativitatis
309 4204 461 4282 Domini
481 4202 652 4310 proximo
671 4204 892 4310 preteritum
914 4202 1068 4280 luerunt
1081 4230 1118 4281 xr
1134 4204 1220 4279 anni
1240 4203 1416 4295 velcirca
1439 4232 1508 4309 per

92 4330 245 4409 irenem
260 4333 443 4412 Garinum
464 4335 511 4412 de
526 4333 667 4413 Grandi
680 4333 822 4414 Villarii
840 4334 1035 4439 quondam
1052 4350 1312 4441 preceptorem
1321 4351 1412 4410 tunc
1426 4333 1506 4411 bal·

93 4463 178 4540 livie
204 4463 250 4540 de
272 4465 446 4581 l'ontivo,
472 4463 712 4570 presentibus
736 4463 912 4542 fratribus
936 4463 1084 4541 Thema
1108 4464 1263 4571 Anglico
1287 4463 1505 4571 presbytero

91 4595 295 4698 quondam,
312 4594 459 4673 Alelino
470 4595 517 4672 de
535 4595 710 4682 Lineriis,
722 4612 818 4673 teste
831 4623 943 4700 supra
956 4595 1180 4682 examinato,
1195 4597 1305 4672 Petro
1320 4595 1502 4700 Prepesiti

91 4742 308 4829 preceptore
329 4725 550 4831 Campanie,
571 4754 687 4833 quem
706 4726 971 4812 creditvivere,
984 4724 1376 4831 etLaurencioBlangi
1386 4752 1503 4832 quon-

92 4852 178 4930 dam
198 4853 237 4930 in
252 4855 353 4931 hunc
373 4858 555 4934 modum:
577 4883 665 4933 nam
685 4884 772 4934 cum
792 4854 1083 4962 peciissetflexis
1100 4856 1262 4965 genibus
1281 4882 1303 4931 a
1322 4855 1422 4932 dicto
1443 4882 1501 4932 re·

1347 4991 1397 5053 62.
