4080 6052
329 505 404 580 aaa
718 485 916 579 rxocts
942 502 1036 575 ors
1062 502 1361 579 reuertens.

328 648 548 755 recepcione
575 646 669 724 dixit
685 645 801 725 fausse
826 661 1013 724 servatum
1040 643 1155 721 istum
1179 619 1359 735 modum,
1380 642 1556 747 videlicet
1584 644 1697 753 quod
1720 647 1759 725 in

328 779 476 887 capella·
489 777 587 855 dicte
608 778 746 855 domus
767 775 948 883 imposuit
961 773 1033 852 sibi
1046 773 1169 853 dictus
1183 791 1382 880 preceptor
1398 773 1626 855 mantellum
1645 804 1758 884 supra

327 928 446 988 vestes
465 907 668 998 seculares,
689 907 758 985 sed
781 924 982 1013 antequam
1005 904 1219 1011 imponeret
1241 905 1312 983 sibi
1341 904 1485 983 dictum
1508 905 1754 995 mantellum,

326 1038 415 1117 lecit
434 1068 523 1118 eum
541 1066 674 1116 vovere
694 1055 732 1114 et
745 1037 873 1145 jurare
896 1035 1117 1127 castitatem,
1133 1035 1414 1127 obedienciam,
1436 1051 1475 1113 et
1490 1036 1597 1143 quod
1616 1037 1756 1129 viveret

327 1170 406 1247 sine
427 1168 596 1275 proprio,
619 1172 658 1244 et
676 1168 832 1273 insuper
855 1164 961 1273 qmd
977 1182 1079 1245 esset
1095 1193 1225 1243 servus
1248 1165 1415 1243 esclavus
1432 1165 1601 1273 Templi,
1624 1166 1674 1247 ad
1694 1196 1755 1247 re-

324 1299 395 1405 cipi
400 1299 537 1376 endam
549 1300 707 1375 Terram
721 1298 895 1375 Sanctam
910 1324 979 1402 pro
993 1323 1103 1402 posse
1120 1324 1203 1375 suo.
1216 1296 1327 1386 Item,
1338 1294 1435 1373 dixit
1447 1294 1554 1402 quod
1567 1314 1658 1402 post
1669 1326 1752 1405 pre-

326 1429 425 1508 dicta
439 1430 632 1506 exiverunt
646 1428 844 1535 capellam,
860 1444 898 1505 et
908 1426 1022 1505 frater
1034 1428 1169 1505 Petrus
1184 1426 1231 1505 de
1245 1425 1390 1505 Braella
1400 1444 1600 1533 preceptor
1614 1429 1752 1511 domus

324 1558 412 1636 dicti
432 1560 505 1637 loci
526 1560 574 1637 de
594 1560 800 1638 Somorens
824 1557 931 1635 duxit
948 1557 1074 1663 ipsum
1091 1574 1228 1635 testem
1250 1556 1300 1635 ad
1317 1557 1521 1665 quamdam
1542 1586 1749 1649 cameram,

325 1705 363 1764 et
382 1690 532 1768 excluso
554 1690 697 1780 hostio,
715 1688 808 1766 dixit
826 1687 896 1794 ipsi
916 1688 1002 1764 testi
1023 1688 1128 1794 quod
1148 1686 1350 1795 abnegaret
1366 1688 1511 1777 Deum,
1529 1704 1569 1767 et
1585 1716 1676 1769 cum
1695 1690 1750 1769 di·

323 1837 404 1898 ctus
416 1822 522 1898 testis
533 1819 755 1927 perterritus
772 1817 892 1896 lacere
908 1835 1114 1907 recusaret,
1130 1816 1324 1925 subjunxit
1343 1818 1465 1895 dictus
1483 1816 1599 1895 frater
1612 1820 1651 1897 P.
1663 1850 1750 1928 pre·

322 1968 449 2057 ceptor
467 1951 573 2058 quod
593 1950 790 2057 oportebat
809 1977 898 2027 cum
918 1949 969 2027 ita
987 1947 1126 2041 lacere,
1147 1948 1256 2027 aliter
1274 1949 1373 2029 male
1398 1948 1586 2027 accideret
1602 1948 1692 2045 sibi,
1712 1971 1748 2032 et

320 2096 411 2157 tunc
437 2082 516 2187 ipse
543 2081 649 2159 testis
671 2080 744 2186 ¹fuit
767 2080 887 2187 mag'u
911 2079 1091 2161 attonitus
1110 2096 1153 2157 et
1179 2078 1400 2186 orripilavit,
1424 2078 1465 2159 id
1493 2097 1552 2159 est
1574 2080 1745 2189 eriguere

319 2207 402 2315 pilli
430 2211 505 2302 sui,
532 2211 724 2318 potissime
753 2210 841 2318 quia
869 2210 1012 2289 audivit
1037 2239 1213 2289 murmur
1240 2210 1455 2319 aliquorum
1480 2228 1583 2293 extra
1607 2214 1760 2321 ostium·

320 2368 467 2420 camere
486 2343 669 2450 predicte,
692 2359 730 2420 et
749 2342 844 2421 dixit
861 2343 966 2450 quod
984 2360 1077 2421 tunc
1094 2342 1289 2453 abnegavit
1310 2344 1438 2421 Deum
1457 2341 1507 2420 ad
1523 2345 1744 2425 mandatrmr

183 2462 190 2471 ’
319 2472 437 2568 illius,
456 2505 539 2569 ore,
559 2476 630 2555 sed
648 2502 724 2553 non
745 2476 876 2563 corde,
898 2472 1016 2553 semel
1035 2489 1195 2552 tautum.
1216 2474 1265 2551 Et
1282 2473 1356 2553 hoc
1374 2471 1486 2566 facto,
1508 2472 1616 2553 idem
1634 2475 1748 2557 irater·

319 2604 357 2681 P.
379 2606 473 2685 dixit
493 2607 593 2685 sibi:
614 2608 675 2683 Tu
700 2605 773 2683 eris
791 2605 918 2705 bonan
940 2603 1048 2711 pugil
1067 2603 1166 2685 ultra
1184 2633 1300 2689 mare.
1323 2606 1507 2711 Postque
1527 2605 1743 2689 immediate

317 2737 486 2842 precepit
507 2738 613 2815 idem
632 2734 746 2813 frater
765 2737 805 2813 P.
825 2735 896 2841 ipsi
917 2735 1005 2813 testi
1025 2722 1130 2841 quod
1149 2736 1179 2815 si
1197 2734 1335 2843 aliquis
1352 2734 1466 2813 frater
1485 2734 1577 2815 dicti
1602 2738 1742 2819 ordinis
1784 2742 1788 2749 ’

316 2864 430 2944 vellet
450 2867 575 2974 jacere
606 2896 753 2957 secum,
780 2895 858 2945 non
883 2865 1041 2945 deberet
1068 2895 1252 2945 recusare.
1285 2868 1368 2973 lpse
1395 2883 1524 2945 umen
1551 2870 1675 2966 testis,
1700 2890 1742 2950 ut

318 2992 425 3087 dixit,
451 3026 528 3074 non
550 2998 734 3076 intellexit
757 2998 863 3105 quod
885 2999 958 3077 boc
983 2998 1126 3077 diceret
1148 3015 1193 3077 ut
1213 2999 1382 3107 jacentes
1404 2999 1562 3079 insimul
1586 3000 1740 3109 aliquod

315 3143 509 3229 peccatum
527 3126 836 3216 committeretur,
857 3127 925 3205 scd
944 3128 973 3205 si
994 3128 1173 3207 deficeret
1191 3129 1311 3207 lectus
1328 3128 1454 3222 alteri,
1476 3131 1582 3236 quod
1599 3131 1741 3240 recipe-

315 3273 374 3333 ret
392 3285 482 3335 eum
502 3258 544 3335 in
568 3257 666 3335 lecto
689 3286 759 3335 suo
785 3259 957 3337 honesto.
979 3260 1131 3353 Quibus
1150 3260 1203 3338 sic
1223 3260 1329 3353 actis,
1351 3261 1431 3367 ipse
1449 3262 1556 3341 testis
1580 3264 1684 3341 exuit
1700 3293 1739 3345 se

315 3389 479 3467 vestibus
505 3390 582 3468 suis
610 3388 841 3467 secularibus
864 3418 986 3495 usque
1015 3389 1064 3467 ad
1088 3391 1277 3469 canusiam
1301 3409 1340 3469 et
1362 3391 1527 3479 braccas,
1548 3409 1586 3468 et
1611 3393 1738 3487 induit

314 3537 432 3597 vestes
455 3549 568 3599 novas
594 3521 748 3598 ordinis.
775 3520 992 3626 Requisitus
1019 3521 1050 3599 si
1077 3521 1130 3601 ibi
1157 3539 1238 3633 erat
1266 3523 1391 3630 aliqua
1413 3551 1514 3610 crux,
1535 3523 1736 3627 respoudit

312 3652 417 3754 quod
430 3679 520 3730 non.
538 3652 755 3758 Requisitus
769 3651 818 3729 de
838 3668 1009 3757 tempore
1028 3653 1258 3758 recepcionis
1277 3672 1399 3738 suaet
1416 3652 1732 3761 deprecantibus,

310 3784 506 3888 respondit
522 3784 628 3889 quod
647 3784 686 3861 in
707 3782 910 3860 crastinum
928 3783 1097 3862 instantis
1116 3784 1201 3862 festi
1220 3785 1419 3863 nativitatis
1435 3784 1538 3865 Beati
1554 3784 1736 3865 lobannis

309 3913 489 4019 Baptista,
517 3932 630 3991 erunt
657 3942 717 3994 xvr
747 3913 852 4000 anni,
877 3932 921 3992 ut
954 3915 1024 3992 sibi
1054 3917 1219 4008 videtur,
1244 3915 1484 4023 presentibus
1507 3916 1547 3993 in
1571 3916 1733 4023 capella,

308 4047 460 4150 quando
491 4045 565 4124 luit
593 4046 664 4125 sibi
692 4045 854 4123 traditus
885 4047 1103 4136 mantellus,
1125 4048 1233 4126 dictis
1258 4047 1408 4127 duobus
1432 4049 1731 4155 preceptoribus,

307 4172 418 4253 fratre
442 4178 579 4256 lacobo
607 4179 655 4256 de
682 4177 815 4257 Rubro
841 4178 969 4269 Monte
997 4178 1110 4257 fratre
1136 4180 1336 4266 serviente,
1365 4197 1404 4257 et
1433 4179 1549 4259 fratre
1576 4179 1730 4259 Alberto

309 4322 437 4384 curato
459 4309 556 4387 dicte
583 4310 737 4398 domus,
767 4326 805 4386 et
836 4308 949 4388 fratre
973 4312 1143 4389 iohanne
1165 4311 1212 4388 de
1232 4311 1300 4391 Via
1324 4310 1438 4389 fratre
1461 4311 1667 4400 serviente,
1697 4327 1731 4386 et

306 4435 417 4515 fratre
445 4440 613 4518 Ansoldo
643 4440 845 4529 serviente,
877 4441 1134 4548 dispensatore
1160 4441 1258 4519 dicte
1289 4442 1443 4535 domus,
1474 4469 1572 4549 quos
1600 4468 1730 4521 omnes

307 4566 399 4645 dixit
418 4570 572 4661 obiisse,
593 4573 755 4679 exceptis
772 4570 951 4649 iratribus
969 4573 1106 4653 Jacobo
1132 4574 1179 4650 de
1197 4572 1331 4652 Rubro
1352 4575 1482 4652 Monte
1500 4552 1538 4651 et
1556 4574 1726 4652 Johaune

306 4696 352 4772 de
367 4699 435 4776 Via
454 4701 651 4804 predictis,
668 4704 707 4779 in
723 4733 868 4782 camera
887 4733 992 4795 vero,
1009 4705 1162 4813 quando
1181 4704 1375 4814 abnegavit
1389 4706 1534 4793 Deum,
1551 4733 1628 4783 non
1642 4701 1721 4779 fue-
1800 4702 1803 4707 ’

260 4900 263 4907 .
304 4847 387 4906 rant
405 4830 521 4937 aliqui
541 4851 734 4939 presentes
753 4837 824 4913 nisi
844 4836 957 4914 frater
973 4840 1013 4916 P.
1029 4854 1226 4945 preceptor
1244 4837 1435 4944 predictus
1454 4855 1495 4915 et
1513 4838 1592 4945 ipse
1603 4832 1718 4915 testis.
