4080 6052
308 553 396 626 rao·
688 523 886 618 Procas
911 543 1006 615 nus
1031 543 1334 616 rsurnrrss.

358 693 447 768 Post
459 689 531 766 hcc
542 687 582 764 In
597 685 818 774 crastinum,
830 683 972 762 scilicet
986 683 1049 763 die
1065 685 1195 761 Martis
1208 706 1282 789 que
1295 681 1368 758 luit
1379 705 1457 761 artu
1470 678 1553 759 dies
1567 677 1729 790 Aprilis,

303 823 405 901 idem
425 817 602 897 dominus
621 815 861 895 Guichardus
877 813 990 891 rediit
1013 841 1140 892 coram
1158 813 1311 921 prelatis
1331 811 1496 890 dominis
1512 814 1733 900 commissa*

304 952 383 1041 riis,
411 947 628 1026 absentibus
646 963 683 1023 et
703 945 884 1024 excusatis
902 944 1010 1023 dictis
1027 944 1190 1022 dominis
1209 942 1439 1023 Narbonensi
1461 960 1500 1020 et
1517 943 1729 1050 Bajocensi,

305 1099 348 1159 nt
361 1080 607 1188 perficeretur
618 1077 701 1184 ejus
715 1076 924 1184 deposicio,
942 1092 1186 1185 quapropter
1204 1075 1298 1152 hore
1317 1074 1531 1151 tarditatem
1549 1076 1633 1155 heri
1652 1100 1733 1155 non

300 1211 426 1289 Inerat
447 1207 648 1314 completa,
671 1224 708 1284 et
725 1206 798 1287 fuit
816 1205 1020 1313 requisitus
1039 1204 1085 1283 ab
1109 1205 1252 1282 eisdem
1276 1233 1321 1282 er·
1342 1231 1424 1311 qua
1442 1232 1552 1282 causa
1575 1206 1735 1311 putabat

305 1340 411 1448 quod
431 1340 552 1416 dicum
575 1337 822 1443 lraterllugo
840 1353 988 1415 vocaret
1000 1365 1042 1414 se
1060 1337 1267 1443 perditum,
1285 1352 1323 1412 et
1343 1335 1375 1411 si
1393 1334 1514 1412 credit
1532 1338 1640 1442 quod
1658 1338 1734 1416 hoc

307 1472 449 1548 diceret
466 1484 621 1574 propter
643 1466 901 1572 perdicionem
926 1466 1067 1559 anime,
1087 1466 1146 1543 vel
1170 1442 1260 1572 luia
1284 1463 1516 1570 relinquerat
1540 1466 1731 1558 seculum,

306 1598 520 1705 respondite
534 1583 765 1702 quodmodo
777 1595 905 1686 credit,
920 1613 1127 1703 propterea
1137 1625 1212 1703 que
1225 1596 1403 1673 dicuntur
1413 1613 1543 1674 contra
1556 1597 1732 1679 ordinem

306 1728 478 1835 Templi,
511 1727 617 1835 quod
644 1755 685 1805 sc
717 1726 909 1833 perditum
939 1737 1086 1805 roraret
1112 1745 1268 1834 propter
1299 1726 1558 1834 perdicionem
1586 1728 1731 1819 anime3

306 1884 393 1935 nam
409 1859 512 1936 idem
524 1858 647 1950 testis,
662 1858 730 1964 qui
747 1875 826 1935 erat
842 1874 935 1935 tunc
947 1858 1207 1940 seneschalcus
1226 1857 1407 1947 Tholose,
1423 1855 1627 1935 honorilice
1641 1887 1732 1936 cum

308 1991 416 2095 eqrris
435 2006 473 2066 et
492 1990 606 2067 armis
624 2005 663 2065 et
680 1982 763 2065 aliis
786 1989 1003 2068 necessariis
1020 1986 1243 2066 militaverat
1262 2017 1350 2066 eum
1375 2005 1413 2066 et
1430 1989 1673 2066 collocaverat
1692 1991 1733 2067 in

308 2118 407 2195 dicto
435 2119 586 2211 ordine,
612 2136 651 2196 et
678 2118 900 2199 intendebat
925 2119 965 2197 in
991 2119 1074 2226 ipso
1103 2119 1236 2197 ordine
1260 2118 1497 2226 magnificare
1522 2147 1634 2210 eum,
1661 2119 1732 2199 sed

307 2266 398 2330 tunc
413 2249 571 2355 putabat
587 2249 691 2327 idem
707 2250 832 2344 testis,
845 2261 889 2328 ut
904 2249 1008 2341 dicit,
1025 2250 1131 2356 quod
1144 2267 1292 2329 vocaret
1310 2259 1359 2329 se'
1369 2251 1563 2357 perditum
1578 2267 1732 2357 propter

308 2380 541 2459 austeritates
560 2409 654 2489 quas
674 2382 768 2461 ordo
791 2398 830 2458 et
850 2379 983 2459 irrues
1001 2380 1145 2459 ordinis
1162 2381 1311 2486 Templi
1330 2398 1422 2458 tunc
1440 2382 1480 2458 in
1504 2382 1579 2458 rita
1598 2376 1731 2459 eorum

308 2537 452 2588 servare
466 2512 739 2591 credebantur.
758 2513 869 2598 Item,
893 2511 1113 2616 requisitus,
1132 2510 1162 2586 si
1184 2509 1451 2587 recordabatur
1469 2539 1539 2615 per
1557 2538 1655 2616 quos
1674 2511 1733 2589 lit·
1819 2562 1825 2570 -

307 2657 405 2719 teras
420 2643 532 2749 sigilli
551 2643 682 2720 lecerit
699 2641 773 2744 legi
793 2630 1040 2743 supradictas,
1061 2637 1256 2742 respondit
1274 2640 1380 2742 quod
1397 2666 1492 2729 non,
1512 2642 1602 2744 quia
1620 2640 1733 2719 multi
1759 2647 1762 2653 '

308 2769 698 2848 litterati-assistebant
716 2766 799 2843 sihi.
820 2767 931 2856 Item,
951 2763 1172 2871 requisitus,
1194 2765 1225 2840 si
1249 2767 1517 2843 recordabatur
1540 2768 1594 2843 de·
1609 2770 1734 2848 nomi-

309 2896 422 2973 nibus
436 2900 692 3003 predictorum
708 2895 867 2972 fratrum
884 2895 1087 2986 Minorum‚
1104 2894 1299 3000 respondit
1315 2897 1421 3002 quod
1436 2922 1525 2985 non,
1543 2897 1611 2974 sed
1629 2918 1734 2978 erant

312 3026 360 3101 de
380 3044 565 3104 conventu
584 3026 844 3133 Lugdunensi.

367 3156 478 3248 Item,
495 3185 610 3264 super
628 3182 822 3234 Lxxxxvuu
843 3154 1015 3242 articulo,
1036 3155 1101 3261 qui
1124 3154 1268 3261 incipit,
1285 3154 1379 3233 Item
1399 3158 1505 3263 quod
1523 3187 1601 3236 non
1620 3188 1732 3268 repu-

311 3284 473 3375 tabatur,
491 3306 559 3365 etc.
570 3348 579 3376 ,
590 3287 687 3366 dixit
705 3288 810 3393 quod
833 3285 921 3363 mali
940 3285 1049 3363 ricini
1068 3303 1174 3363 erant
1190 3286 1265 3363 illis
1280 3288 1346 3392 qui
1361 3288 1553 3368 habebant
1567 3292 1731 3370 dividere

310 3415 496 3494 territoria
525 3447 611 3494 cum
637 3417 706 3505 eis,
733 3417 851 3494 nescit
869 3433 995 3492 tamen
1021 3416 1053 3493 si
1073 3416 1143 3521 ipsi
1163 3417 1236 3493 hoc
1262 3419 1486 3522 reputabant
1511 3420 1657 3500 licitum
1674 3423 1731 3500 rel

309 3565 516 3653 peccatum.
879 3623 880 3626 ,

366 3680 477 3766 Item,
500 3707 613 3784 super
640 3704 725 3759 extu
748 3677 906 3756 articulo
931 3678 996 3783 qui
1024 3676 1169 3782 incipit,
1191 3676 1285 3753 Item
1303 3681 1407 3784 quod
1427 3682 1623 3789 quicquid,
1645 3703 1728 3775 etc,

313 3808 405 3885 dixit
423 3809 614 3916 predictus
635 3810 739 3886 testis
763 3808 869 3913 quod
894 3808 986 3885 dum
1006 3807 1085 3914 ipse
1110 3817 1207 3883 esset
1221 3826 1352 3886 rector
1370 3812 1508 3890 Montis
1524 3815 1729 3907 Pessulani‚

315 3966 383 4044 pro
407 3938 562 4016 domino
584 3942 684 4046 Rege
707 3938 879 4025 Francie,
903 3956 991 4014 sunt
1009 3936 1154 4013 circiter
1180 3963 1239 4015 xvr
1259 3939 1360 4029 anni,
1387 3943 1562 4047 magister
1586 3945 1733 4052 Templi

247 4063 249 4066 Α
306 4061 385 4174 qni.
399 4096 499 4145 nunc
517 4086 588 4158 est,
608 4086 645 4146 et
663 4068 777 4145 Irater
791 4070 900 4175 Ilugo
919 4068 965 4144 de
983 4069 1161 4144 Paravent
1176 4068 1341 4146 visitator
1359 4088 1450 4148 tunc
1466 4072 1555 4149 dicti
1574 4074 1734 4162 ordinis,
1778 4150 1791 4177 ‚

317 4215 354 4274 et
379 4197 440 4274 alii
464 4218 701 4307 preceptores
734 4199 919 4291 lecerunt,
947 4215 991 4275 ut
1022 4197 1216 4275 dicebatur
1242 4216 1348 4291 tunc,
1377 4202 1555 4307 quasdam
1585 4203 1737 4283 ordina-

316 4328 440 4405 ciones
459 4330 555 4406 circa
576 4330 735 4408 modum
756 4329 902 4407 vivendi
921 4347 959 4406 et
976 4328 1216 4406 comestionis
1236 4357 1386 4422 eorum,
1414 4350 1451 4409 et
1471 4333 1611 4411 audivit
1634 4336 1737 4443 quod

314 4457 462 4535 Inerant
481 4459 688 4548 observate,
708 4458 811 4534 aliud
826 4459 919 4536 dixit
929 4486 967 4534 se
983 4459 1125 4536 nescire
1145 4458 1191 4534 de
1216 4462 1399 4537 contentis
1417 4463 1457 4537 in
1477 4464 1633 4543 articulo
1658 4495 1736 4544 me-

318 4605 474 4663 morato.
513 4624 523 4701 ss

375 4717 484 4803 Item,
500 4745 612 4821 snper
624 4743 744 4796 cxvurr
760 4717 1006 4825 articulo,'qui
1021 4720 1161 4824 incipit,
1175 4720 1270 4797 Item
1282 4725 1387 4827 quod
1397 4725 1524 4819 multi,
1543 4745 1631 4820 etc,
1648 4729 1737 4806 dixit

283 4882 290 4898 ·
320 4847 523 4950 quodcum
539 4845 639 4923 filius
656 4846 808 4951 quidam
823 4847 962 4926 Mathei
978 4851 1026 4927 de
1041 4850 1148 4928 Mura
1162 4849 1249 4928 ciris
1269 4853 1550 4960 Lugdunensis,
1567 4859 1616 4937 de
1633 4861 1736 4968 cujus
