4080 6052
699 546 898 640 esoces
921 567 1015 639 nas
1041 568 1342 642 rsnrmsss.
1653 575 1727 647 aas

313 708 555 794 rehabuerat,
577 724 616 783 et
638 706 848 785 voluntarie
877 706 957 782 radi
984 706 1121 784 fecerat
1144 709 1214 785 sibi
1245 709 1432 817 [borbnm],
1460 712 1729 819 quinquaginta

313 842 481 946 quinque
494 836 678 914 annorum
689 837 747 912 vel
757 836 867 924 circa,
881 864 966 913 cum
978 864 1056 943 quo
1067 838 1291 944 inquisitum
1302 840 1434 930 luerat,
1448 868 1525 916 non
1535 840 1729 920 absolutus
1743 880 1745 885 ’

313 987 351 1047 et
368 970 627 1047 reconciliatus
645 995 714 1074 per
733 968 932 1044 dominum
952 969 1271 1076 archiepiscopum
1298 973 1541 1060 Remensem,
1567 972 1673 1049 lectis
1693 993 1731 1050 et

313 1099 513 1207 diligenter
532 1099 708 1205 expositis
732 1098 804 1175 sibi
828 1098 1004 1176 omnibus
1029 1116 1068 1179 et
1091 1101 1248 1208 singulis
1274 1101 1454 1188 articulis,
1475 1103 1669 1208 respondit
1688 1135 1727 1182 se

312 1232 429 1307 nichil
450 1232 543 1309 scire
564 1259 634 1306 nec
652 1228 835 1306 audivisse
855 1228 928 1304 dici
948 1258 1017 1306 nec
1041 1232 1160 1307 credit
1179 1233 1227 1308 de
1248 1233 1432 1308 contentis
1452 1232 1491 1308 in
1510 1233 1618 1309 dictis
1642 1236 1729 1310 arti-

313 1363 408 1438 culis
422 1364 492 1438 nisi
510 1362 613 1467 quod
629 1361 811 1466 sequitur.
827 1360 929 1437 Dixit
943 1360 1045 1437 enim
1058 1362 1163 1466 quod
1180 1363 1258 1467 ipse
1275 1380 1311 1439 et
1328 1361 1459 1438 fratres
1475 1363 1608 1451 Adam,
1623 1366 1729 1469 cujus

313 1520 521 1598 cognomen
547 1493 707 1600 ignorat,
730 1490 890 1569 Viardus
911 1491 957 1564 de
976 1491 1131 1599 Tivayea
1150 1508 1189 1566 et
1206 1490 1366 1568 lacobus
1386 1492 1434 1568 de
1454 1492 1642 1581 Crevello,
1662 1496 1729 1600 qui

312 1649 445 1698 omnes
460 1639 564 1697 erant
578 1621 745 1698 conversi
764 1649 830 1696 seu
851 1620 977 1697 donati
995 1620 1190 1726 hospitalis
1208 1621 1254 1698 de
1275 1623 1504 1700 Mormancio
1519 1624 1730 1729 Lingonen-

235 1788 240 1808 ·
310 1753 362 1828 sis
384 1753 558 1843 diocesis,
583 1778 670 1828 cum
693 1751 837 1826 dictum
860 1749 1045 1855 hospitale
1066 1751 1296 1856 pervenisset
1310 1752 1356 1827 ad
1376 1753 1625 1858 Templarios,
1647 1756 1728 1833 lue-

312 1901 402 1958 runt
416 1881 530 1958 simul
548 1882 685 1986 recepti
701 1881 739 1954 in
755 1878 893 1984 capella
909 1879 1008 1956 dicte
1023 1879 1161 1956 domus
1176 1880 1225 1956 de
1238 1882 1481 1970 Mormancio‚
1495 1912 1564 1988 per
1577 1882 1726 1961 fratrem

312 2012 561 2088 laurencium
592 2009 639 2086 de
672 2008 805 2098 Belua,
838 2008 1077 2085 combustum
1098 2010 1278 2096 Parisius,
1300 2011 1339 2086 in
1363 2010 1535 2088 Adventu
1557 2016 1726 2119 proximo

310 2142 490 2246 preterito
504 2141 658 2216 fuerunt
677 2166 810 2214 novem
828 2140 933 2225 anni,
949 2140 1188 2243 presentibus
1203 2140 1382 2218 fratribus
1400 2142 1547 2218 Juliano
1574 2145 1727 2252 presby—

310 2290 404 2360 tero,
427 2273 535 2380 cujus
555 2298 763 2378 cognomen
784 2271 947 2377 ignorat,
968 2286 1006 2345 et
1020 2270 1131 2347 Petro
1148 2272 1341 2380 Bexgerio,
1360 2290 1397 2347 et
1408 2272 1488 2350 aliis
1504 2276 1727 2380 Templariis

310 2430 473 2507 quorum
502 2431 579 2480 uon
612 2401 725 2480 babet
752 2400 949 2491 noticiam,
974 2401 1010 2476 in
1030 2402 1134 2478 hunc
1153 2403 1335 2480 modum:
1355 2432 1442 2478 nam
1462 2432 1547 2479 cum
1567 2408 1726 2511 requisi·

309 2534 446 2610 sissent
467 2561 604 2639 panem
624 2552 662 2610 et
681 2560 814 2638 aquarn
835 2546 873 2607 et
895 2532 1110 2608 societatem
1132 2533 1290 2622 ordinis,
1316 2534 1407 2610 dixit
1426 2535 1480 2611 eis
1498 2536 1600 2640 quod
1629 2536 1725 2613 bene

311 2663 574 2749 deliberarent,
591 2663 679 2767 quia
691 2661 822 2769 religio
833 2661 1137 2767 Templariorum
1151 2680 1230 2740 erat
1243 2664 1375 2741 durior
1387 2637 1425 2740 el
1436 2665 1601 2770 asperior
1612 2695 1725 2771 quam

307 2794 440 2900 religio
460 2822 574 2899 quam
594 2792 664 2898 ipsi
681 2809 902 2882 tenueram
924 2809 961 2868 et
981 2820 1068 2868 cum
1089 2793 1371 2899 respondissent
1384 2794 1488 2899 quod
1503 2795 1627 2870 omnia
1646 2825 1727 2871 sus-

308 2926 488 3010 tinerent,
510 2923 598 3000 lecit
617 2951 683 3000 eos
701 2949 831 2999 vovere
860 2938 898 2998 et
912 2920 1042 3027 jurare
1062 2951 1172 3028 supra
1193 2922 1397 3030 quemdam
1418 2922 1559 3000 librum
1582 2925 1725 3002 castita-

307 3072 403 3143 tem,
423 3052 699 3144 obedienciam,
715 3053 890 3129 attrivere
908 3052 988 3130 sine
1001 3055 1175 3160 propri03
1194 3072 1231 3131 et
1246 3055 1425 3160 imposuit
1439 3056 1493 3130 eis
1506 3055 1721 3144 mantellos,

309 3204 347 3262 et
365 3186 555 3263 osculatus
575 3184 648 3261 fuit
666 3211 732 3261 eos
751 3212 881 3260 omnes
899 3184 938 3260 in
961 3212 1029 3260 ore
1049 3201 1088 3261 et
1114 3202 1215 3262 retro
1240 3185 1279 3260 in
1305 3185 1423 3272 collo,
1449 3201 1487 3262 et
1508 3184 1569 3261 alii
1594 3184 1725 3263 fratres

307 3334 467 3409 astantes
478 3314 632 3393 fuerunt
647 3341 711 3391 eos
724 3312 930 3391 osculatiin
944 3342 1020 3392 ore.
1035 3314 1183 3392 Deinde
1195 3316 1362 3420 precepit
1379 3315 1432 3390 eis
1447 3315 1552 3418 quod
1567 3314 1725 3422 abnega-

305 3463 391 3522 rent
407 3447 583 3534 lbesum;
606 3462 643 3521 et
663 3473 749 3520 cum
766 3444 837 3550 ipsi
855 3444 1137 3550 respondissent
1155 3445 1259 3550 quod
1281 3445 1352 3519 hoc
1372 3442 1479 3519 nullo
1496 3442 1611 3518 modo
1629 3441 1728 3519 lace·

306 3593 407 3664 rent,
426 3576 520 3677 dixit
539 3576 594 3652 eis
608 3575 714 3682 quod
734 3575 932 3680 oportebat
950 3603 1015 3652 eos
1033 3575 1153 3651 facere
1174 3573 1356 3679 predicta,
1379 3603 1423 3648 ex
1445 3600 1523 3678 quo
1543 3573 1723 3677 promise-

304 3724 388 3782 rant
409 3705 581 3792 0bedire,
603 3706 690 3811 quia
710 3705 799 3780 talia
818 3721 925 3780 erant
943 3721 1080 3809 puncta
1099 3703 1263 3791 ordinis;
1282 3720 1321 3779 et
1338 3720 1428 3779 tunc
1448 3702 1723 3811 abnegaverunt

306 3862 456 3924 omnes,
478 3851 517 3911 et
538 3834 617 3940 ipse
634 3835 744 3911 testis
762 3834 958 3941 abnegavit
975 3858 1041 3911 ore
1061 3861 1138 3911 non
1164 3834 1294 3922 corde,
1317 3834 1474 3910 credens
1496 3834 1601 3940 quod
1619 3833 1721 3909 idem

305 3964 468 4040 facerent
497 3963 572 4039 alii.
603 3963 818 4069 Requisitus
847 3965 934 4070 quis
960 3965 1085 4070 primo
1105 3963 1316 4071 abnegavit,
1344 3964 1437 4040 dixit
1459 3963 1564 4069 quod
1581 3963 1719 4052 Adam,

305 4112 389 4201 post
409 4124 497 4171 eum
517 4095 691 4186 Viardus,
713 4112 798 4202 post
816 4094 997 4174 Viardum
1017 4094 1097 4201 ipse
1116 4096 1240 4184 testis,
1261 4112 1299 4172 et
1314 4113 1399 4201 post
1415 4123 1503 4171 eum
1523 4094 1644 4171 dictus
1662 4097 1722 4171 Ja-

305 4226 437 4313 cobus,
454 4226 502 4302 de
524 4253 689 4333 quorum
707 4226 781 4302 vita
799 4226 857 4302 vel
874 4242 995 4302 morte
1015 4250 1094 4302 non
1112 4227 1227 4304 habet
1245 4225 1520 4303 certitudinem.
1541 4226 1721 4330 Postque

303 4357 470 4463 precepit
490 4358 544 4435 eis
562 4358 668 4464 quod
686 4356 849 4462 quilibet
867 4375 1022 4462 spueret
1042 4384 1156 4464 super
1175 4385 1324 4434 crucem
1347 4355 1517 4433 mantelli
1535 4355 1611 4444 sui,
1634 4384 1719 4431 nam

303 4489 377 4566 hoc
396 4488 586 4565 debebant
597 4487 717 4566 lacere
738 4486 947 4589 secundum
963 4488 1063 4566 dicta
1075 4503 1230 4594 puncta,
1245 4503 1284 4564 et
1298 4514 1430 4563 omnes
1445 4501 1629 4591 spuerunt
1642 4513 1719 4562 non

304 4647 416 4723 supra
438 4619 504 4694 sed
519 4620 624 4725 juxta
648 4619 764 4695 dictas
782 4646 927 4707 cruces,
950 4618 1160 4695 secundum
1181 4618 1354 4694 ordinem
1375 4618 1586 4693 secundum
1604 4642 1719 4722 quem

304 4749 584 4854 abnegaverant.
607 4748 688 4825 Alie
711 4748 840 4825 illicita
861 4776 939 4824 non
961 4748 1243 4825 intervenerunt
1267 4747 1307 4823 in
1332 4746 1617 4853 recepcionibus
1636 4775 1720 4852 pre-

304 4880 413 4955 dictis
432 4906 501 4955 nec
519 4895 621 4984 post,
643 4907 711 4956 nec
730 4879 849 4956 credit
867 4880 972 4986 quod
996 4878 1265 4957 intervenirent
1283 4878 1354 4956 alia
1371 4878 1517 4968 illicita,
1538 4878 1611 4982 ,sed
1632 4904 1719 4981 pre-

1534 5016 1584 5076 80.
