<?xml version="1.0" encoding="UTF-8"?>
<!DOCTYPE html PUBLIC "-//W3C//DTD XHTML 1.0 Transitional//EN"
    "http://www.w3.org/TR/xhtml1/DTD/xhtml1-transitional.dtd">
<html xmlns="http://www.w3.org/1999/xhtml" xml:lang="en" lang="en">
 <head>
  <title>
</title>
<meta http-equiv="Content-Type" content="text/html;charset=utf-8" />
  <meta name='ocr-system' content='tesseract 3.04.00' />
  <meta name='ocr-capabilities' content='ocr_page ocr_carea ocr_par ocr_line ocrx_word'/>
</head>
<body>
  <div class='ocr_page' id='page_1' title='image "./procsdestemplie02defegoog_0041.png"; bbox 0 0 4080 6052; ppageno 0'>
   <div class='ocr_carea' id='block_1_1' title="bbox 524 523 1553 623">
    <p class='ocr_par' dir='ltr' id='par_1_1' title="bbox 524 523 1553 623">
     <span class='ocr_line' id='line_1_1' title="bbox 524 523 1553 623; baseline 0.006 -7"><span class='ocrx_word' id='word_1_1' title='bbox 524 523 1167 622; x_wconf 75' lang='lat' dir='ltr'><strong>procssussrsurmuns,</strong></span> <span class='ocrx_word' id='word_1_2' title='bbox 1411 620 1412 623; x_wconf 5' lang='grc' dir='ltr'>γ</span> <span class='ocrx_word' id='word_1_3' title='bbox 1504 550 1553 622; x_wconf 73' lang='lat' dir='ltr'><strong>aa</strong></span> 
     </span>
    </p>
   </div>
   <div class='ocr_carea' id='block_1_2' title="bbox 141 701 1552 938">
    <p class='ocr_par' dir='ltr' id='par_1_2' title="bbox 141 701 1552 938">
     <span class='ocr_line' id='line_1_2' title="bbox 142 701 1552 806; baseline -0.003 -21"><span class='ocrx_word' id='word_1_4' title='bbox 142 712 261 797; x_wconf 78' lang='lat' dir='ltr'><strong>Luna,</strong></span> <span class='ocrx_word' id='word_1_5' title='bbox 281 720 419 780; x_wconf 90' lang='lat' dir='ltr'><strong>etc.·-</strong></span> <span class='ocrx_word' id='word_1_6' title='bbox 433 703 520 779; x_wconf 85' lang='lat' dir='ltr'><strong>Post</strong></span> <span class='ocrx_word' id='word_1_7' title='bbox 537 703 624 788; x_wconf 90' lang='lat' dir='ltr'><strong>hec,</strong></span> <span class='ocrx_word' id='word_1_8' title='bbox 646 703 686 776; x_wconf 90' lang='lat' dir='ltr'><strong>in</strong></span> <span class='ocrx_word' id='word_1_9' title='bbox 713 702 931 787; x_wconf 86' lang='lat' dir='ltr'><strong>crastinum,</strong></span> <span class='ocrx_word' id='word_1_10' title='bbox 952 701 1126 778; x_wconf 89' lang='lat' dir='ltr'><strong>videlicet</strong></span> <span class='ocrx_word' id='word_1_11' title='bbox 1146 701 1206 776; x_wconf 90' lang='lat' dir='ltr'><strong>die</strong></span> <span class='ocrx_word' id='word_1_12' title='bbox 1227 701 1353 778; x_wconf 89' lang='lat' dir='ltr'><strong>Martis</strong></span> <span class='ocrx_word' id='word_1_13' title='bbox 1369 706 1552 806; x_wconf 83' lang='lat' dir='ltr'><strong>proxima,</strong></span> 
     </span>
     <span class='ocr_line' id='line_1_3' title="bbox 141 831 1522 938; baseline -0.001 -25"><span class='ocrx_word' id='word_1_14' title='bbox 141 840 178 913; x_wconf 91' lang='lat' dir='ltr'><strong>in</strong></span> <span class='ocrx_word' id='word_1_15' title='bbox 197 835 339 915; x_wconf 87' lang='lat' dir='ltr'><strong>octabis</strong></span> <span class='ocrx_word' id='word_1_16' title='bbox 358 833 441 913; x_wconf 85' lang='lat' dir='ltr'><strong>sesti</strong></span> <span class='ocrx_word' id='word_1_17' title='bbox 460 831 560 909; x_wconf 89' lang='lat' dir='ltr'><strong>beati</strong></span> <span class='ocrx_word' id='word_1_18' title='bbox 580 832 749 917; x_wconf 88' lang='lat' dir='ltr'><strong>Martini,</strong></span> <span class='ocrx_word' id='word_1_19' title='bbox 771 849 840 908; x_wconf 90' lang='lat' dir='ltr'><strong>etc.</strong></span> <span class='ocrx_word' id='word_1_20' title='bbox 864 831 1008 935; x_wconf 73' lang='lat' dir='ltr'><strong>(Memes</strong></span> <span class='ocrx_word' id='word_1_21' title='bbox 1027 836 1279 936; x_wconf 83' lang='lat' dir='ltr'><strong>ojouruements</strong></span> <span class='ocrx_word' id='word_1_22' title='bbox 1297 859 1362 934; x_wconf 84' lang='lat' dir='ltr'><strong>que</strong></span> <span class='ocrx_word' id='word_1_23' title='bbox 1382 832 1522 938; x_wconf 74' lang='lat' dir='ltr'><strong>desset.)</strong></span> 
     </span>
    </p>
   </div>
   <div class='ocr_carea' id='block_1_3' title="bbox 138 1080 1595 2239">
    <p class='ocr_par' dir='ltr' id='par_1_3' title="bbox 138 1080 1595 2239">
     <span class='ocr_line' id='line_1_4' title="bbox 194 1080 1558 1199; baseline -0.002 -26"><span class='ocrx_word' id='word_1_24' title='bbox 194 1098 290 1173; x_wconf 86' lang='lat' dir='ltr'><strong>Item</strong></span> <span class='ocrx_word' id='word_1_25' title='bbox 309 1095 505 1172; x_wconf 89' lang='lat' dir='ltr'><strong>sciendum</strong></span> <span class='ocrx_word' id='word_1_26' title='bbox 525 1109 596 1182; x_wconf 86' lang='lat' dir='ltr'><strong>est,</strong></span> <span class='ocrx_word' id='word_1_27' title='bbox 619 1080 739 1199; x_wconf 84' lang='lat' dir='ltr'><strong>quod,</strong></span> <span class='ocrx_word' id='word_1_28' title='bbox 756 1119 843 1168; x_wconf 91' lang='lat' dir='ltr'><strong>eum</strong></span> <span class='ocrx_word' id='word_1_29' title='bbox 859 1093 898 1168; x_wconf 92' lang='lat' dir='ltr'><strong>in</strong></span> <span class='ocrx_word' id='word_1_30' title='bbox 918 1092 1085 1198; x_wconf 87' lang='lat' dir='ltr'><strong>predicta</strong></span> <span class='ocrx_word' id='word_1_31' title='bbox 1105 1093 1166 1169; x_wconf 91' lang='lat' dir='ltr'><strong>die</strong></span> <span class='ocrx_word' id='word_1_32' title='bbox 1182 1093 1310 1170; x_wconf 89' lang='lat' dir='ltr'><strong>Martis</strong></span> <span class='ocrx_word' id='word_1_33' title='bbox 1325 1093 1415 1169; x_wconf 87' lang='lat' dir='ltr'><strong>etin</strong></span> <span class='ocrx_word' id='word_1_34' title='bbox 1430 1086 1558 1199; x_wconf 87' lang='lat' dir='ltr'><strong>prece-</strong></span> 
     </span>
     <span class='ocr_line' id='line_1_5' title="bbox 141 1221 1557 1328; baseline 0.001 -27"><span class='ocrx_word' id='word_1_35' title='bbox 141 1225 318 1303; x_wconf 82' lang='lat' dir='ltr'>dentibus</span> <span class='ocrx_word' id='word_1_36' title='bbox 339 1224 488 1308; x_wconf 89' lang='lat' dir='ltr'><strong>diebus,</strong></span> <span class='ocrx_word' id='word_1_37' title='bbox 505 1222 637 1328; x_wconf 87' lang='lat' dir='ltr'><strong>prelati</strong></span> <span class='ocrx_word' id='word_1_38' title='bbox 654 1221 800 1299; x_wconf 92' lang='lat' dir='ltr'><strong>domini</strong></span> <span class='ocrx_word' id='word_1_39' title='bbox 816 1223 1059 1299; x_wconf 89' lang='lat' dir='ltr'><strong>commissarii</strong></span> <span class='ocrx_word' id='word_1_40' title='bbox 1074 1239 1113 1297; x_wconf 87' lang='lat' dir='ltr'><strong>et</strong></span> <span class='ocrx_word' id='word_1_41' title='bbox 1127 1222 1367 1328; x_wconf 78' lang='lat' dir='ltr'><strong>inquisitores</strong></span> <span class='ocrx_word' id='word_1_42' title='bbox 1379 1224 1557 1302; x_wconf 87' lang='lat' dir='ltr'><strong>vidissent</strong></span> 
     </span>
     <span class='ocr_line' id='line_1_6' title="bbox 142 1339 1595 1459; baseline 0.001 -29"><span class='ocrx_word' id='word_1_43' title='bbox 142 1372 180 1430; x_wconf 90' lang='lat' dir='ltr'><strong>et</strong></span> <span class='ocrx_word' id='word_1_44' title='bbox 192 1356 462 1432; x_wconf 81' lang='lat' dir='ltr'>examinassent</span> <span class='ocrx_word' id='word_1_45' title='bbox 479 1353 617 1430; x_wconf 88' lang='lat' dir='ltr'><strong>multas</strong></span> <span class='ocrx_word' id='word_1_46' title='bbox 630 1351 773 1430; x_wconf 73' lang='lat' dir='ltr'><strong>litteras</strong></span> <span class='ocrx_word' id='word_1_47' title='bbox 786 1353 956 1459; x_wconf 88' lang='lat' dir='ltr'><strong>plurium</strong></span> <span class='ocrx_word' id='word_1_48' title='bbox 977 1339 1341 1458; x_wconf 89' lang='lat' dir='ltr'><strong>archiepiscoporum</strong></span> <span class='ocrx_word' id='word_1_49' title='bbox 1355 1370 1395 1430; x_wconf 85' lang='lat' dir='ltr'><strong>et</strong></span> <span class='ocrx_word' id='word_1_50' title='bbox 1415 1356 1557 1459; x_wconf 88' lang='lat' dir='ltr'><strong>episco-</strong></span> <span class='ocrx_word' id='word_1_51' title='bbox 1593 1448 1595 1453; x_wconf 86' lang='lat'><em>.</em></span> 
     </span>
     <span class='ocr_line' id='line_1_7' title="bbox 141 1483 1558 1591; baseline 0.001 -30"><span class='ocrx_word' id='word_1_52' title='bbox 141 1513 292 1589; x_wconf 92' lang='lat' dir='ltr'><strong>porum,</strong></span> <span class='ocrx_word' id='word_1_53' title='bbox 314 1486 354 1559; x_wconf 93' lang='lat' dir='ltr'><strong>in</strong></span> <span class='ocrx_word' id='word_1_54' title='bbox 374 1485 512 1590; x_wconf 89' lang='lat' dir='ltr'><strong>quibus</strong></span> <span class='ocrx_word' id='word_1_55' title='bbox 531 1484 786 1561; x_wconf 79' lang='lat' dir='ltr'><strong>rescribebant</strong></span> <span class='ocrx_word' id='word_1_56' title='bbox 805 1485 894 1560; x_wconf 92' lang='lat' dir='ltr'><strong>dicti</strong></span> <span class='ocrx_word' id='word_1_57' title='bbox 912 1485 1063 1590; x_wconf 88' lang='lat' dir='ltr'><strong>prelati,</strong></span> <span class='ocrx_word' id='word_1_58' title='bbox 1078 1483 1138 1560; x_wconf 89' lang='lat' dir='ltr'><strong>vel</strong></span> <span class='ocrx_word' id='word_1_59' title='bbox 1155 1484 1279 1560; x_wconf 88' lang='lat' dir='ltr'><strong>vicarii</strong></span> <span class='ocrx_word' id='word_1_60' title='bbox 1300 1502 1365 1560; x_wconf 89' lang='lat' dir='ltr'><strong>aut</strong></span> <span class='ocrx_word' id='word_1_61' title='bbox 1383 1484 1558 1591; x_wconf 85' lang='lat' dir='ltr'><strong>officiales</strong></span> 
     </span>
     <span class='ocr_line' id='line_1_8' title="bbox 139 1613 1558 1719; baseline 0.001 -29"><span class='ocrx_word' id='word_1_62' title='bbox 139 1615 378 1700; x_wconf 88' lang='lat' dir='ltr'><strong>eorumdem,</strong></span> <span class='ocrx_word' id='word_1_63' title='bbox 401 1641 439 1690; x_wconf 90' lang='lat' dir='ltr'><strong>se</strong></span> <span class='ocrx_word' id='word_1_64' title='bbox 463 1613 672 1719; x_wconf 80' lang='lat' dir='ltr'><strong>publicasse</strong></span> <span class='ocrx_word' id='word_1_65' title='bbox 692 1613 880 1719; x_wconf 88' lang='lat' dir='ltr'><strong>prelatum</strong></span> <span class='ocrx_word' id='word_1_66' title='bbox 900 1615 1068 1690; x_wconf 87' lang='lat' dir='ltr'><strong>edictum</strong></span> <span class='ocrx_word' id='word_1_67' title='bbox 1087 1614 1276 1689; x_wconf 72' lang='lat' dir='ltr'><strong>citationis</strong></span> <span class='ocrx_word' id='word_1_68' title='bbox 1297 1630 1334 1690; x_wconf 92' lang='lat' dir='ltr'><strong>et</strong></span> <span class='ocrx_word' id='word_1_69' title='bbox 1351 1616 1558 1692; x_wconf 87' lang='lat' dir='ltr'><strong>vocacionis</strong></span> 
     </span>
     <span class='ocr_line' id='line_1_9' title="bbox 139 1741 1559 1847; baseline 0.004 -29"><span class='ocrx_word' id='word_1_70' title='bbox 139 1744 335 1821; x_wconf 90' lang='lat' dir='ltr'><strong>memorati</strong></span> <span class='ocrx_word' id='word_1_71' title='bbox 361 1744 504 1819; x_wconf 86' lang='lat' dir='ltr'><strong>ordinis</strong></span> <span class='ocrx_word' id='word_1_72' title='bbox 525 1744 694 1847; x_wconf 84' lang='lat' dir='ltr'><strong>Templi,</strong></span> <span class='ocrx_word' id='word_1_73' title='bbox 723 1742 881 1818; x_wconf 76' lang='lat' dir='ltr'><strong>fratrum</strong></span> <span class='ocrx_word' id='word_1_74' title='bbox 907 1741 1080 1847; x_wconf 84' lang='lat' dir='ltr'><strong>ejusdem</strong></span> <span class='ocrx_word' id='word_1_75' title='bbox 1105 1759 1143 1818; x_wconf 93' lang='lat' dir='ltr'><strong>et</strong></span> <span class='ocrx_word' id='word_1_76' title='bbox 1165 1742 1326 1819; x_wconf 86' lang='lat' dir='ltr'><strong>aliorum</strong></span> <span class='ocrx_word' id='word_1_77' title='bbox 1353 1745 1559 1823; x_wconf 88' lang='lat' dir='ltr'><strong>evocando-</strong></span> 
     </span>
     <span class='ocr_line' id='line_1_10' title="bbox 138 1872 1558 1980; baseline 0.001 -30"><span class='ocrx_word' id='word_1_78' title='bbox 138 1900 240 1960; x_wconf 86' lang='lat' dir='ltr'><strong>rum,</strong></span> <span class='ocrx_word' id='word_1_79' title='bbox 267 1891 305 1950; x_wconf 87' lang='lat' dir='ltr'><strong>et</strong></span> <span class='ocrx_word' id='word_1_80' title='bbox 330 1875 558 1951; x_wconf 84' lang='lat' dir='ltr'><strong>invenissent</strong></span> <span class='ocrx_word' id='word_1_81' title='bbox 585 1873 674 1949; x_wconf 87' lang='lat' dir='ltr'><strong>dicti</strong></span> <span class='ocrx_word' id='word_1_82' title='bbox 703 1872 847 1949; x_wconf 91' lang='lat' dir='ltr'><strong>domini</strong></span> <span class='ocrx_word' id='word_1_83' title='bbox 875 1872 1115 1977; x_wconf 87' lang='lat' dir='ltr'><strong>inquisitores</strong></span> <span class='ocrx_word' id='word_1_84' title='bbox 1141 1872 1287 1978; x_wconf 90' lang='lat' dir='ltr'><strong>aliquos</strong></span> <span class='ocrx_word' id='word_1_85' title='bbox 1313 1900 1357 1949; x_wconf 78' lang='lat' dir='ltr'><strong>ex</strong></span> <span class='ocrx_word' id='word_1_86' title='bbox 1381 1875 1558 1980; x_wconf 85' lang='lat' dir='ltr'><strong>predictis</strong></span> 
     </span>
     <span class='ocr_line' id='line_1_11' title="bbox 139 1999 1559 2110; baseline 0.003 -33"><span class='ocrx_word' id='word_1_87' title='bbox 139 2004 424 2110; x_wconf 85' lang='lat' dir='ltr'><strong>archiepiscopis</strong></span> <span class='ocrx_word' id='word_1_88' title='bbox 448 2018 486 2079; x_wconf 92' lang='lat' dir='ltr'><strong>et</strong></span> <span class='ocrx_word' id='word_1_89' title='bbox 509 2003 706 2109; x_wconf 90' lang='lat' dir='ltr'><strong>episcopis,</strong></span> <span class='ocrx_word' id='word_1_90' title='bbox 729 2000 874 2078; x_wconf 90' lang='lat' dir='ltr'><strong>vicariis</strong></span> <span class='ocrx_word' id='word_1_91' title='bbox 899 2017 937 2078; x_wconf 90' lang='lat' dir='ltr'><strong>et</strong></span> <span class='ocrx_word' id='word_1_92' title='bbox 961 1999 1182 2079; x_wconf 85' lang='lat' dir='ltr'><strong>officialibus</strong></span> <span class='ocrx_word' id='word_1_93' title='bbox 1204 2005 1443 2090; x_wconf 88' lang='lat' dir='ltr'><strong>eorumdem,</strong></span> <span class='ocrx_word' id='word_1_94' title='bbox 1473 2006 1559 2081; x_wconf 88' lang='lat' dir='ltr'><strong>satis</strong></span> 
     </span>
     <span class='ocr_line' id='line_1_12' title="bbox 139 2130 1559 2239; baseline 0.003 -32"><span class='ocrx_word' id='word_1_95' title='bbox 139 2130 366 2212; x_wconf 88' lang='lat' dir='ltr'><strong>sufficienter</strong></span> <span class='ocrx_word' id='word_1_96' title='bbox 393 2149 567 2211; x_wconf 87' lang='lat' dir='ltr'><strong>executos</strong></span> <span class='ocrx_word' id='word_1_97' title='bbox 593 2133 709 2211; x_wconf 79' lang='lat' dir='ltr'><strong>luisse</strong></span> <span class='ocrx_word' id='word_1_98' title='bbox 735 2134 956 2209; x_wconf 84' lang='lat' dir='ltr'><strong>mandatum</strong></span> <span class='ocrx_word' id='word_1_99' title='bbox 984 2131 1038 2208; x_wconf 90' lang='lat' dir='ltr'><strong>eis</strong></span> <span class='ocrx_word' id='word_1_100' title='bbox 1063 2132 1202 2209; x_wconf 82' lang='lat' dir='ltr'><strong>lactum</strong></span> <span class='ocrx_word' id='word_1_101' title='bbox 1230 2134 1277 2209; x_wconf 93' lang='lat' dir='ltr'><strong>de</strong></span> <span class='ocrx_word' id='word_1_102' title='bbox 1302 2134 1559 2239; x_wconf 85' lang='lat' dir='ltr'><strong>publioacione</strong></span> 
     </span>
    </p>
   </div>
   <div class='ocr_carea' id='block_1_4' title="bbox 139 2261 1697 2368">
    <p class='ocr_par' dir='ltr' id='par_1_4' title="bbox 139 2261 1697 2368">
     <span class='ocr_line' id='line_1_13' title="bbox 139 2261 1697 2368; baseline 0.003 -32"><span class='ocrx_word' id='word_1_103' title='bbox 139 2263 297 2366; x_wconf 86' lang='lat' dir='ltr'><strong>predicti</strong></span> <span class='ocrx_word' id='word_1_104' title='bbox 318 2264 447 2358; x_wconf 83' lang='lat' dir='ltr'><strong>edicti,</strong></span> <span class='ocrx_word' id='word_1_105' title='bbox 468 2281 508 2340; x_wconf 90' lang='lat' dir='ltr'><strong>et</strong></span> <span class='ocrx_word' id='word_1_106' title='bbox 525 2264 617 2341; x_wconf 84' lang='lat' dir='ltr'><strong>satis</strong></span> <span class='ocrx_word' id='word_1_107' title='bbox 640 2261 869 2340; x_wconf 88' lang='lat' dir='ltr'><strong>sufficienter</strong></span> <span class='ocrx_word' id='word_1_108' title='bbox 893 2262 947 2338; x_wconf 90' lang='lat' dir='ltr'><strong>eis</strong></span> <span class='ocrx_word' id='word_1_109' title='bbox 970 2289 1083 2368; x_wconf 89' lang='lat' dir='ltr'><strong>super</strong></span> <span class='ocrx_word' id='word_1_110' title='bbox 1106 2265 1177 2340; x_wconf 91' lang='lat' dir='ltr'><strong>hec</strong></span> <span class='ocrx_word' id='word_1_111' title='bbox 1200 2264 1446 2368; x_wconf 87' lang='lat' dir='ltr'><strong>rescripsisse;</strong></span> <span class='ocrx_word' id='word_1_112' title='bbox 1468 2263 1560 2341; x_wconf 86' lang='lat' dir='ltr'><strong>alios</strong></span> <span class='ocrx_word' id='word_1_113' title='bbox 1692 2357 1697 2365; x_wconf 26' lang='grc' dir='ltr'>Ι</span> 
     </span>
    </p>
   </div>
   <div class='ocr_carea' id='block_1_5' title="bbox 47 2390 1561 4966">
    <p class='ocr_par' dir='ltr' id='par_1_5' title="bbox 138 2390 1561 3403">
     <span class='ocr_line' id='line_1_14' title="bbox 139 2390 1557 2497; baseline 0.002 -32"><span class='ocrx_word' id='word_1_114' title='bbox 139 2420 228 2469; x_wconf 93' lang='lat' dir='ltr'><strong>vero</strong></span> <span class='ocrx_word' id='word_1_115' title='bbox 250 2394 491 2497; x_wconf 87' lang='lat' dir='ltr'><strong>reperiissent</strong></span> <span class='ocrx_word' id='word_1_116' title='bbox 510 2393 637 2464; x_wconf 90' lang='lat' dir='ltr'><strong>minus</strong></span> <span class='ocrx_word' id='word_1_117' title='bbox 656 2390 883 2464; x_wconf 84' lang='lat' dir='ltr'><strong>sufficienter</strong></span> <span class='ocrx_word' id='word_1_118' title='bbox 903 2407 940 2464; x_wconf 89' lang='lat' dir='ltr'><strong>et</strong></span> <span class='ocrx_word' id='word_1_119' title='bbox 959 2392 1086 2465; x_wconf 89' lang='lat' dir='ltr'><strong>minus</strong></span> <span class='ocrx_word' id='word_1_120' title='bbox 1103 2391 1215 2492; x_wconf 86' lang='lat' dir='ltr'><strong>plene</strong></span> <span class='ocrx_word' id='word_1_121' title='bbox 1234 2391 1348 2468; x_wconf 85' lang='lat' dir='ltr'><strong>fuisse</strong></span> <span class='ocrx_word' id='word_1_122' title='bbox 1368 2410 1557 2478; x_wconf 74' lang='lat' dir='ltr'><strong>executus,</strong></span> 
     </span>
     <span class='ocr_line' id='line_1_15' title="bbox 139 2504 1561 2625; baseline -0.001 -29"><span class='ocrx_word' id='word_1_123' title='bbox 139 2537 176 2597; x_wconf 89' lang='lat' dir='ltr'><strong>et</strong></span> <span class='ocrx_word' id='word_1_124' title='bbox 200 2521 327 2596; x_wconf 90' lang='lat' dir='ltr'><strong>miuus</strong></span> <span class='ocrx_word' id='word_1_125' title='bbox 350 2521 462 2625; x_wconf 89' lang='lat' dir='ltr'><strong>plene</strong></span> <span class='ocrx_word' id='word_1_126' title='bbox 488 2535 534 2595; x_wconf 51' lang='lat' dir='ltr'><strong>et¹</strong></span> <span class='ocrx_word' id='word_1_127' title='bbox 549 2504 735 2593; x_wconf 76' lang='lat' dir='ltr'><strong>confusae</strong></span> <span class='ocrx_word' id='word_1_128' title='bbox 748 2515 980 2620; x_wconf 87' lang='lat' dir='ltr'><strong>rescripsisse</strong></span> <span class='ocrx_word' id='word_1_129' title='bbox 1006 2516 1166 2604; x_wconf 79' lang='lat' dir='ltr'><strong>eisdem3</strong></span> <span class='ocrx_word' id='word_1_130' title='bbox 1192 2544 1213 2591; x_wconf 88' lang='lat' dir='ltr'><strong>a</strong></span> <span class='ocrx_word' id='word_1_131' title='bbox 1234 2515 1408 2622; x_wconf 91' lang='lat' dir='ltr'><strong>pluribus</strong></span> <span class='ocrx_word' id='word_1_132' title='bbox 1434 2536 1561 2595; x_wconf 85' lang='lat' dir='ltr'><strong>autem</strong></span> 
     </span>
     <span class='ocr_line' id='line_1_16' title="bbox 140 2641 1561 2755; baseline 0.001 -30"><span class='ocrx_word' id='word_1_133' title='bbox 140 2650 438 2755; x_wconf 88' lang='lat' dir='ltr'><strong>archiepiscopis,</strong></span> <span class='ocrx_word' id='word_1_134' title='bbox 465 2647 662 2754; x_wconf 88' lang='lat' dir='ltr'><strong>episcopis,</strong></span> <span class='ocrx_word' id='word_1_135' title='bbox 687 2645 833 2720; x_wconf 88' lang='lat' dir='ltr'><strong>vicariis</strong></span> <span class='ocrx_word' id='word_1_136' title='bbox 860 2660 898 2719; x_wconf 89' lang='lat' dir='ltr'><strong>et</strong></span> <span class='ocrx_word' id='word_1_137' title='bbox 924 2641 1146 2740; x_wconf 83' lang='lat' dir='ltr'><strong>officialibus</strong></span> <span class='ocrx_word' id='word_1_138' title='bbox 1169 2647 1393 2722; x_wconf 91' lang='lat' dir='ltr'><strong>eorumdem</strong></span> <span class='ocrx_word' id='word_1_139' title='bbox 1416 2648 1561 2726; x_wconf 86' lang='lat' dir='ltr'><strong>nullam</strong></span> 
     </span>
     <span class='ocr_line' id='line_1_17' title="bbox 138 2773 1560 2886; baseline -0.001 -30"><span class='ocrx_word' id='word_1_140' title='bbox 138 2782 366 2886; x_wconf 89' lang='lat' dir='ltr'><strong>recepissent</strong></span> <span class='ocrx_word' id='word_1_141' title='bbox 395 2779 483 2856; x_wconf 91' lang='lat' dir='ltr'><strong>dicti</strong></span> <span class='ocrx_word' id='word_1_142' title='bbox 511 2776 655 2855; x_wconf 90' lang='lat' dir='ltr'><strong>domini</strong></span> <span class='ocrx_word' id='word_1_143' title='bbox 684 2773 927 2851; x_wconf 89' lang='lat' dir='ltr'><strong>commissarii</strong></span> <span class='ocrx_word' id='word_1_144' title='bbox 958 2790 997 2849; x_wconf 91' lang='lat' dir='ltr'><strong>et</strong></span> <span class='ocrx_word' id='word_1_145' title='bbox 1023 2773 1267 2879; x_wconf 88' lang='lat' dir='ltr'><strong>inquisitores</strong></span> <span class='ocrx_word' id='word_1_146' title='bbox 1295 2777 1560 2855; x_wconf 89' lang='lat' dir='ltr'><strong>certitudinem</strong></span> 
     </span>
     <span class='ocr_line' id='line_1_18' title="bbox 139 2903 1558 3017; baseline -0.001 -32"><span class='ocrx_word' id='word_1_147' title='bbox 139 2938 207 2987; x_wconf 90' lang='lat' dir='ltr'><strong>nec</strong></span> <span class='ocrx_word' id='word_1_148' title='bbox 221 2911 518 3017; x_wconf 87' lang='lat' dir='ltr'><strong>responsionem,</strong></span> <span class='ocrx_word' id='word_1_149' title='bbox 535 2908 565 2984; x_wconf 91' lang='lat' dir='ltr'><strong>si</strong></span> <span class='ocrx_word' id='word_1_150' title='bbox 581 2924 620 2984; x_wconf 92' lang='lat' dir='ltr'><strong>et</strong></span> <span class='ocrx_word' id='word_1_151' title='bbox 631 2905 796 3012; x_wconf 86' lang='lat' dir='ltr'><strong>qualiter</strong></span> <span class='ocrx_word' id='word_1_152' title='bbox 811 2904 977 2981; x_wconf 88' lang='lat' dir='ltr'><strong>edictum</strong></span> <span class='ocrx_word' id='word_1_153' title='bbox 991 2903 1271 3009; x_wconf 88' lang='lat' dir='ltr'><strong>publicaverant</strong></span> <span class='ocrx_word' id='word_1_154' title='bbox 1283 2905 1558 3010; x_wconf 67' lang='lat' dir='ltr'><strong>supradictum</strong></span> 
     </span>
     <span class='ocr_line' id='line_1_19' title="bbox 140 3034 1560 3144; baseline 0 -29"><span class='ocrx_word' id='word_1_155' title='bbox 140 3069 226 3117; x_wconf 88' lang='lat' dir='ltr'><strong>cum</strong></span> <span class='ocrx_word' id='word_1_156' title='bbox 250 3038 371 3116; x_wconf 79' lang='lat' dir='ltr'><strong>eciam</strong></span> <span class='ocrx_word' id='word_1_157' title='bbox 398 3055 569 3144; x_wconf 82' lang='lat' dir='ltr'><strong>exparte</strong></span> <span class='ocrx_word' id='word_1_158' title='bbox 595 3035 830 3112; x_wconf 86' lang='lat' dir='ltr'><strong>venerabilis·</strong></span> <span class='ocrx_word' id='word_1_159' title='bbox 843 3034 958 3141; x_wconf 89' lang='lat' dir='ltr'><strong>patris</strong></span> <span class='ocrx_word' id='word_1_160' title='bbox 988 3034 1132 3111; x_wconf 89' lang='lat' dir='ltr'><strong>domini</strong></span> <span class='ocrx_word' id='word_1_161' title='bbox 1158 3036 1321 3141; x_wconf 89' lang='lat' dir='ltr'><strong>episcopi</strong></span> <span class='ocrx_word' id='word_1_162' title='bbox 1345 3037 1560 3115; x_wconf 83' lang='lat' dir='ltr'><strong>Parisiensis</strong></span> 
     </span>
     <span class='ocr_line' id='line_1_20' title="bbox 141 3165 1561 3271; baseline 0.001 -27"><span class='ocrx_word' id='word_1_163' title='bbox 141 3172 264 3246; x_wconf 92' lang='lat' dir='ltr'><strong>adhuc</strong></span> <span class='ocrx_word' id='word_1_164' title='bbox 278 3169 525 3246; x_wconf 86' lang='lat' dir='ltr'><strong>sufficientem</strong></span> <span class='ocrx_word' id='word_1_165' title='bbox 539 3166 822 3271; x_wconf 86' lang='lat' dir='ltr'><strong>rescriptionem</strong></span> <span class='ocrx_word' id='word_1_166' title='bbox 837 3192 915 3243; x_wconf 89' lang='lat' dir='ltr'><strong>non</strong></span> <span class='ocrx_word' id='word_1_167' title='bbox 929 3165 1171 3271; x_wconf 82' lang='lat' dir='ltr'><strong>recepissent,</strong></span> <span class='ocrx_word' id='word_1_168' title='bbox 1189 3166 1373 3244; x_wconf 87' lang='lat' dir='ltr'><strong>miserunt</strong></span> <span class='ocrx_word' id='word_1_169' title='bbox 1389 3169 1477 3258; x_wconf 84' lang='lat' dir='ltr'><strong>dicti</strong></span> <span class='ocrx_word' id='word_1_170' title='bbox 1492 3169 1561 3247; x_wconf 87' lang='lat' dir='ltr'><strong>do·</strong></span> 
     </span>
     <span class='ocr_line' id='line_1_21' title="bbox 141 3295 1561 3403; baseline 0.001 -29"><span class='ocrx_word' id='word_1_171' title='bbox 141 3299 234 3374; x_wconf 88' lang='lat' dir='ltr'><strong>mini</strong></span> <span class='ocrx_word' id='word_1_172' title='bbox 254 3297 498 3377; x_wconf 89' lang='lat' dir='ltr'><strong>commissarii</strong></span> <span class='ocrx_word' id='word_1_173' title='bbox 518 3313 556 3373; x_wconf 89' lang='lat' dir='ltr'><strong>et</strong></span> <span class='ocrx_word' id='word_1_174' title='bbox 574 3297 833 3403; x_wconf 83' lang='lat' dir='ltr'><strong>inquisitores,</strong></span> <span class='ocrx_word' id='word_1_175' title='bbox 850 3298 950 3373; x_wconf 88' lang='lat' dir='ltr'><strong>dicta</strong></span> <span class='ocrx_word' id='word_1_176' title='bbox 969 3297 1032 3373; x_wconf 90' lang='lat' dir='ltr'><strong>die</strong></span> <span class='ocrx_word' id='word_1_177' title='bbox 1052 3295 1198 3384; x_wconf 86' lang='lat' dir='ltr'><strong>Martis,</strong></span> <span class='ocrx_word' id='word_1_178' title='bbox 1215 3314 1300 3374; x_wconf 87' lang='lat' dir='ltr'><strong>ante</strong></span> <span class='ocrx_word' id='word_1_179' title='bbox 1315 3299 1561 3376; x_wconf 82' lang='lat' dir='ltr'><strong>continuacio</strong></span> 
     </span>
    </p>

    <p class='ocr_par' dir='ltr' id='par_1_6' title="bbox 47 3427 1561 3893">
     <span class='ocr_line' id='line_1_22' title="bbox 116 3427 1561 3536; baseline 0.001 -32"><span class='ocrx_word' id='word_1_180' title='bbox 116 3456 243 3525; x_wconf 11' lang='lat' dir='ltr'><strong>ynam,</strong></span> <span class='ocrx_word' id='word_1_181' title='bbox 272 3429 580 3536; x_wconf 88' lang='lat' dir='ltr'><strong>prorogacionem</strong></span> <span class='ocrx_word' id='word_1_182' title='bbox 607 3443 645 3503; x_wconf 87' lang='lat' dir='ltr'><strong>et</strong></span> <span class='ocrx_word' id='word_1_183' title='bbox 668 3427 970 3533; x_wconf 81' lang='lat' dir='ltr'><strong>expectaciouem</strong></span> <span class='ocrx_word' id='word_1_184' title='bbox 998 3428 1199 3532; x_wconf 90' lang='lat' dir='ltr'><strong>predictas,</strong></span> <span class='ocrx_word' id='word_1_185' title='bbox 1228 3427 1339 3504; x_wconf 85' lang='lat' dir='ltr'><strong>factas</strong></span> <span class='ocrx_word' id='word_1_186' title='bbox 1365 3455 1486 3534; x_wconf 90' lang='lat' dir='ltr'><strong>usque</strong></span> <span class='ocrx_word' id='word_1_187' title='bbox 1513 3430 1561 3506; x_wconf 89' lang='lat' dir='ltr'><strong>ad</strong></span> 
     </span>
     <span class='ocr_line' id='line_1_23' title="bbox 47 3556 1561 3665; baseline 0 -31"><span class='ocrx_word' id='word_1_188' title='bbox 47 3657 50 3665; x_wconf 90' lang='lat'>.</span> <span class='ocrx_word' id='word_1_189' title='bbox 141 3559 243 3636; x_wconf 91' lang='lat' dir='ltr'><strong>diem</strong></span> <span class='ocrx_word' id='word_1_190' title='bbox 259 3560 384 3637; x_wconf 89' lang='lat' dir='ltr'><strong>Sabati</strong></span> <span class='ocrx_word' id='word_1_191' title='bbox 404 3560 715 3663; x_wconf 87' lang='lat' dir='ltr'><strong>subsequentem,</strong></span> <span class='ocrx_word' id='word_1_192' title='bbox 731 3556 874 3635; x_wconf 78' lang='lat' dir='ltr'><strong>litteras</strong></span> <span class='ocrx_word' id='word_1_193' title='bbox 898 3557 970 3633; x_wconf 90' lang='lat' dir='ltr'><strong>sub</strong></span> <span class='ocrx_word' id='word_1_194' title='bbox 983 3557 1120 3661; x_wconf 87' lang='lat' dir='ltr'><strong>sigillis</strong></span> <span class='ocrx_word' id='word_1_195' title='bbox 1139 3557 1234 3643; x_wconf 91' lang='lat' dir='ltr'><strong>suis,</strong></span> <span class='ocrx_word' id='word_1_196' title='bbox 1256 3557 1488 3635; x_wconf 83' lang='lat' dir='ltr'><strong>continencia</strong></span> <span class='ocrx_word' id='word_1_197' title='bbox 1508 3558 1561 3634; x_wconf 87' lang='lat' dir='ltr'><strong>in·</strong></span> 
     </span>
     <span class='ocr_line' id='line_1_24' title="bbox 140 3686 1559 3795; baseline -0.002 -30"><span class='ocrx_word' id='word_1_198' title='bbox 140 3688 345 3794; x_wconf 85' lang='lat' dir='ltr'><strong>frasoripte,</strong></span> <span class='ocrx_word' id='word_1_199' title='bbox 370 3716 464 3795; x_wconf 86' lang='lat' dir='ltr'><strong>quas</strong></span> <span class='ocrx_word' id='word_1_200' title='bbox 487 3688 690 3764; x_wconf 88' lang='lat' dir='ltr'><strong>voluerunt</strong></span> <span class='ocrx_word' id='word_1_201' title='bbox 712 3686 825 3762; x_wconf 90' lang='lat' dir='ltr'><strong>inseri</strong></span> <span class='ocrx_word' id='word_1_202' title='bbox 851 3687 891 3760; x_wconf 93' lang='lat' dir='ltr'><strong>in</strong></span> <span class='ocrx_word' id='word_1_203' title='bbox 916 3712 1106 3790; x_wconf 85' lang='lat' dir='ltr'><strong>processu.</strong></span> <span class='ocrx_word' id='word_1_204' title='bbox 1126 3686 1320 3763; x_wconf 84' lang='lat' dir='ltr'><strong>Dictarum</strong></span> <span class='ocrx_word' id='word_1_205' title='bbox 1348 3689 1559 3765; x_wconf 88' lang='lat' dir='ltr'><strong>litterarum</strong></span> 
     </span>
     <span class='ocr_line' id='line_1_25' title="bbox 139 3818 454 3893; baseline -0.003 -1"><span class='ocrx_word' id='word_1_206' title='bbox 139 3834 250 3893; x_wconf 90' lang='lat' dir='ltr'><strong>tenor</strong></span> <span class='ocrx_word' id='word_1_207' title='bbox 268 3818 353 3893; x_wconf 86' lang='lat' dir='ltr'><strong>talis</strong></span> <span class='ocrx_word' id='word_1_208' title='bbox 373 3835 454 3893; x_wconf 84' lang='lat' dir='ltr'><strong>est:</strong></span> 
     </span>
    </p>

    <p class='ocr_par' dir='ltr' id='par_1_7' title="bbox 141 3944 1560 4966">
     <span class='ocr_line' id='line_1_26' title="bbox 197 3944 1557 4054; baseline 0.005 -38"><span class='ocrx_word' id='word_1_209' title='bbox 197 3944 239 4017; x_wconf 89' lang='lat' dir='ltr'><strong>E.</strong></span> <span class='ocrx_word' id='word_1_210' title='bbox 263 3944 503 4021; x_wconf 88' lang='lat' dir='ltr'><strong>miseracione</strong></span> <span class='ocrx_word' id='word_1_211' title='bbox 523 3946 648 4022; x_wconf 90' lang='lat' dir='ltr'><strong>divina</strong></span> <span class='ocrx_word' id='word_1_212' title='bbox 666 3945 918 4023; x_wconf 84' lang='lat' dir='ltr'><strong>Narbonensis</strong></span> <span class='ocrx_word' id='word_1_213' title='bbox 938 3948 1254 4054; x_wconf 89' lang='lat' dir='ltr'><strong>archiepiscopus,</strong></span> <span class='ocrx_word' id='word_1_214' title='bbox 1271 3949 1317 4027; x_wconf 90' lang='lat' dir='ltr'><strong>G.</strong></span> <span class='ocrx_word' id='word_1_215' title='bbox 1332 3948 1557 4053; x_wconf 84' lang='lat' dir='ltr'><strong>Bajocensis,</strong></span> 
     </span>
     <span class='ocr_line' id='line_1_27' title="bbox 141 4072 1560 4180; baseline 0.004 -30"><span class='ocrx_word' id='word_1_216' title='bbox 141 4076 181 4150; x_wconf 85' lang='lat' dir='ltr'><strong>R.</strong></span> <span class='ocrx_word' id='word_1_217' title='bbox 200 4072 476 4149; x_wconf 89' lang='lat' dir='ltr'><strong>Lemovicensis</strong></span> <span class='ocrx_word' id='word_1_218' title='bbox 490 4090 527 4148; x_wconf 89' lang='lat' dir='ltr'><strong>et</strong></span> <span class='ocrx_word' id='word_1_219' title='bbox 540 4073 585 4151; x_wconf 92' lang='lat' dir='ltr'><strong>G.</strong></span> <span class='ocrx_word' id='word_1_220' title='bbox 599 4076 830 4155; x_wconf 87' lang='lat' dir='ltr'><strong>Mimatensis</strong></span> <span class='ocrx_word' id='word_1_221' title='bbox 845 4079 1026 4180; x_wconf 90' lang='lat' dir='ltr'><strong>episcopi,</strong></span> <span class='ocrx_word' id='word_1_222' title='bbox 1044 4104 1204 4152; x_wconf 89' lang='lat' dir='ltr'><strong>necnon</strong></span> <span class='ocrx_word' id='word_1_223' title='bbox 1219 4077 1392 4153; x_wconf 87' lang='lat' dir='ltr'><strong>Matheus</strong></span> <span class='ocrx_word' id='word_1_224' title='bbox 1407 4078 1454 4153; x_wconf 88' lang='lat' dir='ltr'><strong>de</strong></span> <span class='ocrx_word' id='word_1_225' title='bbox 1464 4079 1560 4157; x_wconf 74' lang='lat' dir='ltr'><strong>Nea-</strong></span> 
     </span>
     <span class='ocr_line' id='line_1_28' title="bbox 142 4200 1560 4309; baseline 0.004 -31"><span class='ocrx_word' id='word_1_226' title='bbox 142 4202 217 4308; x_wconf 93' lang='lat' dir='ltr'><strong>poli</strong></span> <span class='ocrx_word' id='word_1_227' title='bbox 253 4203 406 4309; x_wconf 88' lang='lat' dir='ltr'><strong>majoris</strong></span> <span class='ocrx_word' id='word_1_228' title='bbox 436 4200 555 4279; x_wconf 89' lang='lat' dir='ltr'><strong>Caleti</strong></span> <span class='ocrx_word' id='word_1_229' title='bbox 584 4201 893 4307; x_wconf 82' lang='lat' dir='ltr'><strong>Rothomagensis</strong></span> <span class='ocrx_word' id='word_1_230' title='bbox 927 4203 1027 4278; x_wconf 89' lang='lat' dir='ltr'><strong>sedis</strong></span> <span class='ocrx_word' id='word_1_231' title='bbox 1060 4204 1259 4308; x_wconf 87' lang='lat' dir='ltr'><strong>apostolice</strong></span> <span class='ocrx_word' id='word_1_232' title='bbox 1291 4207 1472 4298; x_wconf 87' lang='lat' dir='ltr'><strong>notarius,</strong></span> <span class='ocrx_word' id='word_1_233' title='bbox 1504 4210 1560 4286; x_wconf 85' lang='lat' dir='ltr'><strong>Jo</strong></span> 
     </span>
     <span class='ocr_line' id='line_1_29' title="bbox 142 4330 1559 4444; baseline 0.004 -36"><span class='ocrx_word' id='word_1_234' title='bbox 142 4334 284 4409; x_wconf 89' lang='lat' dir='ltr'><strong>hannes</strong></span> <span class='ocrx_word' id='word_1_235' title='bbox 304 4333 351 4408; x_wconf 93' lang='lat' dir='ltr'><strong>de</strong></span> <span class='ocrx_word' id='word_1_236' title='bbox 372 4333 524 4410; x_wconf 88' lang='lat' dir='ltr'><strong>Mantua</strong></span> <span class='ocrx_word' id='word_1_237' title='bbox 543 4330 782 4422; x_wconf 84' lang='lat' dir='ltr'><strong>Tridentino,</strong></span> <span class='ocrx_word' id='word_1_238' title='bbox 805 4348 844 4408; x_wconf 91' lang='lat' dir='ltr'><strong>et</strong></span> <span class='ocrx_word' id='word_1_239' title='bbox 860 4330 1048 4409; x_wconf 83' lang='lat' dir='ltr'><strong>Johannes</strong></span> <span class='ocrx_word' id='word_1_240' title='bbox 1071 4332 1120 4409; x_wconf 91' lang='lat' dir='ltr'><strong>de</strong></span> <span class='ocrx_word' id='word_1_241' title='bbox 1139 4334 1267 4412; x_wconf 89' lang='lat' dir='ltr'><strong>Monte</strong></span> <span class='ocrx_word' id='word_1_242' title='bbox 1287 4335 1409 4414; x_wconf 88' lang='lat' dir='ltr'><strong>Lauro</strong></span> <span class='ocrx_word' id='word_1_243' title='bbox 1435 4340 1559 4444; x_wconf 67' lang='lat' dir='ltr'><strong>Maga-</strong></span> 
     </span>
     <span class='ocr_line' id='line_1_30' title="bbox 141 4461 1559 4574; baseline 0.006 -37"><span class='ocrx_word' id='word_1_244' title='bbox 141 4461 305 4538; x_wconf 88' lang='lat' dir='ltr'><strong>lonensis</strong></span> <span class='ocrx_word' id='word_1_245' title='bbox 323 4462 562 4538; x_wconf 90' lang='lat' dir='ltr'><strong>ecclesiarum</strong></span> <span class='ocrx_word' id='word_1_246' title='bbox 580 4462 844 4554; x_wconf 83' lang='lat' dir='ltr'><strong>archidiaconi,</strong></span> <span class='ocrx_word' id='word_1_247' title='bbox 861 4491 937 4538; x_wconf 91' lang='lat' dir='ltr'><strong>una</strong></span> <span class='ocrx_word' id='word_1_248' title='bbox 957 4491 1044 4539; x_wconf 91' lang='lat' dir='ltr'><strong>cum</strong></span> <span class='ocrx_word' id='word_1_249' title='bbox 1063 4464 1266 4541; x_wconf 82' lang='lat' dir='ltr'><strong>venerabili</strong></span> <span class='ocrx_word' id='word_1_250' title='bbox 1283 4466 1362 4544; x_wconf 93' lang='lat' dir='ltr'><strong>viro</strong></span> <span class='ocrx_word' id='word_1_251' title='bbox 1382 4464 1559 4574; x_wconf 84' lang='lat' dir='ltr'><strong>magistro</strong></span> 
     </span>
     <span class='ocr_line' id='line_1_31' title="bbox 143 4591 1559 4700; baseline 0.004 -31"><span class='ocrx_word' id='word_1_252' title='bbox 143 4591 346 4670; x_wconf 90' lang='lat' dir='ltr'><strong>Guillelmo</strong></span> <span class='ocrx_word' id='word_1_253' title='bbox 370 4592 505 4699; x_wconf 84' lang='lat' dir='ltr'><strong>Agami</strong></span> <span class='ocrx_word' id='word_1_254' title='bbox 529 4592 695 4698; x_wconf 84' lang='lat' dir='ltr'><strong>Aquensi</strong></span> <span class='ocrx_word' id='word_1_255' title='bbox 718 4594 925 4700; x_wconf 91' lang='lat' dir='ltr'><strong>preposito,</strong></span> <span class='ocrx_word' id='word_1_256' title='bbox 951 4594 1134 4699; x_wconf 86' lang='lat' dir='ltr'><strong>legittime</strong></span> <span class='ocrx_word' id='word_1_257' title='bbox 1165 4614 1352 4685; x_wconf 84' lang='lat' dir='ltr'><strong>excusato,</strong></span> <span class='ocrx_word' id='word_1_258' title='bbox 1379 4625 1466 4674; x_wconf 91' lang='lat' dir='ltr'><strong>cum</strong></span> <span class='ocrx_word' id='word_1_259' title='bbox 1493 4597 1559 4677; x_wconf 86' lang='lat' dir='ltr'><strong>illa</strong></span> 
     </span>
     <span class='ocr_line' id='line_1_32' title="bbox 143 4722 1559 4835; baseline 0.007 -38"><span class='ocrx_word' id='word_1_260' title='bbox 143 4722 321 4812; x_wconf 87' lang='lat' dir='ltr'><strong>clausula,</strong></span> <span class='ocrx_word' id='word_1_261' title='bbox 334 4724 448 4818; x_wconf 85' lang='lat' dir='ltr'><strong>Quod</strong></span> <span class='ocrx_word' id='word_1_262' title='bbox 468 4724 498 4800; x_wconf 90' lang='lat' dir='ltr'><strong>si</strong></span> <span class='ocrx_word' id='word_1_263' title='bbox 516 4750 593 4799; x_wconf 89' lang='lat' dir='ltr'><strong>non</strong></span> <span class='ocrx_word' id='word_1_264' title='bbox 609 4743 843 4815; x_wconf 66' lang='lat' dir='ltr'><strong>omnesetc.</strong></span> <span class='ocrx_word' id='word_1_265' title='bbox 860 4726 909 4802; x_wconf 88' lang='lat' dir='ltr'><strong>ad</strong></span> <span class='ocrx_word' id='word_1_266' title='bbox 928 4725 1158 4832; x_wconf 79' lang='lat' dir='ltr'><strong>infrascripta</strong></span> <span class='ocrx_word' id='word_1_267' title='bbox 1177 4754 1245 4833; x_wconf 88' lang='lat' dir='ltr'><strong>par</strong></span> <span class='ocrx_word' id='word_1_268' title='bbox 1263 4728 1393 4805; x_wconf 89' lang='lat' dir='ltr'><strong>sedem</strong></span> <span class='ocrx_word' id='word_1_269' title='bbox 1412 4746 1559 4835; x_wconf 86' lang='lat' dir='ltr'><strong>aposto·</strong></span> 
     </span>
     <span class='ocr_line' id='line_1_33' title="bbox 145 4849 1559 4966; baseline 0.004 -39"><span class='ocrx_word' id='word_1_270' title='bbox 145 4849 251 4930; x_wconf 87' lang='lat' dir='ltr'><strong>licam</strong></span> <span class='ocrx_word' id='word_1_271' title='bbox 278 4854 487 4960; x_wconf 85' lang='lat' dir='ltr'><strong>specialiter</strong></span> <span class='ocrx_word' id='word_1_272' title='bbox 516 4853 701 4961; x_wconf 87' lang='lat' dir='ltr'><strong>deputati,</strong></span> <span class='ocrx_word' id='word_1_273' title='bbox 723 4857 925 4935; x_wconf 89' lang='lat' dir='ltr'><strong>venerabili</strong></span> <span class='ocrx_word' id='word_1_274' title='bbox 954 4857 1050 4964; x_wconf 88' lang='lat' dir='ltr'><strong>patri</strong></span> <span class='ocrx_word' id='word_1_275' title='bbox 1080 4858 1235 4937; x_wconf 88' lang='lat' dir='ltr'><strong>domino</strong></span> <span class='ocrx_word' id='word_1_276' title='bbox 1262 4858 1308 4938; x_wconf 90' lang='lat' dir='ltr'><strong>G.</strong></span> <span class='ocrx_word' id='word_1_277' title='bbox 1338 4858 1410 4937; x_wconf 92' lang='lat' dir='ltr'><strong>Dei</strong></span> <span class='ocrx_word' id='word_1_278' title='bbox 1438 4858 1559 4966; x_wconf 82' lang='lat' dir='ltr'><strong>gracia</strong></span> 
     </span>
    </p>
   </div>
   <div class='ocr_carea' id='block_1_6' title="bbox 0 0 2047 6052">
    <p class='ocr_par' dir='ltr' id='par_1_8' title="bbox 0 0 2047 6052">
     <span class='ocr_line' id='line_1_34' title="bbox 0 0 2047 6052; baseline 0 0"><span class='ocrx_word' id='word_1_279' title='bbox 0 0 2047 6052; x_wconf 95' lang='lat' dir='ltr'><strong> </strong></span> 
     </span>
    </p>
   </div>
  </div>
 </body>
</html>
