4080 6052
306 544 379 619 tao
691 526 885 621 rnocts
911 545 1005 661 nus
1031 543 1334 616 rnurmnas

305 714 412 777 eum,
444 683 550 762 lectis
574 701 701 761 autem
728 703 767 762 et
793 686 995 792 diligenter
1020 682 1196 788 expositis
1221 682 1291 759 sibi
1312 678 1497 758 omnibus
1510 695 1552 757 et
1569 679 1728 787 siugulis

304 816 481 908 articulis,
495 816 692 923 respondit
705 815 754 892 ad
769 844 833 894 eos
844 876 852 905 ,
865 833 904 894 et
914 815 1038 921 primo
1054 813 1102 890 ad
1115 814 1258 920 primos
1273 840 1356 902 ιιιιι,
1373 839 1412 889 se
1428 811 1578 889 nescire
1592 813 1622 889 si
1640 841 1727 890 con-

304 963 406 1023 tenta
425 946 464 1022 in
492 946 602 1023 dictis
621 946 788 1024 articulis
808 962 914 1023 erant
931 943 1094 1022 vera.ch
1120 971 1214 1031 non,
1241 971 1311 1019 nec
1335 943 1433 1021 bene
1459 940 1600 1019 sciebat
1616 943 1723 1049 quod

304 1077 475 1153 crederet
502 1104 615 1182 super
639 1079 735 1168 hoc3
758 1077 837 1183 ipse
861 1094 988 1154 autem
1006 1092 1180 1180 receptus
1200 1073 1323 1153 luerat
1346 1074 1385 1149 in
1406 1071 1505 1150 festo
1523 1072 1719 1151 Nativitatis

303 1208 403 1285 beati
431 1208 612 1284 lobannis
639 1208 810 1315 proximo
830 1206 1010 1314 preterito
1033 1205 1188 1283 fuerunt
1213 1205 1347 1282 decem
1378 1221 1417 1281 et
1440 1220 1528 1281 octo
1554 1205 1641 1280 anni
1662 1204 1718 1283 vel

305 1338 419 1426 circa,
440 1337 481 1412 in
497 1338 638 1444 capella
655 1338 792 1415 domus
806 1336 955 1442 Templi
970 1337 1017 1412 de
1038 1334 1246 1443 Oysemont
1265 1332 1532 1412 Ambianensis
1549 1334 1719 1423 diocesis,

304 1496 371 1573 per
395 1466 547 1543 fratrem
567 1467 784 1573 Philippum
807 1468 855 1544 de
874 1465 1008 1571 Ayhiis
1034 1466 1195 1542 militem
1224 1463 1433 1571 quondam,
1463 1482 1721 1570 preceptorem

303 1615 396 1675 tunc
408 1597 544 1675 ballive
569 1597 616 1675 de
634 1599 811 1686 Pontivo,
834 1595 1073 1704 presentibus
1091 1596 1130 1671 in
1146 1594 1323 1700 capitulio
1339 1592 1521 1672 fratribus
1535 1594 1651 1671 Adam
1672 1594 1718 1671 de

305 1726 500 1804 Sanhciale
521 1746 559 1803 et
570 1727 692 1804 Adam
706 1729 754 1804 de
768 1728 950 1804 Noviomo
969 1725 1233 1811 servientibus,
1249 1740 1288 1799 et
1301 1723 1437 1801 Anrico
1457 1724 1508 1801 de
1523 1724 1716 1803 Cararaclre

304 1856 526 1963 presbitero,
541 1873 579 1933 et
590 1855 820 1964 quibusdam
838 1857 920 1934 aliis
935 1854 1153 1947 deffunctis,
1167 1855 1322 1931 in'hunc
1336 1852 1523 1933 modum:
1539 1882 1624 1933 nam
1636 1883 1717 1933 curn

303 1987 556 2094 requisivisset
571 1986 619 2063 ab
639 2015 684 2064 eo
700 2014 837 2093 panem
858 2002 1039 2093 ctaquam
1059 1985 1218 2077 ordinis,
1233 2001 1272 2063 et
1285 1985 1322 2061 ei
1333 1985 1598 2078 concessisset,
1612 1985 1721 2063 tradi-

306 2117 363 2193 dit
392 2117 426 2193 ei
460 2115 699 2204 mantellum,
728 2134 767 2193 ct
793 2115 867 2193 fuit
890 2144 979 2193 eum
1000 2116 1191 2193 osculatus
1215 2116 1254 2191 in
1282 2142 1364 2205 ore,
1399 2114 1575 2193 sednon
1598 2115 1721 2195 [rames

305 2264 481 2339 astantes3
499 2248 745 2353 postmodum
764 2246 853 2324 lecit
867 2274 957 2327 eum
966 2245 1095 2354 jurare
1115 2273 1230 2353 super
1247 2245 1440 2353 quendam
1458 2246 1607 2325 librum
1625 2276 1722 2353 aper-

303 2395 385 2455 tum
403 2378 693 2468 continenciam,
711 2378 834 2457 vivere
852 2380 932 2457 sine
943 2378 1113 2485 proprio,
1131 2395 1171 2454 et
1184 2378 1340 2455 obedire
1355 2378 1621 2483 superioribus
1634 2379 1721 2461 suist

305 2508 444 2587 deinde
459 2509 628 2615 precepit
647 2510 681 2586 ei
701 2508 806 2616 quod
824 2510 1025 2617 abnegaret
1032 2510 1173 2599 Deum,
1191 2526 1230 2585 et
1248 2509 1432 2614 cumipse
1450 2510 1561 2589 testis
1577 2537 1723 2616 reapon-

305 2637 422 2716 disset
440 2666 480 2715 se
506 2638 581 2715 hoc
600 2666 677 2715 non
701 2637 903 2731 facturum,
931 2640 1053 2717 dictus
1066 2655 1237 2744 receptor
1256 2639 1349 2716 dixit
1367 2638 1476 2743 quod
1495 2640 1569 2717 hoc
1587 2656 1723 2745 oporte

305 2769 369 2845 bat
388 2796 478 2845 eum
490 2768 628 2861 lacere,
647 2770 736 2877 quia
754 2770 830 2847 hoc
849 2786 928 2848 erat
939 2770 987 2848 de
1001 2769 1152 2876 punctis
1169 2769 1332 2860 ordinis,
1344 2786 1384 2845 et
1399 2786 1494 2847 tunc
1506 2770 1604 2847 idem
1619 2768 1720 2844 testis

305 2897 427 2975 dixit:
448 2901 502 2975 Ex
521 2928 597 3006 quo
618 2917 768 3005 oportet
786 2928 847 2978 me
869 2901 1051 3009 abnegare
1072 2901 1214 2989 Deum,
1236 2927 1306 3007 ego
1326 2899 1476 3009 abnego
1491 2901 1574 2991 hoc,
1594 2916 1718 2975 tamen

304 3026 400 3102 facio
420 3055 484 3104 ore
506 3057 584 3105 non
603 3031 734 3121 corde3
757 3031 894 3109 deinde
919 3031 1087 3139 precepit
1111 3032 1143 3106 ei
1165 3030 1269 3136 quod
1294 3048 1449 3135 spueret
1472 3058 1581 3136 super
1604 3056 1721 3136 quan-

306 3156 393 3232 dam
419 3185 567 3234 crucem
587 3158 720 3235 factam
745 3161 795 3236 de
813 3162 979 3266 quodam
999 3191 1127 3267 panno
1147 3161 1263 3236 mixto
1289 3161 1389 3236 inter
1409 3161 1578 3238 colorem
1598 3161 1721 3238 album

305 3302 343 3362 et
357 3286 537 3378 rubeum,
553 3289 717 3392 positum
736 3290 774 3363 in
789 3307 904 3380 terra,
922 3309 960 3366 et
979 3293 1139 3367 cumbis
1158 3291 1455 3380 contradixisset,
1477 3310 1514 3368 et
1534 3293 1724 3369 dictusre-

305 3436 432 3522 ceptor
454 3417 607 3495 dixisset
630 3420 735 3523 quod
754 3420 826 3495 hoc
847 3421 1009 3497 debebat
1027 3422 1146 3497 lacere
1169 3421 1378 3497 secundum
1397 3438 1531 3525 puncta
1560 3421 1719 3505 ordinis,

304 3548 383 3653 ipse
402 3549 507 3625 testis
525 3579 611 3624 cum
634 3550 882 3625 amaritudine
904 3552 1004 3655 spuit
1022 3578 1098 3625 non
1119 3580 1233 3655 super
1253 3552 1320 3626 sed
1336 3550 1443 3657 juxta.
1469 3550 1599 3623 Postea
1627 3547 1722 3624 dixit

305 3681 338 3754 ei
368 3680 472 3785 quod
498 3681 709 3756 secundum
732 3699 870 3784 puncta
900 3682 988 3756 dicti
1015 3682 1157 3757 ordinis
1190 3681 1352 3756 debehat
1383 3707 1467 3755 eum
1492 3677 1650 3753 osculari
1682 3680 1722 3752 in

304 3839 391 3901 ano,
415 3828 453 3885 et
471 3812 649 3915 cumipse
670 3812 774 3887 testis
792 3811 935 3886 diceret
954 3840 992 3887 se
1011 3811 1117 3886 nullo
1138 3812 1252 3886 modo
1272 3810 1476 3898 facturum,
1494 3836 1573 3885 non
1592 3828 1723 3914 conpu-

303 3940 347 4016 lit
365 3969 454 4016 eum
474 3941 623 4017 adhoc.
647 3943 777 4016 Postea
797 3942 889 4016 dixit
909 3942 943 4016 ei
965 3942 1068 4047 quod
1089 3942 1298 4016 secundum
1316 3957 1455 4046 puncta
1476 3941 1565 4016 dicti
1586 3940 1720 4017 ordinis

303 4086 450 4174 poterat
479 4071 673 4147 carnaliter
703 4071 934 4145 commisceri
965 4069 1143 4146 fratribus
1169 4071 1256 4146 dicti
1285 4071 1448 4153 ordinis,
1469 4089 1508 4146 et
1526 4071 1603 4175 pati
1625 4068 1719 4175 quod

304 4202 374 4305 ipsi
386 4202 716 4277 commiscerentur
730 4229 815 4275 cum
833 4229 894 4292 eo,
911 4202 983 4277 hoc
995 4219 1120 4277 tamen
1134 4230 1211 4277 non
1225 4200 1328 4291 lecit,
1340 4231 1411 4276 nec
1423 4201 1493 4277 luit
1507 4201 1717 4305 requisitus,

305 4356 374 4405 nec
402 4332 521 4407 credit
550 4331 654 4437 quod
679 4330 776 4406 inter
799 4329 929 4409 fratres
956 4332 1099 4408 ordinis
1125 4349 1342 4407 scrvaretur.
1371 4331 1509 4437 Aliqua
1533 4332 1606 4407 alia
1630 4331 1720 4408 licita

304 4459 360 4535 vel
398 4461 524 4536 ulicita
544 4490 620 4537 non
646 4462 928 4537 intervenerunt
951 4463 990 4536 in
1016 4462 1235 4567 recepcione
1262 4490 1328 4537 sua
1352 4462 1533 4566 predicta.
1560 4462 1720 4569 Requisi-

305 4606 367 4665 tus
388 4591 416 4663 si
443 4593 617 4667 credebat
642 4592 747 4696 quod
772 4592 941 4696 predicta
964 4592 1092 4668 illicita
1118 4611 1353 4668 servarentur
1379 4594 1416 4668 in
1442 4594 1718 4700 recepcionibus

306 4717 482 4805 aliorum,
504 4722 698 4823 respondit
718 4723 822 4826 quod
836 4725 965 4827 pocius
985 4725 1058 4800 hoc
1073 4722 1247 4799 credebat
1265 4752 1379 4827 quam
1399 4726 1648 4811 contrariu1n;
1667 4750 1717 4799 re·

306 4845 467 4950 quisitus
502 4849 533 4923 si
572 4850 659 4925 dicti
689 4850 819 4929 iratres
848 4856 911 4958 qui
947 4854 1150 4931 adsuerunt
1184 4852 1380 4930 tradicioni
1413 4856 1586 4933 mantelli
1623 4852 1716 4929 tide-
