4080 6052
314 546 386 614 sae
699 524 896 614 ennete
920 538 1014 612 nos
1040 537 1345 610 reurcmns

312 683 544 789 supradietis.
572 682 683 768 Item,
705 681 824 781 dixit,
854 681 985 757 eadem
1017 679 1079 756 die
1108 679 1418 784 postmodium
1441 676 1520 755 tuit
1547 679 1743 758 confessus

313 832 413 889 retro
433 812 576 888 dictum
598 810 712 891 altare
731 813 780 891 de
801 811 911 891 dictis
930 809 1121 887 erroribus
1135 810 1245 887 Petro
1266 810 1313 886 de
1331 809 1494 887 Veleure
1518 809 1741 918 presbytero

311 943 484 1030 seculari,
507 942 730 1020 deservienti
751 943 790 1021 iu
807 942 904 1019 dicta
927 939 1083 1047 capella,
1102 940 1163 1017 cui
1184 940 1289 1047 prius
1305 939 1562 1017 confitebatur
1577 943 1737 1019 existens

314 1076 352 1148 in
383 1074 535 1152 servicio
564 1071 736 1160 fratrum,
771 1073 838 1180 qui
868 1070 1026 1149 absolvit
1054 1099 1159 1161 eum,
1188 1071 1360 1176 imposita
1389 1072 1604 1177 penitencia
1629 1075 1761 1179 quod,

309 1207 497 1312 jejunaret
505 1203 625 1282 tribus
638 1204 759 1290 annis,
776 1203 911 1311 vigiliis
924 1202 1033 1280 beate
1042 1202 1178 1287 Mario,
1192 1201 1230 1276 in
1243 1229 1339 1308 pane
1354 1219 1564 1308 etaqua,et
1576 1204 1734 1309 amplius

224 1389 226 1392 >
313 1337 342 1412 si
370 1353 514 1442 posset,
549 1352 587 1411 et
617 1334 720 1441 quod
756 1362 953 1440 nunquam
980 1333 1178 1410 interesset
1206 1333 1245 1407 in
1276 1333 1361 1410 loco
1394 1333 1433 1409 in
1461 1362 1543 1440 quo
1571 1335 1738 1440 predicta

315 1465 465 1558 lierent3
477 1465 582 1572 q'uod
601 1481 640 1541 et
659 1466 762 1552 lecit,
782 1466 830 1542 de
848 1463 1123 1542 vitaveltuorte
1134 1462 1226 1540 dicti
1242 1464 1449 1570 presbyteri
1468 1464 1735 1543 certitudinem

316 1626 391 1672 non
412 1597 567 1674 habens.

371 1730 482 1815 ltem,
504 1727 707 1833 requisitus
727 1755 840 1833 super
861 1753 920 1804 xtv
940 1743 979 1803 et
995 1712 1174 1804 omnibus
1191 1727 1460 1834 sequentibus,
1479 1731 1675 1834 respondit
1688 1760 1729 1808 se
1772 1783 1773 1788 κ

314 1857 429 1934 nichil
458 1857 556 1934 seire·
585 1857 682 1934 ultra
710 1858 813 1963 quod
842 1885 955 1963 supra
984 1857 1178 1964 depostrit,
1208 1858 1280 1934 hoo
1314 1875 1469 1964 excepto
1483 1861 1605 1964 ,quod
1636 1862 1729 1937 bene

315 1987 490 2065 credebat
519 2005 556 2064 et
582 1987 702 2065 credit
721 1989 826 2094 quod
852 1987 915 2064 alii
944 1987 1076 2066 fratres
1104 1967 1302 2069 crederent
1330 1988 1596 2067 ecclesiasticis
1620 2019 1733 2067 sama·

315 2118 469 2204 mentis,
490 2135 527 2195 et
542 2119 647 2224 quod
672 2146 805 2196 eorum
828 2119 1039 2199 sacerdotes
1059 2119 1186 2196 debite
1206 2118 1461 2211 celebrarent,
1479 2122 1573 2225 quia
1590 2121 1737 2200 videbat

314 2249 532 2354 hequenter
569 2249 804 2357 presbyteros
837 2249 1022 2328 seculares
1040 2250 1170 2357 juvare
1202 2278 1267 2328 eos
1300 2250 1348 2326 ad
1376 2249 1669 2341 celebrandum,
1702 2269 1737 2328 et

315 2396 477 2455 econtra.
500 2380 583 2456 Non
608 2379 728 2457 credit
747 2381 851 2487 quod
873 2408 1009 2460 eomm
1027 2381 1110 2460 laici
1131 2399 1285 2487 possent
1303 2380 1498 2460 absolvere
1519 2411 1541 2459 a
1560 2385 1734 2489 peccans,

313 2509 380 2585 sed
403 2511 614 2616 superiores
643 2528 816 2616 poterant
847 2512 1037 2590 remittere
1065 2541 1200 2618 penas;
1232 2541 1302 2590 nec
1327 2512 1449 2591 credit
1476 2514 1586 2620 quod
1614 2514 1736 2592 oscula

314 2640 509 2718 inhonesta
538 2640 719 2732 lacerent,
744 2671 814 2723 nec
832 2644 939 2749 quod
967 2643 1109 2721 crimen
1136 2643 1405 2721 sodomiticum
1425 2646 1732 2735 committerent,

314 2800 382 2848 nec
406 2773 512 2877 quod
540 2772 652 2880 ydola
672 2773 866 2851 haberent.
892 2774 1186 2852 Promittebotur
1210 2803 1287 2852 ntur
1303 2776 1402 2852 exire
1418 2775 1605 2860 ordinem
1630 2776 1729 2853 elan-

315 2903 458 2983 destine
472 2905 767 3010 recipiebantur,
782 2924 1009 3013 exquoerat
1026 2907 1189 3012 suspicio
1208 2925 1335 2984 conus
1352 2935 1435 2995 eos3
1448 2925 1727 2985 eramento

312 3035 537 3114 tenebantur
551 3064 629 3114 non
649 3038 811 3115 revelare
833 3055 973 3116 secreta
988 3038 1259 3145 capitulorum,
1279 3056 1317 3115 et
1334 3038 1531 3116 dicebatur
1552 3041 1608 3116 eis
1625 3040 1730 3145 quod

311 3168 340 3241 si
370 3166 591 3257 revelarent,
618 3168 820 3273 perderent
847 3168 1031 3245 habitum.
1053 3167 1267 3252 Elemosine
1295 3185 1332 3245 et
1350 3167 1583 3274 hospitalitas
1602 3197 1735 3247 conve-

312 3298 459 3374 nienter
492 3299 734 3375 servabantur
772 3300 811 3373 in
847 3299 982 3376 ordine
1010 3299 1050 3375 in
1078 3299 1256 3377 domibus
1297 3300 1335 3374 in
1366 3299 1503 3405 quibus
1542 3299 1625 3405 ipse
1663 3301 1732 3377 luit

312 3446 493 3518 moratus,
514 3445 552 3505 et
567 3428 840 3535 prohibebatur
859 3429 964 3535 quod
985 3429 1113 3506 illicite
1131 3458 1208 3507 non
1220 3430 1473 3535 acquirerent,
1494 3457 1563 3506 nec
1578 3433 1728 3506 interes-

310 3576 391 3634 sent
406 3559 489 3635 loco
508 3561 546 3634 in
562 3589 638 3665 quo
659 3558 792 3664 aliquis
815 3561 1106 3637 exheredaretur
1128 3560 1277 3665 injuste.
1300 3561 1523 3636 Servabatur
1539 3560 1576 3634 in
1592 3560 1722 3633 ordine

309 3688 411 3792 quod
443 3693 598 3795 magnus
631 3691 807 3798 Magister
832 3720 920 3767 cum
946 3709 1130 3769 conventu
1156 3690 1381 3776 ordinasset3
1407 3718 1540 3798 inagna
1559 3689 1724 3767 scandala

310 3836 436 3896 contra
453 3820 628 3897 ordinem
648 3839 735 3897 sunt
754 3838 893 3909 exorta,
914 3839 1067 3928 propter
1086 3821 1151 3897 illa
1171 3850 1244 3927 que
1260 3822 1508 3925 imponuntur
1529 3821 1674 3905 eidem,
1695 3839 1730 3895 et

309 3979 383 4054 que
415 3978 571 4057 magnus
598 3952 772 4058 Magister
799 3970 836 4027 et
866 3952 927 4028 alii
957 3953 1135 4031 dicuntur
1163 3951 1277 4030 hiisse
1306 3952 1483 4038 confessi;
1507 3951 1727 4029 deffensioni

309 4079 451 4157 ordinis
481 4081 670 4159 obtulerat
702 4111 757 4174 se,
790 4083 879 4188 quia
913 4111 990 4160 non
1024 4083 1201 4159 credebat
1231 4112 1299 4158 nec
1331 4082 1472 4159 sciebat
1508 4082 1616 4187 quod
1644 4082 1726 4158 dicti

309 4238 453 4287 errores
473 4231 596 4291 essent
612 4214 650 4290 in
667 4213 813 4291 ordine.

363 4341 576 4447 Requisitus
606 4345 638 4420 si
668 4346 720 4421 sic
750 4345 975 4450 deposuerat
1000 4370 1130 4450 prece,
1165 4362 1357 4450 precepto,
1394 4345 1550 4430 timore,
1583 4373 1724 4428 amore,

306 4469 415 4555 odio,
451 4473 510 4549 val
526 4475 688 4552 comodo
715 4475 911 4582 temporali
941 4475 1069 4554 habito
1098 4474 1156 4552 vel
1176 4475 1370 4558 habendo,
1404 4474 1605 4579 respondit
1629 4472 1725 4579 quod

308 4628 400 4691 noo,
441 4603 507 4678 sed
537 4633 605 4709 pro
642 4605 793 4683 veritate
834 4606 1006 4683 dicenda.
1037 4604 1109 4683 Cui
1148 4603 1219 4682 luit
1255 4606 1467 4711 injunctum
1505 4605 1615 4710 quod
1655 4631 1725 4680 noo

305 4727 485 4805 revelaret
509 4734 604 4808 hanc
631 4763 736 4812 suam
761 4736 1040 4842 deposicionem
1063 4763 1262 4841 quousque
1294 4735 1555 4811 attestaciones
1592 4733 1724 4810 fuerint

304 4857 504 4965 publicate.
