4080 6052
503 551 549 620 52
887 517 1084 613 rnocts
1108 535 1203 611 ons
1229 534 1530 610 Tauranus.

500 687 607 796 goeio
629 685 877 792 assignarunt,
894 708 934 759 se
952 679 1096 787 possint
1117 704 1248 754 eorum
1270 677 1483 786 conspectui
1498 692 1728 783 presentare,
1744 674 1922 758 facientes

501 815 770 894 nichilominus
790 813 843 890 eis
863 827 901 888 et
917 811 1087 916 ipsorum
1106 806 1399 885 conductoribus
1418 807 1498 884 sine
1518 805 1681 883 deffectu
1700 808 1747 884 de
1760 809 1921 914 ydoneis
2013 806 2016 811 ’

503 918 671 1053 expensis
691 961 729 1022 et
748 939 1002 1021 evectionibus
1025 937 1225 1046 provideri.
1250 937 1393 1015 Damus
1412 952 1537 1016 autem
1558 936 1920 1016 administratoribus

502 1075 691 1152 bonorum
712 1073 799 1150 dicti
820 1069 963 1149 ordinis
985 1086 1023 1145 et
1045 1066 1223 1144 omnibus
1243 1067 1429 1171 deputatis
1448 1067 1496 1143 ad
1515 1066 1724 1144 custodiam
1744 1095 1922 1172 persona·

503 1233 589 1281 rum
615 1206 795 1310 ipsarum,
823 1193 1093 1306 cujuscumque
1123 1213 1241 1274 status
1264 1197 1440 1285 existant,
1465 1211 1596 1273 tenore
1620 1197 1857 1302 presencium
1880 1201 1920 1274 in
1966 1188 1991 1259 .'

503 1334 702 1424 mandatis,
737 1329 810 1409 sub
835 1328 938 1406 omni
964 1354 1062 1432 pena
1090 1353 1204 1432 quam
1229 1334 1382 1432 possent
1399 1326 1581 1403 incutere
1614 1327 1842 1404 contrarium
1867 1328 1938 1403 la-'
2027 1414 2031 1419 ¹

504 1463 653 1549 ciendo,
676 1477 720 1536 ut
734 1457 840 1535 vohis
858 1457 899 1532 iu
918 1455 1108 1561 premissis
1128 1453 1305 1534 omnibus
1321 1455 1515 1548 obediant,
1534 1455 1632 1534 sicut
1648 1456 1769 1535 nohis.
1785 1456 1921 1537 Actum

504 1591 680 1680 Parisius,
711 1587 901 1679 vicessima
934 1604 1033 1664 sexta
1057 1586 1118 1667 die
1146 1584 1380 1676 Novembris,
1409 1613 1506 1665 anno
1536 1586 1690 1666 Domini
1719 1586 1922 1696 millesimo

507 1746 571 1798 ccc
596 1745 709 1795 nono.

560 1982 671 2071 ltem,
692 2009 778 2057 cum
796 1980 842 2058 ab
861 1980 1049 2087 aliquibus
1067 1980 1265 2095 diceretur,
1285 1983 1391 2088 quod
1412 1981 1586 2059 custodes
1604 1982 1788 2059 dictami
1806 1982 1921 2059 Tem-

505 2110 732 2218 plariorum,
753 2111 793 2186 in
817 2110 1006 2218 aliquibus
1024 2109 1192 2216 partibus
1211 2109 1300 2185 dicti
1319 2110 1444 2218 regni,
1465 2111 1675 2190 reddebant
1690 2139 1731 2190 se
1750 2108 1922 2188 difficiles

506 2240 555 2316 ad
584 2238 919 2344 representandum
952 2239 1070 2316 dictos
1103 2237 1337 2344 Templarios
1370 2240 1567 2320 ordinan'is
1600 2240 1821 2339 eorumdem
1855 2254 1943 2318 seu

508 2394 640 2445 eorum
659 2368 849 2475 gentibus,
865 2368 1019 2475 quaudo
1034 2397 1077 2444 ex
1092 2365 1214 2445 officio
1233 2369 1403 2474 ipsorum
1422 2370 1669 2479 inquirentes,
1681 2369 1742 2446 uel
1757 2360 1923 2446 edictum

505 2497 697 2602 publicare
723 2498 905 2588 volentes,
932 2497 1178 2576 necessariam
1206 2496 1396 2577 habehant
1420 2498 1649 2605 presenciam
1676 2497 1920 2587 eorumdem,
2020 2586 2026 2597 .

506 2625 676 2717 fuerunt,
699 2629 746 2702 de
768 2626 956 2702 voluntate
977 2626 1199 2720 eorumdem
1216 2627 1455 2703 dominorum
1474 2623 1834 2710 commissariorum,
1855 2612 1925 2733 per

506 2753 759 2832 venerabilem
786 2751 908 2828 virum
936 2752 1134 2829 dominum
1157 2754 1372 2859 Philippum
1399 2754 1446 2829 de
1462 2753 1581 2831 Voeto
1605 2754 1841 2858 prepositum
1864 2757 1923 2830 Pi-

509 2899 733 2967 ctavensem,
766 2895 804 2956 et
832 2879 1034 2956 discretum
1064 2881 1186 2959 virum
1216 2882 1425 2958 Johannem
1454 2881 1502 2957 de
1527 2880 1695 2958 Jamvilla
1718 2883 1920 2988 predictos,

511 3011 708 3113 deputatos
722 3009 770 3084 ad
789 3008 998 3085 custodiam
1009 3010 1266 3113 predictorum
1276 3009 1578 3115 Templariorum
1593 3012 1632 3087 iu
1645 3013 1842 3118 provinciis
1860 3016 1923 3088 Re-

510 3139 646 3227 mensi,
675 3137 881 3215 Senonensi
907 3155 944 3214 et
968 3138 1275 3244 Rothomagensi,
1296 3140 1346 3217 ad
1367 3139 1582 3219 tollendum
1603 3143 1745 3220 dictum
1765 3143 1924 3251 impedi-

511 3285 697 3359 mentum,
719 3268 830 3349 misse
849 3266 971 3349 littere
992 3267 1223 3350 continentie
1242 3265 1497 3375 infrascripta:
1596 3312 1599 3317 ι

566 3531 762 3654 Philippus
791 3533 1002 3637 prepositus
1028 3531 1181 3609 ecclesie
1208 3531 1444 3626 Pictavensis,
1467 3563 1508 3611 ac
1534 3532 1720 3610 Johannes
1748 3528 1794 3604 de
1822 3529 1924 3606 Jam-

511 3658 596 3736 villa
626 3660 797 3738 ostiarius
826 3662 1051 3740 serenissimi
1079 3651 1260 3768 principis
1287 3662 1431 3740 domini
1461 3662 1569 3769 Regis
1598 3662 1845 3745 Francorum,
1877 3663 1924 3737 ad

512 3789 735 3878 custodiam,
756 3790 1007 3868 visitacionem
1035 3776 1396 3899 translacionemque
1423 3815 1665 3897 personarum
1690 3787 1924 3894 Templario-
2019 3880 2024 3890 ι

511 3946 613 4007 rum,
631 3919 670 3994 in
689 3920 879 4008 Remensi,
896 3920 1103 3998 Senonensi
1123 3936 1162 3997 et
1178 3920 1466 4028 Rothomageusi
1480 3917 1693 4025 provinciis,
1709 3918 1925 3995 auctoritate

512 4048 710 4153 apostolica
731 4040 769 4127 ct
787 4050 888 4158 regia
901 4049 1086 4155 deputati,
1103 4050 1283 4130 universis
1303 4067 1340 4128 et
1357 4049 1513 4158 singulis
1533 4047 1927 4158 superintendentihus

513 4176 679 4253 custodie
701 4179 1003 4285 Templariorum
1027 4180 1320 4288 custodibusque
1348 4181 1571 4258 eorumdem
1597 4178 1805 4256 Aurelianis
1830 4178 1926 4252 etin

513 4302 769 4383 Aurelianensi
787 4306 925 4386 diocesi
938 4309 1158 4403 constitutis,
1172 4311 1342 4389 salutem.
1357 4310 1578 4389 Mandamus
1592 4306 1697 4384 vobis
1713 4323 1750 4383 et
1762 4324 1927 4408 vestrum

513 4434 681 4529 cuilibet,
697 4454 882 4543 quatenus
901 4465 1159 4546 quoscumque
1173 4438 1506 4546 [quandocumqnel]
1523 4466 1591 4544 per
1606 4436 1856 4515 reverendum
1872 4466 1930 4543 pa-

513 4579 609 4637 trem
625 4565 822 4641 dominum
836 4567 1142 4646 Aurelianensem
1154 4570 1385 4677 episcopum,
1398 4568 1457 4646 rel
1471 4596 1539 4674 per
1550 4585 1693 4646 certum
1709 4555 1929 4643 mandatum

515 4689 631 4794 ipsius
645 4689 692 4767 de
711 4719 874 4800 quo-per
893 4697 1034 4776 litteras
1052 4698 1170 4804 ipsius
1188 4699 1294 4778 vohis
1308 4697 1505 4791 constabit,
1522 4696 1666 4776 fueritis
1674 4679 1867 4804 requisiti,
1885 4696 1930 4770 li-

514 4817 650 4895 berum
664 4849 851 4901 accessum
866 4827 915 4903 ad
925 4826 1207 4932 publicandum,
1223 4829 1426 4938 legendum
1443 4848 1480 4909 ct
1493 4816 1795 4909 denunciandum
1805 4825 1929 4928 ‘semel
