4080 6052
690 519 886 612 procus
912 538 1007 610 nss
1032 539 1333 613 scurnum-s.
1646 542 1718 615 nos

308 678 471 765 misceri,
487 677 616 783 etipse
638 679 802 768 cumeis,
825 679 1035 757 secundum
1049 697 1188 786 puncta
1205 679 1360 758 ordinis.
1381 681 1461 785 Ipse
1473 696 1600 757 tamen
1615 684 1720 760 testis

305 808 500 915 respondit
520 808 624 914 quod
646 811 717 886 hec
739 808 847 888 nullo
867 809 983 888 modo
1004 809 1160 903 laceret,
1186 839 1255 889 nec
1278 811 1346 895 scit
1366 837 1437 886 nec
1456 808 1597 887 audivit
1616 812 1721 917 quod

303 935 435 1015 fratres
457 938 600 1015 ordinis
620 941 898 1018 committerent
919 940 968 1017 ad
989 941 1147 1018 invicem
1167 957 1360 1048 peccatum
1384 941 1608 1048 predictum.
1639 940 1721 1018 Alia

304 1064 432 1144 illicita
455 1096 532 1146 non
561 1069 841 1148 intervenerunt
863 1072 903 1147 in
926 1072 1146 1178 reccpcione
1167 1101 1233 1150 sua
1256 1071 1435 1178 predicta.
1455 1070 1670 1177 Requisitus
1690 1072 1720 1148 si

304 1224 399 1303 quos
412 1215 450 1273 et
460 1225 556 1304 quos
568 1217 758 1306 receperat
772 1200 811 1277 in
828 1202 978 1290 ordine,
993 1201 1305 1308 respondit'quod
1323 1201 1390 1290 sic,
1405 1200 1557 1278 fratrem
1569 1202 1721 1277 Petrum

304 1325 461 1432 Escarpa
474 1329 712 1418 servientem,
730 1349 818 1408 sunt
832 1358 879 1409 1111
896 1332 982 1408 anni
996 1330 1055 1409 vel
1065 1332 1175 1422 circa,
1194 1330 1433 1409 demandato
1447 1329 1568 1406 fratris
1584 1331 1722 1408 Johan-

305 1457 362 1533 nis
385 1457 431 1533 de
447 1457 639 1535 Villanova
657 1461 851 1563 quondam
879 1461 1123 1567 preceptoris‚
1140 1477 1231 1537 tunc
1249 1459 1399 1536 ballivie
1421 1459 1467 1536 de
1489 1460 1661 1551 Pontiv0‚
1682 1461 1722 1535 in

304 1586 443 1691 capella
477 1587 612 1664 domus
642 1589 802 1694 Templi·
817 1590 863 1666 de
887 1588 994 1667 Bello
1017 1590 1128 1672 Vissu
1157 1587 1416 1666 Ambianensis
1442 1589 1615 1680 diocesis,
1636 1616 1722 1694 pre-

303 1715 471 1793 sentibus
503 1715 680 1795 fratribus
712 1718 864 1798 Galtero
897 1720 944 1796 de
975 1719 1166 1797 Morivalle
1203 1736 1420 1825 preceptore
1457 1719 1553 1795 dicte
1586 1720 1722 1796 domus

303 1849 512 1955 quondam,
537 1868 575 1926 et
598 1850 826 1954 quibusdam
847 1852 927 1928 aliis
963 1851 1175 1928 deffunctis.
1201 1852 1404 1956 Receperat
1429 1817 1543 1927 eciam
1571 1849 1722 1927 fratrem

304 1979 525 2057 Michaelem
550 1981 685 2058 Moseti
712 1983 935 2058 servientem
959 1981 1152 2086 quondam
1181 1981 1382 2059 camerario
1413 1980 1549 2059 domus
1573 1982 1720 2088 Templi

306 2108 562 2216 d’Oysemont,
579 2111 619 2185 in
631 2110 770 2216 vigilia,
791 2111 850 2187 vel
864 2112 903 2185 in
923 2110 984 2186 die
1003 2111 1207 2189 Nativitatis
1222 2108 1374 2190 Domini
1385 2110 1540 2189 fuenmt
1554 2113 1721 2220 quinque

304 2237 363 2315 vel
382 2240 564 2329 seranni,
586 2239 825 2344 presentibus
845 2239 1022 2317 fratribus
1042 2240 1247 2348 Baudoyno
1270 2241 1316 2317 de
1336 2259 1460 2319 sancto
1482 2244 1605 2330 tusto,
1633 2259 1722 2319 tunc

304 2386 522 2474 preceptore
539 2369 636 2446 dicte
651 2370 803 2459 domus,
817 2370 965 2447 Thoma
980 2369 1027 2445 de
1044 2369 1205 2446 Janvalle
1217 2370 1444 2475 presbitero,
1460 2386 1497 2445 et
1517 2369 1721 2448 Guillelmo

306 2499 353 2575 de
369 2497 508 2591 Platea,
524 2499 683 2577 testibus
700 2500 831 2592 hodie,
855 2501 908 2576 eri
929 2515 967 2577 et
985 2500 1127 2577 anteeri
1144 2500 1376 2588 examinatis,
1398 2517 1435 2576 et
1453 2500 1654 2606 Radulpho
1675 2500 1721 2576 de

305 2629 477 2706 Carmcis
499 2647 536 2706 et
560 2631 641 2709 aliis
663 2630 890 2737 quibusdam
912 2629 1128 2722 deffunctis,
1156 2631 1203 2708 de
1227 2629 1402 2708 mandato
1426 2630 1549 2706 fratris
1568 2630 1722 2708 Roberti

306 2758 352 2834 de
363 2757 529 2836 Belvaco.
551 2760 767 2866 Requisitus
783 2761 814 2837 si
833 2759 931 2849 bene
948 2758 1136 2837 recolebat
1147 2760 1253 2865 quod
1271 2761 1349 2865 ipse
1365 2757 1564 2864 recepisset
1580 2759 1721 2836 dictum

306 2889 544 2978 Michaelem,
575 2892 633 2968 vel
658 2890 792 2996 aliquis
811 2890 908 2969 alius
929 2891 977 2968 de
1005 2890 1211 2969 astantibus
1231 2890 1433 2967 nominatis
1452 2917 1521 2994 per
1542 2916 1646 2976 eum,
1670 2919 1724 2967 re·

306 3021 458 3124 spondit
471 3048 510 3097 se
532 3022 684 3099 credere
704 3020 834 3126 pocius
850 3022 954 3128 quod
973 3022 1052 3128 ipse
1067 3021 1250 3126 receperit
1265 3049 1369 3112 eum,
1391 3048 1505 3125 quam
1526 3019 1660 3125 aliquis
1679 3048 1723 3096 ex

304 3147 498 3252 predictis,
522 3167 559 3225 et
577 3150 675 3226 dicta
695 3151 940 3257 interrogacio
963 3149 1037 3227 luit
1059 3149 1153 3226 sacta
1180 3178 1248 3255 per
1277 3150 1394 3227 dictos
1421 3149 1594 3227 dominos
1621 3178 1723 3227 com-

307 3280 508 3371 missarios,
536 3282 623 3386 quia
645 3280 847 3387 supradicti
874 3281 1041 3358 Thomas
1065 3297 1103 3357 et
1135 3279 1363 3358 Guillelmus
1385 3281 1642 3386 ,deposuerant
1665 3279 1723 3354 di-

305 3427 407 3486 ctum
432 3411 655 3489 Michaelem
675 3410 788 3489 fuisse
811 3428 1004 3517 receptum
1029 3411 1235 3517 apredicto
1258 3410 1370 3487 fratre
1394 3410 1611 3517 Bandoyno.
1630 3410 1723 3485 Item

306 3540 397 3615 dixit
416 3569 455 3617 se
475 3541 658 3646 recepisse
678 3540 830 3619 fratrem
854 3541 1047 3620 Nicolaum
1074 3542 1122 3619 de
1143 3540 1282 3619 Bomel
1303 3539 1541 3627 servientem,
1565 3537 1722 3615 diocesis

304 3669 551 3761 Belvacensis,
573 3669 620 3746 de
633 3670 809 3747 mandato
823 3671 911 3748 dicti
932 3669 1053 3748 fratris
1071 3668 1242 3760 Roberti,
1270 3669 1310 3744 in
1331 3667 1469 3773 capella
1492 3667 1550 3743 vel
1580 3694 1722 3742 camera

306 3799 442 3875 domus
463 3798 611 3903 Templi
640 3798 687 3874 de
709 3800 889 3877 Molleriis
917 3798 1180 3877 Ambianensis
1213 3797 1387 3886 diocesis,
1416 3815 1504 3876 sunt
1527 3825 1549 3876 v
1575 3795 1633 3872 vel
1661 3823 1723 3871 sex

306 3928 409 4019 anni,
430 3927 477 4003 de
500 3927 737 4033 presentibus
756 3957 832 4005 non
853 3928 1037 4016 recolens,
1059 3929 1097 4005 in
1118 3957 1282 4035 quorum
1301 3928 1419 4003 trium
1438 3926 1723 4033 reccpcionibu's

305 4057 474 4135 nonfuit
498 4074 661 4135 servatus
684 4058 787 4134 idern
812 4057 965 4147 modus;
992 4087 1079 4135 nam
1103 4059 1143 4134 in
1165 4058 1384 4164 reccpcione
1410 4057 1499 4134 dicti
1530 4056 1723 4134 Michaelis

306 4189 421 4266 nichil
442 4187 514 4265 luit
533 4166 671 4264 lactum
690 4186 749 4263 vel
763 4188 911 4265 dictum
925 4187 1116 4277 illicitum,
1139 4189 1206 4266 sed
1223 4187 1402 4294 predictis
1416 4189 1526 4264 Petro
1541 4185 1722 4292 l'Escarpa

306 4334 342 4394 et
364 4318 514 4395 Nicolao
540 4318 587 4395 de
613 4319 753 4395 B0nter
776 4320 943 4424 precepit
964 4320 1070 4425 quod
1092 4318 1320 4426 abnegarent
1345 4318 1502 4395 Jhesum
1527 4316 1720 4395 Christum

305 4463 342 4523 et
368 4449 472 4551 quod
496 4464 675 4553 spuerent
698 4476 813 4554 super
839 4477 1007 4537 crucem,
1033 4450 1121 4556 quia
1145 4449 1217 4526 hoc
1242 4447 1431 4527 debebant
1450 4447 1570 4524 lacere
1591 4474 1722 4524 sccun-

306 4577 397 4652 dum
418 4595 554 4681 puncta
573 4578 727 4668 ordinis,
751 4580 878 4685 etipse
899 4581 1175 4688 abnegaverunt
1189 4597 1226 4656 et
1245 4596 1429 4685 spuerunt
1435 4578 1541 4685 juxta
1554 4605 1719 4667 crucem,

305 4722 343 4781 et
359 4706 455 4782 bene
470 4708 588 4784 credit
603 4707 707 4815 quod
722 4710 795 4786 hoc
806 4709 976 4788 fecerunt
996 4738 1059 4789 ore
1078 4727 1116 4787 et
1131 4739 1209 4788 non
1228 4711 1351 4789 corde.
1373 4709 1589 4816 Requisitus
1604 4736 1719 4813 quare

302 4863 380 4913 non
402 4836 567 4943 precepit
577 4838 673 4914 dicta
692 4837 819 4916 illicita
831 4840 929 4920 dicto
947 4839 1136 4930 Michaeli,
1152 4840 1346 4946 respondit
1364 4837 1469 4948 quod
1488 4857 1641 4946 propter
1660 4838 1719 4912 di-

391 4973 495 5036 rnocis
518 4994 570 5037 ons
593 4996 765 5038 reseremus.
780 5010 821 5023 -
834 4998 855 5041 1.
1513 4978 1553 5059 59
