4080 6052
540 526 737 621 nnocts
763 546 858 619 nus
883 513 1185 619 rsuenrnns.
1527 557 1571 628 rs

155 710 249 771 terat
270 688 460 796 inquirere
487 715 556 793 per
579 716 618 765 se
646 687 788 793 ipsum,
811 703 855 762 ut
880 713 948 762 sua
962 686 1069 793 juxta
1097 685 1304 763 doctrinam
1332 692 1573 794 apostolicam

154 822 234 899 aliis
259 848 373 897 onera
390 817 604 925 partiretur,
629 845 807 923 personas
832 816 1005 923 providas
1026 833 1064 893 et
1083 815 1259 893 discretas
1285 816 1325 892 in
1349 817 1435 925 jure
1465 849 1507 897 ac
1534 805 1585 899 in

26 969 31 980 '
152 952 247 1031 facto
263 968 442 1057 expertas,
453 949 502 1027 ad
516 949 787 1057 inquirendum
802 948 849 1025 de
859 947 1037 1054 predictis
1048 965 1175 1026 contra
1188 946 1375 1053 prefatum
1386 950 1569 1041 ordinem,

153 1083 199 1161 ad
223 1084 386 1160 diversas
412 1080 577 1159 decrevit
598 1081 734 1157 mundi
758 1080 964 1186 provincias
990 1078 1195 1168 destinare3
1228 1080 1454 1185 obtansque‚
1480 1100 1574 1160 tam-

151 1242 266 1319 quam
286 1212 424 1289 zelator
437 1209 529 1289 fidei
549 1211 774 1297 orthodoxe,
789 1227 833 1286 ut
847 1210 946 1287 dicta
961 1208 1160 1315 inquisicio
1175 1208 1223 1284 ad
1236 1208 1309 1286 Dei
1330 1210 1515 1289 honorem
1536 1232 1573 1291 et

152 1343 243 1420 fidei
263 1342 442 1421 catholice
467 1341 684 1419 firmitatem
704 1340 876 1418 debitum
901 1340 1099 1417 sortiretur
1126 1339 1318 1430 effectum,
1341 1342 1465 1419 citavit
1489 1372 1586 1449 per·

153 1473 334 1578 emptorie
358 1472 546 1577 prefatum
566 1472 755 1558 ordinem,
778 1489 817 1549 et
836 1499 967 1549 omnes
993 1488 1031 1547 et
1054 1470 1222 1577 singulos
1240 1470 1373 1548 fratres
1397 1472 1487 1549 dicti
1512 1501 1574 1552 or-

151 1602 249 1679 dinis
266 1603 334 1709 qui
352 1631 422 1707 pro
442 1602 524 1707 ipso
543 1602 683 1680 vellent
700 1601 946 1707 respondere,
963 1600 1068 1706 quod
1086 1601 1126 1676 in
1146 1600 1247 1677 dicto
1266 1601 1430 1679 termino
1440 1603 1572 1709 (quem
1669 1610 1673 1617 ’

62 1801 69 1817 ,
147 1731 281 1838 prelati
296 1731 555 1838 inquisitores,
567 1731 615 1808 ad
629 1733 712 1819 hec,
729 1748 774 1808 ut
788 1731 1029 1836 premittitur,
1041 1759 1110 1835 per
1124 1731 1250 1835 ipsum
1265 1730 1475 1836 specialiter
1490 1730 1573 1812 desss

147 1862 272 1954 tinati‚
285 1891 354 1967 per
365 1891 498 1939 eorum
508 1860 706 1968 publicum
721 1861 912 1937 citacionis
923 1860 1090 1936 edictum
1103 1860 1291 1941 ducerent,
1299 1862 1569 1968 statuendum),

148 1993 195 2068 ad
220 1991 426 2069 dicendum
445 2019 570 2069 coram
590 1991 645 2068 eis
667 1991 714 2067 de
739 1990 917 2096 predictis
941 1988 1118 2066 omnibus
1141 1989 1351 2083 veritatem,
1374 2019 1416 2067 ac
1434 1991 1571 2079 deinde

148 2123 226 2227 ipse
247 2121 341 2200 ordo
363 2150 432 2228 per
449 2121 616 2229 ydoneos
634 2119 808 2228 syndicos
831 2119 890 2196 vel
915 2118 1131 2216 defensores
1154 2144 1280 2196 coram
1300 2119 1381 2224 ipso
1402 2121 1441 2196 in
1461 2150 1573 2227 gene-

149 2250 219 2326 rali
238 2252 414 2340 concilio,
431 2250 535 2357 quod
550 2252 766 2356 congregari
781 2249 985 2338 mandavit,
1003 2275 1217 2354 comparere
1232 2265 1419 2339 curarent,
1431 2251 1571 2356 justam

150 2378 264 2456 dante
288 2379 454 2456 Domino
478 2379 705 2452 sentenciam
723 2378 782 2452 vel
802 2378 1082 2455 ordinacionem
1105 2377 1345 2481 apostolicam
1367 2382 1569 2485 recepturi,

36 2573 41 2583 .
149 2524 186 2585 et
208 2523 252 2583 ut
275 2505 498 2613 hujusmodi
519 2504 568 2581 ad
587 2531 829 2581 communem
854 2507 1026 2581 omnium
1049 2532 1295 2608 personarum
1315 2506 1405 2581 dicti
1430 2508 1572 2586 ordinis

149 2635 401 2713 deduceretur
420 2633 614 2723 noticiam,
639 2662 722 2710 eam
737 2633 776 2709 in
794 2632 937 2738 palacio
958 2632 1162 2738 apostolico
1181 2633 1385 2710 Pictavensi
1399 2635 1568 2740 publico,

61 2780 64 2788 '
146 2783 319 2873 presente
339 2764 513 2844 fidelium
531 2762 776 2841 multitudine
797 2763 982 2869 copiossa,
1000 2762 1039 2839 in
1054 2760 1252 2839 audiencia
1270 2762 1420 2867 publica
1439 2766 1513 2872 legi
1534 2786 1572 2844 et

146 2896 349 3003 publigari,
367 2924 528 2974 necnon
547 2912 663 2973 cartas
681 2887 971 3001 membran[e]as
985 2893 1206 2970 citacionem
1221 2893 1454 2971 continentes
1469 2923 1571 2973 eam·

148 3024 247 3116 dem,
259 3026 299 3103 in
309 3027 461 3134 majoris
477 3025 631 3104 ecclesie
641 3025 865 3103 Pictavensis
873 3023 1035 3131 appendi
1047 3020 1191 3128 etalligi
1202 3021 1291 3100 lecit
1299 3023 1444 3114 hostiis,
1454 3055 1501 3102 ne
1514 3026 1569 3103 hii

147 3183 243 3261 quos
261 3156 342 3261 ipsa
363 3136 494 3232 citacio
510 3154 750 3261 contingebat
767 3155 932 3263 aliquam
953 3171 1106 3262 possent
1120 3153 1400 3232 excusacionem
1419 3173 1570 3260 preten-

149 3282 250 3375 dere,
269 3284 373 3391 quod
389 3284 438 3362 ad
457 3313 521 3363 eos
537 3285 622 3363 talis
640 3286 771 3364 citacio
787 3315 866 3365 non
887 3301 1121 3391 pervenerat,
1140 3284 1199 3361 vel
1216 3284 1321 3390 quod
1337 3285 1571 3390 ignorassent

148 3413 322 3509 eandem,
343 3400 458 3521 prout
475 3415 643 3520 predicta
662 3416 790 3492 omnia
809 3416 848 3491 in
873 3415 963 3493 dicti
984 3414 1129 3492 domini
1149 3415 1246 3519 Pape
1266 3414 1402 3491 litteris
1420 3413 1569 3518 plenius

147 3544 398 3623 continentur.
420 3546 520 3624 Cum
547 3545 663 3650 igitur
681 3545 903 3621 mandatum
929 3545 1157 3648 (secundum
1175 3544 1336 3622 sormam
1358 3544 1568 3622 litterarum

147 3675 449 3779 apostolicarum,
467 3703 629 3783 quarum
639 3693 790 3752 tenores
799 3674 921 3763 vobis,
939 3674 1010 3751 sub
1021 3673 1151 3780 sigillis
1160 3674 1356 3751 reverendi
1366 3673 1405 3749 in
1416 3674 1568 3753 Christo

145 3804 260 3908 patris
275 3804 420 3881 domini
424 3864 502 3882 ......
525 3804 689 3910 episcopi
706 3803 925 3882 Parisiensis
939 3821 979 3880 et
999 3805 1080 3909 ejus
1099 3805 1201 3881 curie
1221 3805 1471 3891 destinamus,
1494 3803 1569 3880 ori-

147 3930 285 4036 ginalia
297 3958 414 4034 penes
427 3961 511 4023 nos,
533 3951 686 4040 propter
699 3934 866 4041 pericula
886 3952 924 4012 et
942 3934 1086 4011 viarum
1109 3934 1325 4012 discrimina
1344 3935 1565 4021 retinentes,

147 4087 235 4136 cum
256 4086 352 4163 opus
372 4056 503 4149 fuerit,
531 4061 758 4169 exhibenda)
787 4079 1002 4143 reverenter
1026 4065 1160 4169 exequi
1181 4064 1440 4150 intendamus,
1462 4091 1569 4140 voca-
1661 4110 1664 4115 ·

147 4217 231 4268 mus
246 4205 285 4266 et
304 4187 463 4265 citamus
476 4192 744 4295 peremptorie,
762 4194 981 4270 auctoritate
997 4191 1107 4296 nobis
1120 4191 1256 4266 tradite
1276 4191 1483 4295 potestatis,
1500 4220 1568 4299 per

148 4320 220 4399 hoc
244 4316 440 4424 publicum
467 4317 658 4396 citacionis
683 4320 869 4409 edictum,
895 4317 1107 4425 predictum
1132 4318 1304 4397 ordinem
1333 4321 1566 4427 Templario-

148 4477 250 4537 rum,
271 4447 403 4525 [ratres
427 4446 517 4524 dicti
543 4447 686 4526 ordinis
715 4466 753 4528 et
773 4476 905 4528 omnes
935 4447 1158 4539 evocandos,
1185 4467 1245 4537 ut,
1265 4451 1387 4556 prima
1407 4450 1467 4526 die
1488 4479 1566 4529 non

149 4578 279 4655 seriata
296 4594 381 4682 post
398 4575 537 4656 sestam
555 4577 656 4656 beati
671 4580 824 4658 Martini
839 4578 1032 4688 hyemalis,
1055 4597 1293 4686 compareant
1312 4609 1437 4658 coram
1456 4579 1566 4660 nobis

44 4722 46 4726 ’
149 4705 375 4786 sufficienter
395 4708 557 4788 Parisius
578 4708 618 4786 in
639 4710 838 4818 episcopali
860 4710 960 4799 aula,
976 4709 1070 4788 hora
1092 4710 1232 4816 prime,
1256 4711 1296 4788 in
1317 4711 1509 4817 premissis
1528 4729 1565 4788 et

152 4867 193 4916 ea
211 4837 531 4944 contingentibus,
552 4857 668 4948 prout
682 4841 827 4952 justum
846 4840 975 4931 fuerit,
994 4841 1216 4948 processuri.
1233 4839 1410 4949 Alioquin
1432 4858 1564 4920 extunc
