4080 6052
696 506 890 601 raocts
916 526 1012 600 ons
1037 527 1339 637 rnurninns.
1682 540 1725 608 15

311 671 412 750 sterii
424 684 546 746 sanete
557 665 759 759 Genovele,
769 667 1006 774 presentibus
1026 668 1196 747 discretis
1214 670 1301 747 viris
1324 670 1508 775 magistris
1520 673 1726 756 Guillelmo

311 802 356 879 de
391 801 566 881 Clrenaco
600 800 778 878 canonico
811 799 1025 889 Parisiensi,
1056 800 1199 878 Amisio
1234 801 1280 878 de
1312 800 1514 880 Aureliano
1546 806 1728 886 archidia-

309 961 403 1010 cono
422 930 699 1022 Aurelianensi,
721 930 923 1011 Chatardo
936 931 983 1008 de
1008 933 1233 1010 Pennavaria
1256 934 1372 1011 saneti
1393 933 1531 1011 Juliani
1558 936 1729 1016 Lemovi-

309 1063 444 1154 censis,
465 1065 624 1142 Falcone
652 1062 768 1141 Balati
798 1063 1131 1156 Claromontensis,
1152 1065 1263 1142 Petro
1284 1064 1330 1141 de
1351 1064 1545 1143 Chadaleu
1564 1067 1727 1146 Enesiati

309 1193 643 1286 Claromontensis,
661 1193 880 1302 Raymondo
896 1194 1032 1273 Moreti
1047 1195 1163 1272 sancti
1183 1196 1364 1273 Honorati
1377 1196 1594 1275 Parisiensis
1610 1198 1730 1276 dioce-

310 1323 360 1401 sis
380 1325 620 1403 ecclesiarum
641 1324 842 1413 canonicis,
865 1342 902 1402 et
922 1327 1031 1403 Petro
1056 1325 1237 1434 Ray-naldi
1260 1343 1405 1404 rectore
1432 1326 1585 1405 ecclesie
1611 1332 1727 1406 sancti

310 1454 445 1533 Privati
464 1456 511 1533 de
528 1456 747 1536 Chadeneto
767 1457 999 1535 Mimatonsis
1019 1456 1194 1548 diocesis,
1216 1473 1254 1534 et
1277 1485 1338 1533 me
1362 1456 1616 1536 Floriamonte
1631 1459 1730 1537 Don

311 1582 421 1661 dedei
439 1585 486 1662 de
501 1588 654 1665 Mantua
669 1588 816 1665 notario
833 1586 987 1694 publico
1007 1586 1254 1694 infrascripto,
1271 1616 1313 1665 ac
1329 1586 1511 1695 Hugo[ne]
1525 1588 1664 1666 Nicolai
1680 1589 1728 1692 de

307 1714 500 1820 Eugubio,
523 1718 715 1796 Bernardo
742 1717 867 1796 Filioli
895 1718 1049 1795 ecclesie
1072 1717 1325 1796 Reusoliensis
1355 1718 1532 1796 canonico
1558 1720 1741 1820 Lemovif

309 1845 424 1938 censi,
446 1848 598 1926 Nicolao
618 1848 901 1927 Constanciensi
919 1849 1132 1955 Bajoeensis
1148 1849 1325 1940 diocesis,
1347 1878 1388 1925 ac
1405 1849 1597 1927 Bernardo
1616 1851 1731 1927 Hum-

306 1974 409 2053 baldi
425 1979 738 2057 Barchinonensis
755 1979 932 2066 diocesis,
951 1978 1088 2057 clerieo
1105 1978 1310 2058 Guillelmo
1327 1979 1517 2083 Radnlphi
1535 1980 1582 2055 de
1602 1998 1729 2057 saneto

306 2105 418 2185 Floro
443 2109 763 2188 Claromontensis
790 2107 965 2198 diocesis,
1002 2108 1166 2197 clericis,
1197 2108 1352 2185 notariis
1380 2106 1558 2212 publicis,
1589 2109 1730 2214 quibus

308 2254 527 2341 preceptum
541 2236 615 2313 suit
627 2265 696 2341 per
710 2236 830 2313 dictos
849 2236 1026 2314 dominos
1040 2237 1331 2324 commissarios,
1347 2237 1452 2342 quod
1471 2238 1730 2343 redigeremus

309 2366 522 2468 supradicta
541 2365 669 2439 omnia
687 2382 725 2438 et
742 2365 889 2464 singula
907 2367 947 2439 in
965 2394 1203 2470 processum,
1226 2381 1265 2442 et
1286 2366 1391 2469 quod
1410 2367 1458 2444 de
1478 2368 1552 2443 hiis
1572 2369 1731 2445 conlice-

308 2491 606 2596 remus‘publiea
624 2490 884 2566 instrumenta.

361 2753 451 2831 Post
469 2753 540 2829 hec
559 2745 824 2827 incrastinum
842 2743 976 2854 prelati
992 2744 1138 2823 domini
1154 2747 1418 2840 commissarii,
1435 2749 1476 2826 in
1491 2750 1627 2828 eodem
1645 2753 1730 2831 loco

307 2882 537 2989 congregati,
558 2882 833 2986 deputaverunt
852 2876 1106 2983 infrascriptos
1129 2878 1304 2970 nuncios,
1325 2879 1499 2956 videlicet
1517 2880 1729 2959 lohannem

269 3062 272 3068 n
307 3011 354 3090 de
383 3015 502 3090 Bosco
529 3011 578 3088 ad
603 3009 832 3117 provinciam
859 3007 1133 3097 senonensem,
1165 3008 1428 3086 Jacomardum
1457 3009 1503 3085 de
1531 3011 1656 3088 Insula
1683 3013 1729 3089 ad

308 3141 537 3247 provinciam
560 3143 801 3225 Remensem,
827 3136 1035 3221 Robertum
1066 3138 1248 3215 Bernardi
1272 3139 1326 3214 ad
1341 3139 1569 3245 provinciam
1590 3142 1730 3219 Rotho-

309 3298 540 3378 magensem,
563 3267 742 3345 Colinum
766 3266 813 3342 de
834 3265 1012 3344 Atrebato
1033 3266 1081 3342 ad
1101 3268 1330 3373 provinciam
1353 3270 1631 3360 Turonensem,
1660 3274 1729 3350 Pe-

307 3417 410 3497 trum
438 3397 624 3477 Cochardi
644 3397 692 3475 ad
711 3396 940 3502 provinciam
961 3396 1271 3502 Lugdunensem,
1291 3399 1542 3476 Laurencium
1562 3398 1610 3475 de
1634 3403 1730 3477 Nan-

306 3550 404 3611 terre
424 3530 474 3607 ad
495 3510 724 3637 provinciam
741 3527 1013 3607 Bituricensem
1033 3544 1071 3604 et
1091 3527 1140 3604 ad
1158 3527 1395 3622 Aniciensem
1420 3548 1458 3607 et
1476 3530 1729 3609 Vivariensem

308 3663 517 3770 episcopos,
549 3659 734 3738 Jacobum
756 3659 804 3737 de
831 3659 1039 3766 Parvocayo
1062 3657 1111 3736 ad
1132 3659 1362 3764 provinciam
1389 3661 1727 3767 Burdegalensem,

307 3794 518 3873 iohannem
536 3792 709 3869 Pilavena
732 3789 780 3867 ad
807 3790 1037 3897 provinciam
1064 3788 1364 3882 Narbonensem,
1391 3791 1657 3869 Theobaldum
1680 3789 1728 3868 de

308 3921 515 4025 Andegavis
539 3922 587 3997 ad
605 3920 836 4025 provinciam
853 3920 1092 4009 Auxitanam,
1114 3922 1181 4027 qni
1206 3950 1227 3998 a
1251 3922 1453 4028 fidedignis
1477 3923 1525 3998 de
1547 3921 1727 3998 fidelitate

307 4048 561 4129 commendati
575 4047 729 4126 luerunt
747 4050 909 4139 eisdem,
932 4078 1065 4128 eorum
1084 4068 1207 4128 certos
1232 4068 1270 4127 et
1288 4051 1467 4155 speciales
1481 4050 1658 4139 nuncios,
1680 4048 1727 4126 ad

306 4177 604 4287 presentandum·
615 4177 758 4254 litteras
771 4179 1011 4282 supradictas,
1030 4178 1131 4255 etad
1149 4178 1413 4281 exequendum
1425 4175 1498 4253 alia
1512 4176 1560 4254 ad
1572 4206 1727 4285 presens

307 4310 507 4418 negocium
526 4308 770 4414 pertinentia,
790 4336 864 4413 que
880 4336 902 4384 a
916 4307 1025 4383 dietis
1044 4306 1208 4383 dominis
1229 4306 1490 4386 commissariis
1508 4308 1649 4386 luerint
1668 4311 1726 4386 in·

303 4441 433 4547 juncta
453 4439 606 4517 eisdem.
629 4439 707 4534 Qui
728 4438 818 4515 dicti
837 4439 984 4527 nuncii,
1008 4437 1116 4515 tactis
1139 4439 1380 4517 saerosanctis
1393 4440 1618 4546 Evangeliis,
1640 4467 1725 4545 pre-

308 4569 477 4649 sentibus
503 4570 666 4647 dominis
694 4569 960 4648 commissoriis
981 4568 1221 4675 supradictis,
1242 4570 1465 4676 juraverunt
1490 4570 1633 4647 litteras
1661 4598 1725 4647 eo-

305 4701 481 4782 rumdem
505 4702 749 4780 dominorum
767 4702 1109 4780 commissariorum
1129 4701 1338 4808 diligenter,
1359 4699 1524 4783 fideliter
1548 4717 1586 4779 et
1605 4728 1720 4808 quam

304 4836 412 4936 prius
430 4835 589 4912 comode
608 4851 803 4942 poterunt,
824 4834 914 4927 illis,
936 4833 1075 4942 quibus
1097 4838 1179 4941 per<
1191 4859 1255 4911 eos
1274 4833 1372 4912 dicte
1391 4832 1514 4911 littere
1536 4832 1724 4910 destinan-
