<?xml version="1.0" encoding="UTF-8"?>
<!DOCTYPE html PUBLIC "-//W3C//DTD XHTML 1.0 Transitional//EN"
    "http://www.w3.org/TR/xhtml1/DTD/xhtml1-transitional.dtd">
<html xmlns="http://www.w3.org/1999/xhtml" xml:lang="en" lang="en">
 <head>
  <title>
</title>
<meta http-equiv="Content-Type" content="text/html;charset=utf-8" />
  <meta name='ocr-system' content='tesseract 3.04.00' />
  <meta name='ocr-capabilities' content='ocr_page ocr_carea ocr_par ocr_line ocrx_word'/>
</head>
<body>
  <div class='ocr_page' id='page_1' title='image "./procsdestemplie02defegoog_0146.png"; bbox 0 0 4080 6052; ppageno 0'>
   <div class='ocr_carea' id='block_1_1' title="bbox 516 519 1538 614">
    <p class='ocr_par' dir='ltr' id='par_1_1' title="bbox 516 519 1538 614">
     <span class='ocr_line' id='line_1_1' title="bbox 516 519 1538 614; baseline -0.009 -2"><span class='ocrx_word' id='word_1_1' title='bbox 516 544 585 614; x_wconf 86' lang='lat'>128</span> <span class='ocrx_word' id='word_1_2' title='bbox 897 519 1090 612; x_wconf 75' lang='lat' dir='ltr'>procus</span> <span class='ocrx_word' id='word_1_3' title='bbox 1117 536 1212 611; x_wconf 83' lang='lat' dir='ltr'>ors</span> <span class='ocrx_word' id='word_1_4' title='bbox 1239 535 1538 608; x_wconf 78' lang='lat' dir='ltr'>rrurrrnus</span> 
     </span>
    </p>
   </div>
   <div class='ocr_carea' id='block_1_2' title="bbox 486 671 1941 2178">
    <p class='ocr_par' dir='ltr' id='par_1_2' title="bbox 511 671 1932 1307">
     <span class='ocr_line' id='line_1_2' title="bbox 511 671 1931 787; baseline -0.008 -27"><span class='ocrx_word' id='word_1_5' title='bbox 511 683 684 760; x_wconf 84' lang='lat' dir='ltr'>ordinem</span> <span class='ocrx_word' id='word_1_6' title='bbox 710 682 757 757; x_wconf 89' lang='lat' dir='ltr'>de</span> <span class='ocrx_word' id='word_1_7' title='bbox 778 682 882 787; x_wconf 91' lang='lat' dir='ltr'>jure,</span> <span class='ocrx_word' id='word_1_8' title='bbox 905 681 977 757; x_wconf 92' lang='lat' dir='ltr'>nisi</span> <span class='ocrx_word' id='word_1_9' title='bbox 1000 679 1124 756; x_wconf 90' lang='lat' dir='ltr'>trihus</span> <span class='ocrx_word' id='word_1_10' title='bbox 1148 678 1236 765; x_wconf 88' lang='lat' dir='ltr'>viis,</span> <span class='ocrx_word' id='word_1_11' title='bbox 1263 692 1327 752; x_wconf 90' lang='lat' dir='ltr'>aut</span> <span class='ocrx_word' id='word_1_12' title='bbox 1350 675 1466 752; x_wconf 84' lang='lat' dir='ltr'>altera</span> <span class='ocrx_word' id='word_1_13' title='bbox 1490 671 1729 762; x_wconf 91' lang='lat' dir='ltr'>eorumdem,</span> <span class='ocrx_word' id='word_1_14' title='bbox 1756 671 1931 750; x_wconf 87' lang='lat' dir='ltr'>videlicet</span> 
     </span>
     <span class='ocr_line' id='line_1_3' title="bbox 511 804 1932 913; baseline -0.004 -26"><span class='ocrx_word' id='word_1_15' title='bbox 511 815 569 890; x_wconf 88' lang='lat' dir='ltr'>via</span> <span class='ocrx_word' id='word_1_16' title='bbox 585 811 848 900; x_wconf 91' lang='lat' dir='ltr'>accusacionis,</span> <span class='ocrx_word' id='word_1_17' title='bbox 868 808 1184 897; x_wconf 84' lang='lat' dir='ltr'>denunciacionis,</span> <span class='ocrx_word' id='word_1_18' title='bbox 1204 835 1273 884; x_wconf 91' lang='lat' dir='ltr'>seu</span> <span class='ocrx_word' id='word_1_19' title='bbox 1289 804 1414 883; x_wconf 86' lang='lat' dir='ltr'>officio</span> <span class='ocrx_word' id='word_1_20' title='bbox 1427 805 1585 913; x_wconf 50' lang='lat' dir='ltr'>judicia</span> <span class='ocrx_word' id='word_1_21' title='bbox 1604 804 1706 880; x_wconf 89' lang='lat' dir='ltr'>unde</span> <span class='ocrx_word' id='word_1_22' title='bbox 1724 819 1813 907; x_wconf 90' lang='lat' dir='ltr'>peto</span> <span class='ocrx_word' id='word_1_23' title='bbox 1825 804 1932 909; x_wconf 89' lang='lat' dir='ltr'>quod</span> 
     </span>
     <span class='ocr_line' id='line_1_4' title="bbox 512 935 1929 1044; baseline -0.006 -26"><span class='ocrx_word' id='word_1_24' title='bbox 512 943 543 1018; x_wconf 91' lang='lat' dir='ltr'>si</span> <span class='ocrx_word' id='word_1_25' title='bbox 562 944 620 1018; x_wconf 81' lang='lat' dir='ltr'>via</span> <span class='ocrx_word' id='word_1_26' title='bbox 637 938 889 1025; x_wconf 84' lang='lat' dir='ltr'>accusacionis</span> <span class='ocrx_word' id='word_1_27' title='bbox 913 939 1026 1015; x_wconf 89' lang='lat' dir='ltr'>vultis</span> <span class='ocrx_word' id='word_1_28' title='bbox 1044 936 1267 1044; x_wconf 84' lang='lat' dir='ltr'>procedere,</span> <span class='ocrx_word' id='word_1_29' title='bbox 1289 935 1394 1042; x_wconf 88' lang='lat' dir='ltr'>quod</span> <span class='ocrx_word' id='word_1_30' title='bbox 1415 950 1588 1040; x_wconf 81' lang='lat' dir='ltr'>appareat</span> <span class='ocrx_word' id='word_1_31' title='bbox 1606 949 1807 1020; x_wconf 87' lang='lat' dir='ltr'>accusator,</span> <span class='ocrx_word' id='word_1_32' title='bbox 1830 949 1867 1010; x_wconf 87' lang='lat' dir='ltr'>et</span> <span class='ocrx_word' id='word_1_33' title='bbox 1889 962 1929 1010; x_wconf 87' lang='lat' dir='ltr'>se</span> 
     </span>
     <span class='ocr_line' id='line_1_5' title="bbox 511 1062 1931 1179; baseline -0.006 -30"><span class='ocrx_word' id='word_1_34' title='bbox 511 1072 655 1179; x_wconf 86' lang='lat' dir='ltr'>obliget</span> <span class='ocrx_word' id='word_1_35' title='bbox 679 1071 726 1147; x_wconf 92' lang='lat' dir='ltr'>ad</span> <span class='ocrx_word' id='word_1_36' title='bbox 749 1098 886 1175; x_wconf 85' lang='lat' dir='ltr'>penam</span> <span class='ocrx_word' id='word_1_37' title='bbox 912 1069 1079 1157; x_wconf 89' lang='lat' dir='ltr'>talionis,</span> <span class='ocrx_word' id='word_1_38' title='bbox 1104 1085 1141 1144; x_wconf 92' lang='lat' dir='ltr'>et</span> <span class='ocrx_word' id='word_1_39' title='bbox 1165 1083 1290 1144; x_wconf 80' lang='lat' dir='ltr'><strong>caveat</strong></span> <span class='ocrx_word' id='word_1_40' title='bbox 1310 1065 1356 1142; x_wconf 90' lang='lat' dir='ltr'>de</span> <span class='ocrx_word' id='word_1_41' title='bbox 1381 1065 1446 1142; x_wconf 89' lang='lat' dir='ltr'>lite</span> <span class='ocrx_word' id='word_1_42' title='bbox 1466 1062 1744 1170; x_wconf 88' lang='lat' dir='ltr'>prosequenda,</span> <span class='ocrx_word' id='word_1_43' title='bbox 1767 1080 1806 1139; x_wconf 92' lang='lat' dir='ltr'>et</span> <span class='ocrx_word' id='word_1_44' title='bbox 1823 1065 1931 1141; x_wconf 87' lang='lat' dir='ltr'>resti-</span> 
     </span>
     <span class='ocr_line' id='line_1_6' title="bbox 512 1200 1197 1307; baseline -0.004 -29"><span class='ocrx_word' id='word_1_45' title='bbox 512 1202 666 1280; x_wconf 84' lang='lat' dir='ltr'><strong>tuendis</strong></span> <span class='ocrx_word' id='word_1_46' title='bbox 685 1200 874 1306; x_wconf 82' lang='lat' dir='ltr'>expensis,</span> <span class='ocrx_word' id='word_1_47' title='bbox 895 1200 927 1276; x_wconf 91' lang='lat' dir='ltr'>si</span> <span class='ocrx_word' id='word_1_48' title='bbox 949 1200 1105 1307; x_wconf 89' lang='lat' dir='ltr'>injuste,</span> <span class='ocrx_word' id='word_1_49' title='bbox 1128 1215 1197 1275; x_wconf 87' lang='lat' dir='ltr'>etc.</span> 
     </span>
    </p>

    <p class='ocr_par' dir='ltr' id='par_1_3' title="bbox 514 1321 1941 1692">
     <span class='ocr_line' id='line_1_7' title="bbox 569 1321 1941 1436; baseline -0.003 -29"><span class='ocrx_word' id='word_1_50' title='bbox 569 1332 682 1417; x_wconf 88' lang='lat' dir='ltr'>Item,</span> <span class='ocrx_word' id='word_1_51' title='bbox 703 1330 787 1419; x_wconf 89' lang='lat' dir='ltr'>dico</span> <span class='ocrx_word' id='word_1_52' title='bbox 804 1329 909 1436; x_wconf 92' lang='lat' dir='ltr'>quod</span> <span class='ocrx_word' id='word_1_53' title='bbox 923 1329 954 1405; x_wconf 93' lang='lat' dir='ltr'>si</span> <span class='ocrx_word' id='word_1_54' title='bbox 968 1330 1028 1405; x_wconf 77' lang='lat' dir='ltr'>uia</span> <span class='ocrx_word' id='word_1_55' title='bbox 1046 1327 1352 1410; x_wconf 85' lang='lat' dir='ltr'>denunciacionis</span> <span class='ocrx_word' id='word_1_56' title='bbox 1371 1325 1567 1403; x_wconf 85' lang='lat' dir='ltr'>intenditis</span> <span class='ocrx_word' id='word_1_57' title='bbox 1584 1323 1807 1430; x_wconf 84' lang='lat' dir='ltr'>procedere,</span> <span class='ocrx_word' id='word_1_58' title='bbox 1822 1321 1941 1432; x_wconf 84' lang='lat' dir='ltr'>quod</span> 
     </span>
     <span class='ocr_line' id='line_1_8' title="bbox 514 1455 1934 1565; baseline -0.004 -27"><span class='ocrx_word' id='word_1_59' title='bbox 514 1491 590 1541; x_wconf 91' lang='lat' dir='ltr'>non</span> <span class='ocrx_word' id='word_1_60' title='bbox 616 1478 672 1537; x_wconf 89' lang='lat' dir='ltr'>est</span> <span class='ocrx_word' id='word_1_61' title='bbox 698 1459 911 1541; x_wconf 82' lang='lat' dir='ltr'>audiendus</span> <span class='ocrx_word' id='word_1_62' title='bbox 932 1459 1191 1550; x_wconf 86' lang='lat' dir='ltr'>denunciator,</span> <span class='ocrx_word' id='word_1_63' title='bbox 1215 1457 1306 1565; x_wconf 83' lang='lat' dir='ltr'>quia</span> <span class='ocrx_word' id='word_1_64' title='bbox 1330 1475 1415 1534; x_wconf 90' lang='lat' dir='ltr'>ante</span> <span class='ocrx_word' id='word_1_65' title='bbox 1442 1457 1775 1533; x_wconf 90' lang='lat' dir='ltr'>denunciacionem</span> <span class='ocrx_word' id='word_1_66' title='bbox 1800 1455 1934 1535; x_wconf 89' lang='lat' dir='ltr'>debuit</span> 
     </span>
     <span class='ocr_line' id='line_1_9' title="bbox 514 1583 1936 1692; baseline -0.004 -28"><span class='ocrx_word' id='word_1_67' title='bbox 514 1619 582 1668; x_wconf 92' lang='lat' dir='ltr'>nos</span> <span class='ocrx_word' id='word_1_68' title='bbox 602 1590 763 1665; x_wconf 87' lang='lat' dir='ltr'>lraterna</span> <span class='ocrx_word' id='word_1_69' title='bbox 784 1587 1023 1692; x_wconf 89' lang='lat' dir='ltr'>correpcione</span> <span class='ocrx_word' id='word_1_70' title='bbox 1044 1614 1216 1677; x_wconf 91' lang='lat' dir='ltr'>monere,</span> <span class='ocrx_word' id='word_1_71' title='bbox 1237 1585 1343 1691; x_wconf 93' lang='lat' dir='ltr'>quod</span> <span class='ocrx_word' id='word_1_72' title='bbox 1362 1583 1556 1663; x_wconf 80' lang='lat' dir='ltr'>non-lecit.</span> <span class='ocrx_word' id='word_1_73' title='bbox 1933 1666 1936 1671; x_wconf 56' lang='grc'>,</span> 
     </span>
    </p>

    <p class='ocr_par' dir='ltr' id='par_1_4' title="bbox 486 1710 1935 2178">
     <span class='ocr_line' id='line_1_10' title="bbox 570 1710 1934 1821; baseline -0.004 -25"><span class='ocrx_word' id='word_1_74' title='bbox 570 1721 681 1805; x_wconf 89' lang='lat' dir='ltr'>Item,</span> <span class='ocrx_word' id='word_1_75' title='bbox 704 1717 789 1794; x_wconf 91' lang='lat' dir='ltr'>dico</span> <span class='ocrx_word' id='word_1_76' title='bbox 809 1715 965 1821; x_wconf 91' lang='lat' dir='ltr'>quodsi</span> <span class='ocrx_word' id='word_1_77' title='bbox 986 1710 1110 1792; x_wconf 91' lang='lat' dir='ltr'>officio</span> <span class='ocrx_word' id='word_1_78' title='bbox 1130 1713 1335 1820; x_wconf 89' lang='lat' dir='ltr'>procedere</span> <span class='ocrx_word' id='word_1_79' title='bbox 1354 1713 1566 1804; x_wconf 84' lang='lat' dir='ltr'>intenditis,</span> <span class='ocrx_word' id='word_1_80' title='bbox 1587 1739 1735 1789; x_wconf 86' lang='lat' dir='ltr'>reservo</span> <span class='ocrx_word' id='word_1_81' title='bbox 1760 1713 1874 1792; x_wconf 91' lang='lat' dir='ltr'>michi</span> <span class='ocrx_word' id='word_1_82' title='bbox 1894 1733 1934 1792; x_wconf 90' lang='lat' dir='ltr'>et</span> 
     </span>
     <span class='ocr_line' id='line_1_11' title="bbox 515 1843 1933 1949; baseline -0.001 -26"><span class='ocrx_word' id='word_1_83' title='bbox 515 1848 631 1938; x_wconf 91' lang='lat' dir='ltr'>michi</span> <span class='ocrx_word' id='word_1_84' title='bbox 658 1845 929 1923; x_wconf 85' lang='lat' dir='ltr'>adherentibus</span> <span class='ocrx_word' id='word_1_85' title='bbox 953 1846 1122 1923; x_wconf 84' lang='lat' dir='ltr'>raciones</span> <span class='ocrx_word' id='word_1_86' title='bbox 1147 1861 1186 1920; x_wconf 90' lang='lat' dir='ltr'>et</span> <span class='ocrx_word' id='word_1_87' title='bbox 1202 1843 1450 1944; x_wconf 45' lang='lat' dir='ltr'>xdefensiones</span> <span class='ocrx_word' id='word_1_88' title='bbox 1475 1843 1739 1949; x_wconf 89' lang='lat' dir='ltr'>proponendas</span> <span class='ocrx_word' id='word_1_89' title='bbox 1762 1845 1933 1922; x_wconf 89' lang='lat' dir='ltr'>ordinato</span> 
     </span>
     <span class='ocr_line' id='line_1_12' title="bbox 514 1970 1935 2079; baseline -0.003 -27"><span class='ocrx_word' id='word_1_90' title='bbox 514 2003 708 2079; x_wconf 90' lang='lat' dir='ltr'>processu,</span> <span class='ocrx_word' id='word_1_91' title='bbox 731 2002 808 2051; x_wconf 91' lang='lat' dir='ltr'>non</span> <span class='ocrx_word' id='word_1_92' title='bbox 833 1973 1041 2078; x_wconf 81' lang='lat' dir='ltr'>astringens</span> <span class='ocrx_word' id='word_1_93' title='bbox 1064 1972 1105 2048; x_wconf 92' lang='lat' dir='ltr'>in</span> <span class='ocrx_word' id='word_1_94' title='bbox 1130 1972 1257 2079; x_wconf 89' lang='lat' dir='ltr'>aliquo</span> <span class='ocrx_word' id='word_1_95' title='bbox 1277 2000 1391 2076; x_wconf 91' lang='lat' dir='ltr'>super</span> <span class='ocrx_word' id='word_1_96' title='bbox 1417 1970 1492 2048; x_wconf 89' lang='lat' dir='ltr'>hiis</span> <span class='ocrx_word' id='word_1_97' title='bbox 1517 2002 1590 2077; x_wconf 89' lang='lat' dir='ltr'>que</span> <span class='ocrx_word' id='word_1_98' title='bbox 1617 1973 1734 2057; x_wconf 90' lang='lat' dir='ltr'>michi</span> <span class='ocrx_word' id='word_1_99' title='bbox 1755 1991 1792 2051; x_wconf 87' lang='lat' dir='ltr'>et</span> <span class='ocrx_word' id='word_1_100' title='bbox 1810 1974 1935 2051; x_wconf 88' lang='lat' dir='ltr'>ordini</span> 
     </span>
     <span class='ocr_line' id='line_1_13' title="bbox 486 2119 810 2178; baseline 0.003 -3"><span class='ocrx_word' id='word_1_101' title='bbox 486 2149 488 2152; x_wconf 55' lang='lat'><strong>&gt;</strong></span> <span class='ocrx_word' id='word_1_102' title='bbox 516 2119 605 2177; x_wconf 90' lang='lat' dir='ltr'>sunt</span> <span class='ocrx_word' id='word_1_103' title='bbox 625 2129 810 2178; x_wconf 88' lang='lat' dir='ltr'>concessa.</span> 
     </span>
    </p>
   </div>
   <div class='ocr_carea' id='block_1_3' title="bbox 515 2361 1972 2985">
    <p class='ocr_par' dir='ltr' id='par_1_5' title="bbox 515 2361 1972 2875">
     <span class='ocr_line' id='line_1_14' title="bbox 572 2361 1936 2471; baseline 0.003 -33"><span class='ocrx_word' id='word_1_104' title='bbox 572 2365 679 2450; x_wconf 85' lang='lat' dir='ltr'>Item,</span> <span class='ocrx_word' id='word_1_105' title='bbox 693 2361 766 2437; x_wconf 83' lang='lat' dir='ltr'>fuit</span> <span class='ocrx_word' id='word_1_106' title='bbox 781 2361 926 2438; x_wconf 86' lang='lat' dir='ltr'>ibidem</span> <span class='ocrx_word' id='word_1_107' title='bbox 940 2364 1105 2471; x_wconf 84' lang='lat' dir='ltr'>quedam</span> <span class='ocrx_word' id='word_1_108' title='bbox 1126 2365 1198 2441; x_wconf 86' lang='lat' dir='ltr'>alia</span> <span class='ocrx_word' id='word_1_109' title='bbox 1223 2364 1357 2442; x_wconf 87' lang='lat' dir='ltr'>cedula</span> <span class='ocrx_word' id='word_1_110' title='bbox 1378 2366 1520 2444; x_wconf 89' lang='lat' dir='ltr'>eisdem</span> <span class='ocrx_word' id='word_1_111' title='bbox 1541 2366 1705 2443; x_wconf 90' lang='lat' dir='ltr'>dominis</span> <span class='ocrx_word' id='word_1_112' title='bbox 1725 2365 1936 2442; x_wconf 86' lang='lat' dir='ltr'>commissa-</span> 
     </span>
     <span class='ocr_line' id='line_1_15' title="bbox 516 2491 1938 2607; baseline 0.004 -41"><span class='ocrx_word' id='word_1_113' title='bbox 516 2493 582 2569; x_wconf 90' lang='lat' dir='ltr'>riis</span> <span class='ocrx_word' id='word_1_114' title='bbox 598 2491 763 2570; x_wconf 85' lang='lat' dir='ltr'>exhibita</span> <span class='ocrx_word' id='word_1_115' title='bbox 778 2508 816 2569; x_wconf 87' lang='lat' dir='ltr'>et</span> <span class='ocrx_word' id='word_1_116' title='bbox 828 2493 981 2585; x_wconf 89' lang='lat' dir='ltr'>tradita,</span> <span class='ocrx_word' id='word_1_117' title='bbox 999 2518 1073 2600; x_wconf 89' lang='lat' dir='ltr'>que</span> <span class='ocrx_word' id='word_1_118' title='bbox 1089 2495 1232 2607; x_wconf 69' lang='lat' dir='ltr'>eisdem</span> <span class='ocrx_word' id='word_1_119' title='bbox 1251 2497 1363 2573; x_wconf 86' lang='lat' dir='ltr'>missa</span> <span class='ocrx_word' id='word_1_120' title='bbox 1379 2496 1493 2573; x_wconf 83' lang='lat' dir='ltr'>fuisse</span> <span class='ocrx_word' id='word_1_121' title='bbox 1512 2494 1707 2572; x_wconf 90' lang='lat' dir='ltr'>dicebatur</span> <span class='ocrx_word' id='word_1_122' title='bbox 1723 2524 1791 2599; x_wconf 92' lang='lat' dir='ltr'>per</span> <span class='ocrx_word' id='word_1_123' title='bbox 1807 2495 1938 2574; x_wconf 87' lang='lat' dir='ltr'>fratres</span> 
     </span>
     <span class='ocr_line' id='line_1_16' title="bbox 515 2621 1940 2727; baseline 0.004 -30"><span class='ocrx_word' id='word_1_124' title='bbox 515 2621 705 2725; x_wconf 90' lang='lat' dir='ltr'>predictos</span> <span class='ocrx_word' id='word_1_125' title='bbox 725 2621 792 2726; x_wconf 92' lang='lat' dir='ltr'>qui</span> <span class='ocrx_word' id='word_1_126' title='bbox 811 2621 906 2726; x_wconf 87' lang='lat' dir='ltr'>capti</span> <span class='ocrx_word' id='word_1_127' title='bbox 933 2621 1200 2698; x_wconf 87' lang='lat' dir='ltr'>detinebantur</span> <span class='ocrx_word' id='word_1_128' title='bbox 1224 2624 1327 2727; x_wconf 93' lang='lat' dir='ltr'>apud</span> <span class='ocrx_word' id='word_1_129' title='bbox 1344 2640 1514 2698; x_wconf 91' lang='lat' dir='ltr'>sanctum</span> <span class='ocrx_word' id='word_1_130' title='bbox 1526 2621 1739 2710; x_wconf 57' lang='lat' dir='ltr'>‚Martinam</span> <span class='ocrx_word' id='word_1_131' title='bbox 1759 2624 1806 2698; x_wconf 94' lang='lat' dir='ltr'>de</span> <span class='ocrx_word' id='word_1_132' title='bbox 1828 2625 1940 2702; x_wconf 86' lang='lat' dir='ltr'>Cam-</span> 
     </span>
     <span class='ocr_line' id='line_1_17' title="bbox 519 2748 1972 2875; baseline 0 -51"><span class='ocrx_word' id='word_1_133' title='bbox 519 2751 592 2854; x_wconf 86' lang='lat' dir='ltr'>pis,</span> <span class='ocrx_word' id='word_1_134' title='bbox 616 2750 722 2854; x_wconf 88' lang='lat' dir='ltr'>cujus</span> <span class='ocrx_word' id='word_1_135' title='bbox 743 2748 875 2825; x_wconf 89' lang='lat' dir='ltr'>cedule</span> <span class='ocrx_word' id='word_1_136' title='bbox 897 2766 1005 2826; x_wconf 90' lang='lat' dir='ltr'>tenor</span> <span class='ocrx_word' id='word_1_137' title='bbox 1024 2750 1196 2855; x_wconf 89' lang='lat' dir='ltr'>sequitur</span> <span class='ocrx_word' id='word_1_138' title='bbox 1216 2749 1255 2823; x_wconf 92' lang='lat' dir='ltr'>in</span> <span class='ocrx_word' id='word_1_139' title='bbox 1275 2750 1346 2825; x_wconf 90' lang='lat' dir='ltr'>hec</span> <span class='ocrx_word' id='word_1_140' title='bbox 1365 2749 1501 2825; x_wconf 84' lang='lat' dir='ltr'>verba:</span> <span class='ocrx_word' id='word_1_141' title='bbox 1959 2844 1972 2875; x_wconf 42' lang='grc' dir='ltr'><strong>ο</strong></span> 
     </span>
    </p>

    <p class='ocr_par' dir='ltr' id='par_1_6' title="bbox 575 2878 1941 2985">
     <span class='ocr_line' id='line_1_18' title="bbox 575 2878 1941 2985; baseline 0.001 -29"><span class='ocrx_word' id='word_1_142' title='bbox 575 2878 716 2957; x_wconf 66' lang='lat' dir='ltr'>«Vechi</span> <span class='ocrx_word' id='word_1_143' title='bbox 732 2879 787 2955; x_wconf 91' lang='lat' dir='ltr'>les</span> <span class='ocrx_word' id='word_1_144' title='bbox 801 2907 897 2955; x_wconf 88' lang='lat' dir='ltr'>nous</span> <span class='ocrx_word' id='word_1_145' title='bbox 919 2879 965 2955; x_wconf 93' lang='lat' dir='ltr'>de</span> <span class='ocrx_word' id='word_1_146' title='bbox 984 2878 1101 2955; x_wconf 83' lang='lat' dir='ltr'>freres</span> <span class='ocrx_word' id='word_1_147' title='bbox 1119 2878 1196 2956; x_wconf 90' lang='lat' dir='ltr'>deu</span> <span class='ocrx_word' id='word_1_148' title='bbox 1208 2879 1364 2985; x_wconf 89' lang='lat' dir='ltr'>Temple</span> <span class='ocrx_word' id='word_1_149' title='bbox 1384 2880 1451 2985; x_wconf 91' lang='lat' dir='ltr'>qui</span> <span class='ocrx_word' id='word_1_150' title='bbox 1472 2887 1597 2955; x_wconf 74' lang='lat' dir='ltr'>snnth</span> <span class='ocrx_word' id='word_1_151' title='bbox 1617 2897 1714 2957; x_wconf 91' lang='lat' dir='ltr'>sacte</span> <span class='ocrx_word' id='word_1_152' title='bbox 1735 2881 1871 2955; x_wconf 87' lang='lat' dir='ltr'>Martin</span> <span class='ocrx_word' id='word_1_153' title='bbox 1893 2881 1941 2958; x_wconf 90' lang='lat' dir='ltr'>de</span> 
     </span>
    </p>
   </div>
   <div class='ocr_carea' id='block_1_4' title="bbox 516 3009 1947 4929">
    <p class='ocr_par' dir='ltr' id='par_1_7' title="bbox 516 3009 1947 4929">
     <span class='ocr_line' id='line_1_19' title="bbox 520 3009 1942 3116; baseline 0.001 -31"><span class='ocrx_word' id='word_1_154' title='bbox 520 3010 662 3098; x_wconf 86' lang='lat' dir='ltr'>Chaos,</span> <span class='ocrx_word' id='word_1_155' title='bbox 682 3037 729 3085; x_wconf 92' lang='lat' dir='ltr'>en</span> <span class='ocrx_word' id='word_1_156' title='bbox 749 3009 785 3085; x_wconf 88' lang='lat' dir='ltr'>la</span> <span class='ocrx_word' id='word_1_157' title='bbox 804 3010 917 3114; x_wconf 83' lang='lat' dir='ltr'>garde</span> <span class='ocrx_word' id='word_1_158' title='bbox 935 3009 1151 3108; x_wconf 90' lang='lat' dir='ltr'>Guillaume</span> <span class='ocrx_word' id='word_1_159' title='bbox 1170 3009 1219 3089; x_wconf 88' lang='lat' dir='ltr'>de</span> <span class='ocrx_word' id='word_1_160' title='bbox 1232 3010 1433 3116; x_wconf 79' lang='lat' dir='ltr'>-Latengni</span> <span class='ocrx_word' id='word_1_161' title='bbox 1452 3009 1551 3089; x_wconf 90' lang='lat' dir='ltr'>C&#39;est</span> <span class='ocrx_word' id='word_1_162' title='bbox 1567 3018 1587 3085; x_wconf 78' lang='lat' dir='ltr'>a</span> <span class='ocrx_word' id='word_1_163' title='bbox 1604 3011 1735 3098; x_wconf 89' lang='lat' dir='ltr'>savoir,</span> <span class='ocrx_word' id='word_1_164' title='bbox 1757 3009 1856 3086; x_wconf 88' lang='grc' dir='ltr'>[τετε</span> <span class='ocrx_word' id='word_1_165' title='bbox 1876 3012 1942 3087; x_wconf 83' lang='lat' dir='ltr'>Te</span> 
     </span>
     <span class='ocr_line' id='line_1_20' title="bbox 518 3138 1940 3247; baseline 0.001 -31"><span class='ocrx_word' id='word_1_166' title='bbox 518 3156 608 3216; x_wconf 90' lang='lat' dir='ltr'>nant</span> <span class='ocrx_word' id='word_1_167' title='bbox 626 3139 673 3214; x_wconf 89' lang='lat' dir='ltr'>de</span> <span class='ocrx_word' id='word_1_168' title='bbox 690 3138 859 3217; x_wconf 88' lang='lat' dir='ltr'>Cunercs</span> <span class='ocrx_word' id='word_1_169' title='bbox 880 3140 1075 3232; x_wconf 86' lang='lat' dir='ltr'>chevalier,</span> <span class='ocrx_word' id='word_1_170' title='bbox 1096 3141 1234 3216; x_wconf 89' lang='lat' dir='ltr'>mesier</span> <span class='ocrx_word' id='word_1_171' title='bbox 1248 3140 1465 3219; x_wconf 89' lang='lat' dir='ltr'>Guillaume</span> <span class='ocrx_word' id='word_1_172' title='bbox 1485 3141 1532 3216; x_wconf 93' lang='lat' dir='ltr'>de</span> <span class='ocrx_word' id='word_1_173' title='bbox 1549 3141 1761 3247; x_wconf 81' lang='lat' dir='ltr'>Rontengni</span> <span class='ocrx_word' id='word_1_174' title='bbox 1778 3155 1940 3245; x_wconf 78' lang='lat' dir='ltr'>prestre,</span> 
     </span>
     <span class='ocr_line' id='line_1_21' title="bbox 517 3267 1937 3373; baseline 0.004 -30"><span class='ocrx_word' id='word_1_175' title='bbox 517 3269 656 3345; x_wconf 89' lang='lat' dir='ltr'>mesier</span> <span class='ocrx_word' id='word_1_176' title='bbox 684 3268 827 3344; x_wconf 85' lang='lat' dir='ltr'>Robert</span> <span class='ocrx_word' id='word_1_177' title='bbox 850 3269 886 3344; x_wconf 91' lang='lat' dir='ltr'>le</span> <span class='ocrx_word' id='word_1_178' title='bbox 911 3267 1073 3347; x_wconf 86' lang='lat' dir='ltr'>Camher</span> <span class='ocrx_word' id='word_1_179' title='bbox 1096 3285 1255 3373; x_wconf 89' lang='lat' dir='ltr'>prestre,</span> <span class='ocrx_word' id='word_1_180' title='bbox 1283 3271 1421 3346; x_wconf 89' lang='lat' dir='ltr'>mesier</span> <span class='ocrx_word' id='word_1_181' title='bbox 1449 3268 1590 3346; x_wconf 87' lang='lat' dir='ltr'>Robert</span> <span class='ocrx_word' id='word_1_182' title='bbox 1624 3269 1670 3345; x_wconf 91' lang='lat' dir='ltr'>de</span> <span class='ocrx_word' id='word_1_183' title='bbox 1699 3269 1937 3356; x_wconf 86' lang='lat' dir='ltr'>Gorenllore,</span> 
     </span>
     <span class='ocr_line' id='line_1_22' title="bbox 518 3395 1939 3503; baseline 0 -31"><span class='ocrx_word' id='word_1_184' title='bbox 518 3397 698 3503; x_wconf 89' lang='lat' dir='ltr'>Phelippe</span> <span class='ocrx_word' id='word_1_185' title='bbox 724 3398 770 3473; x_wconf 91' lang='lat' dir='ltr'>dc</span> <span class='ocrx_word' id='word_1_186' title='bbox 791 3397 930 3486; x_wconf 90' lang='lat' dir='ltr'>Mauri,</span> <span class='ocrx_word' id='word_1_187' title='bbox 951 3395 1048 3473; x_wconf 85' lang='grc' dir='ltr'>[τετε</span> <span class='ocrx_word' id='word_1_188' title='bbox 1068 3396 1285 3475; x_wconf 88' lang='lat' dir='ltr'>Guillialme</span> <span class='ocrx_word' id='word_1_189' title='bbox 1306 3397 1353 3473; x_wconf 88' lang='lat' dir='ltr'>de</span> <span class='ocrx_word' id='word_1_190' title='bbox 1374 3397 1409 3472; x_wconf 89' lang='lat' dir='ltr'>la</span> <span class='ocrx_word' id='word_1_191' title='bbox 1429 3396 1581 3484; x_wconf 89' lang='lat' dir='ltr'>Plache‚</span> <span class='ocrx_word' id='word_1_192' title='bbox 1604 3396 1701 3473; x_wconf 88' lang='grc' dir='ltr'>[τετε</span> <span class='ocrx_word' id='word_1_193' title='bbox 1723 3399 1874 3475; x_wconf 86' lang='lat' dir='ltr'>Henrici</span> <span class='ocrx_word' id='word_1_194' title='bbox 1894 3397 1939 3474; x_wconf 89' lang='lat' dir='ltr'>dc</span> 
     </span>
     <span class='ocr_line' id='line_1_23' title="bbox 518 3524 1941 3631; baseline -0.001 -29"><span class='ocrx_word' id='word_1_195' title='bbox 518 3527 770 3631; x_wconf 84' lang='lat' dir='ltr'>Compingne‚</span> <span class='ocrx_word' id='word_1_196' title='bbox 790 3525 887 3601; x_wconf 81' lang='lat' dir='ltr'>frere</span> <span class='ocrx_word' id='word_1_197' title='bbox 907 3527 1028 3602; x_wconf 90' lang='lat' dir='ltr'>Johan</span> <span class='ocrx_word' id='word_1_198' title='bbox 1050 3527 1096 3602; x_wconf 91' lang='lat' dir='ltr'>de</span> <span class='ocrx_word' id='word_1_199' title='bbox 1117 3527 1318 3603; x_wconf 89' lang='lat' dir='ltr'>Rolencort</span> <span class='ocrx_word' id='word_1_200' title='bbox 1337 3527 1371 3602; x_wconf 92' lang='lat' dir='ltr'>le</span> <span class='ocrx_word' id='word_1_201' title='bbox 1390 3525 1490 3614; x_wconf 90' lang='lat' dir='ltr'>Gris,</span> <span class='ocrx_word' id='word_1_202' title='bbox 1511 3524 1608 3603; x_wconf 91' lang='grc' dir='ltr'>[τετε</span> <span class='ocrx_word' id='word_1_203' title='bbox 1626 3528 1748 3604; x_wconf 87' lang='lat' dir='ltr'>lohen</span> <span class='ocrx_word' id='word_1_204' title='bbox 1774 3528 1821 3604; x_wconf 89' lang='lat' dir='ltr'>de</span> <span class='ocrx_word' id='word_1_205' title='bbox 1848 3529 1941 3606; x_wconf 89' lang='lat' dir='ltr'>saint</span> 
     </span>
     <span class='ocr_line' id='line_1_24' title="bbox 516 3652 1940 3760; baseline 0.003 -33"><span class='ocrx_word' id='word_1_206' title='bbox 516 3656 612 3742; x_wconf 89' lang='lat' dir='ltr'>Just,</span> <span class='ocrx_word' id='word_1_207' title='bbox 636 3652 733 3727; x_wconf 86' lang='lat' dir='ltr'>frere</span> <span class='ocrx_word' id='word_1_208' title='bbox 756 3653 895 3729; x_wconf 88' lang='lat' dir='ltr'>Michcl</span> <span class='ocrx_word' id='word_1_209' title='bbox 915 3656 1064 3731; x_wconf 89' lang='lat' dir='ltr'>Monset</span> <span class='ocrx_word' id='word_1_210' title='bbox 1089 3655 1292 3731; x_wconf 86' lang='lat' dir='ltr'>d&#39;Amiens.</span> <span class='ocrx_word' id='word_1_211' title='bbox 1316 3655 1360 3731; x_wconf 90' lang='lat' dir='ltr'>Li</span> <span class='ocrx_word' id='word_1_212' title='bbox 1385 3654 1480 3760; x_wconf 91' lang='lat' dir='ltr'>quili</span> <span class='ocrx_word' id='word_1_213' title='bbox 1507 3673 1574 3731; x_wconf 91' lang='lat' dir='ltr'>ont</span> <span class='ocrx_word' id='word_1_214' title='bbox 1599 3656 1789 3760; x_wconf 91' lang='lat' dir='ltr'>respondu</span> <span class='ocrx_word' id='word_1_215' title='bbox 1809 3666 1828 3732; x_wconf 78' lang='lat' dir='ltr'>a</span> <span class='ocrx_word' id='word_1_216' title='bbox 1848 3657 1940 3734; x_wconf 90' lang='lat' dir='ltr'>clers</span> 
     </span>
     <span class='ocr_line' id='line_1_25' title="bbox 520 3782 1943 3892; baseline 0 -31"><span class='ocrx_word' id='word_1_217' title='bbox 520 3784 586 3889; x_wconf 90' lang='lat' dir='ltr'>qui</span> <span class='ocrx_word' id='word_1_218' title='bbox 604 3811 701 3859; x_wconf 92' lang='lat' dir='ltr'>nous</span> <span class='ocrx_word' id='word_1_219' title='bbox 719 3782 845 3858; x_wconf 84' lang='lat' dir='ltr'>lurent</span> <span class='ocrx_word' id='word_1_220' title='bbox 860 3785 990 3860; x_wconf 75' lang='lat' dir='ltr'>envoie</span> <span class='ocrx_word' id='word_1_221' title='bbox 1008 3785 1055 3859; x_wconf 90' lang='lat' dir='ltr'>da</span> <span class='ocrx_word' id='word_1_222' title='bbox 1067 3814 1151 3890; x_wconf 91' lang='lat' dir='ltr'>pars</span> <span class='ocrx_word' id='word_1_223' title='bbox 1167 3813 1264 3862; x_wconf 92' lang='lat' dir='ltr'>nous</span> <span class='ocrx_word' id='word_1_224' title='bbox 1281 3813 1437 3891; x_wconf 86' lang='lat' dir='ltr'>segnors</span> <span class='ocrx_word' id='word_1_225' title='bbox 1454 3785 1508 3862; x_wconf 90' lang='lat' dir='ltr'>les</span> <span class='ocrx_word' id='word_1_226' title='bbox 1527 3788 1664 3892; x_wconf 89' lang='lat' dir='ltr'>prelas,</span> <span class='ocrx_word' id='word_1_227' title='bbox 1687 3817 1761 3892; x_wconf 89' lang='lat' dir='ltr'>que</span> <span class='ocrx_word' id='word_1_228' title='bbox 1782 3787 1810 3862; x_wconf 89' lang='lat' dir='ltr'>il</span> <span class='ocrx_word' id='word_1_229' title='bbox 1827 3814 1876 3863; x_wconf 91' lang='lat' dir='ltr'>ne</span> <span class='ocrx_word' id='word_1_230' title='bbox 1897 3786 1915 3861; x_wconf 85' lang='lat' dir='ltr'><strong>f</strong></span> <span class='ocrx_word' id='word_1_231' title='bbox 1932 3834 1943 3846; x_wconf 92' lang='lat'><em>-</em></span> 
     </span>
     <span class='ocr_line' id='line_1_26' title="bbox 518 3911 1942 4021; baseline 0.003 -32"><span class='ocrx_word' id='word_1_232' title='bbox 518 3930 606 3990; x_wconf 92' lang='lat' dir='ltr'>ront</span> <span class='ocrx_word' id='word_1_233' title='bbox 623 3941 830 4019; x_wconf 83' lang='lat' dir='ltr'>procureur</span> <span class='ocrx_word' id='word_1_234' title='bbox 851 3911 927 3991; x_wconf 84' lang='lat' dir='ltr'>sors</span> <span class='ocrx_word' id='word_1_235' title='bbox 947 3942 1020 4018; x_wconf 90' lang='lat' dir='ltr'>que</span> <span class='ocrx_word' id='word_1_236' title='bbox 1043 3916 1228 3991; x_wconf 90' lang='lat' dir='ltr'>chuscuns</span> <span class='ocrx_word' id='word_1_237' title='bbox 1245 3944 1343 4020; x_wconf 91' lang='lat' dir='ltr'>pour</span> <span class='ocrx_word' id='word_1_238' title='bbox 1362 3916 1390 3990; x_wconf 93' lang='lat' dir='ltr'>li</span> <span class='ocrx_word' id='word_1_239' title='bbox 1409 3944 1456 4021; x_wconf 79' lang='lat' dir='ltr'>en</span> <span class='ocrx_word' id='word_1_240' title='bbox 1481 3945 1520 3992; x_wconf 90' lang='lat' dir='ltr'>se</span> <span class='ocrx_word' id='word_1_241' title='bbox 1545 3946 1747 4021; x_wconf 88' lang='lat' dir='ltr'>personne,</span> <span class='ocrx_word' id='word_1_242' title='bbox 1773 3935 1810 3993; x_wconf 89' lang='lat' dir='ltr'>et</span> <span class='ocrx_word' id='word_1_243' title='bbox 1835 3946 1942 3995; x_wconf 90' lang='lat' dir='ltr'>acon·</span> 
     </span>
     <span class='ocr_line' id='line_1_27' title="bbox 518 4042 1941 4150; baseline 0.005 -35"><span class='ocrx_word' id='word_1_244' title='bbox 518 4042 658 4120; x_wconf 83' lang='lat' dir='ltr'>lortant</span> <span class='ocrx_word' id='word_1_245' title='bbox 676 4070 744 4120; x_wconf 91' lang='lat' dir='ltr'>nos</span> <span class='ocrx_word' id='word_1_246' title='bbox 764 4060 958 4148; x_wconf 87' lang='lat' dir='ltr'>requestes</span> <span class='ocrx_word' id='word_1_247' title='bbox 980 4059 1018 4119; x_wconf 87' lang='lat' dir='ltr'>et</span> <span class='ocrx_word' id='word_1_248' title='bbox 1036 4072 1105 4120; x_wconf 91' lang='lat' dir='ltr'>nos</span> <span class='ocrx_word' id='word_1_249' title='bbox 1126 4042 1313 4134; x_wconf 85' lang='lat' dir='ltr'>defenses‚</span> <span class='ocrx_word' id='word_1_250' title='bbox 1335 4072 1410 4150; x_wconf 91' lang='lat' dir='ltr'>que</span> <span class='ocrx_word' id='word_1_251' title='bbox 1431 4044 1458 4121; x_wconf 92' lang='lat' dir='ltr'>li</span> <span class='ocrx_word' id='word_1_252' title='bbox 1480 4045 1537 4121; x_wconf 88' lang='lat' dir='ltr'>dit</span> <span class='ocrx_word' id='word_1_253' title='bbox 1557 4046 1675 4124; x_wconf 89' lang='lat' dir='ltr'>clerec</span> <span class='ocrx_word' id='word_1_254' title='bbox 1693 4062 1760 4121; x_wconf 91' lang='lat' dir='ltr'>ont</span> <span class='ocrx_word' id='word_1_255' title='bbox 1775 4073 1857 4120; x_wconf 83' lang='lat' dir='ltr'>vers</span> <span class='ocrx_word' id='word_1_256' title='bbox 1880 4075 1941 4133; x_wconf 88' lang='lat' dir='ltr'>en,</span> 
     </span>
     <span class='ocr_line' id='line_1_28' title="bbox 520 4172 1944 4278; baseline 0.005 -35"><span class='ocrx_word' id='word_1_257' title='bbox 520 4199 587 4246; x_wconf 92' lang='lat' dir='ltr'>nos</span> <span class='ocrx_word' id='word_1_258' title='bbox 611 4201 818 4278; x_wconf 89' lang='lat' dir='ltr'>requerens</span> <span class='ocrx_word' id='word_1_259' title='bbox 843 4181 863 4247; x_wconf 78' lang='lat' dir='ltr'>a</span> <span class='ocrx_word' id='word_1_260' title='bbox 889 4173 990 4249; x_wconf 89' lang='lat' dir='ltr'>avoir</span> <span class='ocrx_word' id='word_1_261' title='bbox 1014 4173 1049 4249; x_wconf 88' lang='lat' dir='ltr'>le</span> <span class='ocrx_word' id='word_1_262' title='bbox 1077 4175 1204 4251; x_wconf 90' lang='lat' dir='ltr'>consel</span> <span class='ocrx_word' id='word_1_263' title='bbox 1229 4175 1276 4251; x_wconf 92' lang='lat' dir='ltr'>de</span> <span class='ocrx_word' id='word_1_264' title='bbox 1301 4175 1457 4251; x_wconf 89' lang='lat' dir='ltr'>messire</span> <span class='ocrx_word' id='word_1_265' title='bbox 1484 4177 1629 4251; x_wconf 88' lang='lat' dir='ltr'>Renaut</span> <span class='ocrx_word' id='word_1_266' title='bbox 1654 4175 1700 4247; x_wconf 91' lang='lat' dir='ltr'>de</span> <span class='ocrx_word' id='word_1_267' title='bbox 1722 4172 1873 4260; x_wconf 92' lang='lat' dir='ltr'>Pruins,</span> <span class='ocrx_word' id='word_1_268' title='bbox 1897 4176 1944 4250; x_wconf 92' lang='lat' dir='ltr'>de</span> 
     </span>
     <span class='ocr_line' id='line_1_29' title="bbox 522 4301 1946 4410; baseline 0.004 -37"><span class='ocrx_word' id='word_1_269' title='bbox 522 4301 678 4376; x_wconf 91' lang='lat' dir='ltr'>messire</span> <span class='ocrx_word' id='word_1_270' title='bbox 697 4303 803 4379; x_wconf 90' lang='lat' dir='ltr'>Piere</span> <span class='ocrx_word' id='word_1_271' title='bbox 822 4303 869 4379; x_wconf 91' lang='lat' dir='ltr'>dc</span> <span class='ocrx_word' id='word_1_272' title='bbox 888 4305 1067 4409; x_wconf 85' lang='lat' dir='ltr'>Bnnogna</span> <span class='ocrx_word' id='word_1_273' title='bbox 1085 4323 1264 4410; x_wconf 86' lang='lat' dir='ltr'>prestres,</span> <span class='ocrx_word' id='word_1_274' title='bbox 1284 4305 1332 4382; x_wconf 92' lang='lat' dir='ltr'>de</span> <span class='ocrx_word' id='word_1_275' title='bbox 1353 4304 1449 4382; x_wconf 84' lang='grc' dir='ltr'>[τετε</span> <span class='ocrx_word' id='word_1_276' title='bbox 1471 4303 1665 4399; x_wconf 81' lang='lat' dir='ltr'>Guilleme.</span> <span class='ocrx_word' id='word_1_277' title='bbox 1680 4301 1946 4380; x_wconf 87' lang='lat' dir='ltr'>Chamhonnet</span> 
     </span>
     <span class='ocr_line' id='line_1_30' title="bbox 519 4429 1947 4537; baseline 0.006 -35"><span class='ocrx_word' id='word_1_278' title='bbox 519 4429 712 4518; x_wconf 73' lang='lat' dir='ltr'>chevalier,</span> <span class='ocrx_word' id='word_1_279' title='bbox 742 4447 779 4506; x_wconf 89' lang='lat' dir='ltr'>et</span> <span class='ocrx_word' id='word_1_280' title='bbox 808 4429 855 4506; x_wconf 84' lang='lat' dir='ltr'>de</span> <span class='ocrx_word' id='word_1_281' title='bbox 881 4430 1043 4537; x_wconf 91' lang='lat' dir='ltr'>plusaire</span> <span class='ocrx_word' id='word_1_282' title='bbox 1070 4452 1211 4527; x_wconf 88' lang='lat' dir='ltr'>autres,</span> <span class='ocrx_word' id='word_1_283' title='bbox 1234 4436 1264 4512; x_wconf 90' lang='lat' dir='ltr'>si</span> <span class='ocrx_word' id='word_1_284' title='bbox 1291 4462 1438 4510; x_wconf 90' lang='lat' dir='ltr'>comme</span> <span class='ocrx_word' id='word_1_285' title='bbox 1460 4433 1486 4507; x_wconf 96' lang='lat' dir='ltr'>il</span> <span class='ocrx_word' id='word_1_286' title='bbox 1512 4431 1554 4507; x_wconf 89' lang='lat' dir='ltr'>su</span> <span class='ocrx_word' id='word_1_287' title='bbox 1578 4434 1701 4509; x_wconf 70' lang='lat' dir='ltr'>acorte</span> <span class='ocrx_word' id='word_1_288' title='bbox 1724 4430 1770 4506; x_wconf 90' lang='lat' dir='ltr'>dc</span> <span class='ocrx_word' id='word_1_289' title='bbox 1796 4460 1866 4508; x_wconf 91' lang='lat' dir='ltr'>nos</span> <span class='ocrx_word' id='word_1_290' title='bbox 1891 4462 1947 4510; x_wconf 91' lang='lat' dir='ltr'>se-</span> 
     </span>
     <span class='ocr_line' id='line_1_31' title="bbox 518 4558 1946 4670; baseline 0.006 -40"><span class='ocrx_word' id='word_1_291' title='bbox 518 4585 633 4658; x_wconf 86' lang='lat' dir='ltr'>gnurs</span> <span class='ocrx_word' id='word_1_292' title='bbox 656 4560 712 4634; x_wconf 93' lang='lat' dir='ltr'>les</span> <span class='ocrx_word' id='word_1_293' title='bbox 735 4558 857 4662; x_wconf 91' lang='lat' dir='ltr'>prelas</span> <span class='ocrx_word' id='word_1_294' title='bbox 882 4562 1015 4638; x_wconf 76' lang='lat' dir='ltr'>aveiir</span> <span class='ocrx_word' id='word_1_295' title='bbox 1038 4590 1123 4666; x_wconf 90' lang='lat' dir='ltr'>pars</span> <span class='ocrx_word' id='word_1_296' title='bbox 1143 4564 1198 4640; x_wconf 90' lang='lat' dir='ltr'>les</span> <span class='ocrx_word' id='word_1_297' title='bbox 1223 4565 1388 4669; x_wconf 90' lang='lat' dir='ltr'>prissons</span> <span class='ocrx_word' id='word_1_298' title='bbox 1414 4566 1525 4668; x_wconf 90' lang='lat' dir='ltr'>(quar</span> <span class='ocrx_word' id='word_1_299' title='bbox 1548 4591 1645 4638; x_wconf 91' lang='lat' dir='ltr'>nous</span> <span class='ocrx_word' id='word_1_300' title='bbox 1669 4591 1833 4639; x_wconf 90' lang='lat' dir='ltr'>sommes</span> <span class='ocrx_word' id='word_1_301' title='bbox 1858 4592 1946 4670; x_wconf 85' lang='lat' dir='ltr'>gens</span> 
     </span>
     <span class='ocr_line' id='line_1_32' title="bbox 518 4680 1947 4798; baseline 0.008 -42"><span class='ocrx_word' id='word_1_302' title='bbox 518 4680 615 4783; x_wconf 83' lang='lat' dir='ltr'>laic).</span> <span class='ocrx_word' id='word_1_303' title='bbox 632 4686 672 4760; x_wconf 88' lang='lat' dir='ltr'>Si</span> <span class='ocrx_word' id='word_1_304' title='bbox 687 4713 751 4760; x_wconf 87' lang='lat' dir='ltr'>vos</span> <span class='ocrx_word' id='word_1_305' title='bbox 766 4687 894 4789; x_wconf 91' lang='lat' dir='ltr'>prions</span> <span class='ocrx_word' id='word_1_306' title='bbox 909 4720 1007 4794; x_wconf 90' lang='lat' dir='ltr'>pour</span> <span class='ocrx_word' id='word_1_307' title='bbox 1022 4691 1133 4779; x_wconf 90' lang='lat' dir='ltr'>Dieu,</span> <span class='ocrx_word' id='word_1_308' title='bbox 1149 4721 1224 4797; x_wconf 91' lang='lat' dir='ltr'>que</span> <span class='ocrx_word' id='word_1_309' title='bbox 1240 4722 1280 4770; x_wconf 93' lang='lat' dir='ltr'>se</span> <span class='ocrx_word' id='word_1_310' title='bbox 1293 4693 1346 4769; x_wconf 89' lang='lat' dir='ltr'>ili</span> <span class='ocrx_word' id='word_1_311' title='bbox 1363 4723 1383 4768; x_wconf 89' lang='lat' dir='ltr'>a</span> <span class='ocrx_word' id='word_1_312' title='bbox 1397 4709 1532 4796; x_wconf 89' lang='lat' dir='ltr'>temps,</span> <span class='ocrx_word' id='word_1_313' title='bbox 1548 4719 1596 4770; x_wconf 90' lang='lat' dir='ltr'>on</span> <span class='ocrx_word' id='word_1_314' title='bbox 1610 4721 1751 4798; x_wconf 84' lang='lat' dir='ltr'>porveu</span> <span class='ocrx_word' id='word_1_315' title='bbox 1770 4722 1843 4798; x_wconf 92' lang='lat' dir='ltr'>que</span> <span class='ocrx_word' id='word_1_316' title='bbox 1858 4693 1886 4768; x_wconf 92' lang='lat' dir='ltr'>il</span> <span class='ocrx_word' id='word_1_317' title='bbox 1900 4722 1947 4768; x_wconf 88' lang='lat' dir='ltr'>ne</span> 
     </span>
     <span class='ocr_line' id='line_1_33' title="bbox 518 4805 1944 4929; baseline 0.008 -42"><span class='ocrx_word' id='word_1_318' title='bbox 518 4839 615 4890; x_wconf 89' lang='lat' dir='ltr'>nous</span> <span class='ocrx_word' id='word_1_319' title='bbox 627 4814 715 4920; x_wconf 90' lang='lat' dir='ltr'>puie</span> <span class='ocrx_word' id='word_1_320' title='bbox 731 4832 861 4892; x_wconf 89' lang='lat' dir='ltr'>torner</span> <span class='ocrx_word' id='word_1_321' title='bbox 873 4846 919 4894; x_wconf 88' lang='lat' dir='ltr'>en</span> <span class='ocrx_word' id='word_1_322' title='bbox 936 4822 1003 4896; x_wconf 91' lang='lat' dir='ltr'>nul</span> <span class='ocrx_word' id='word_1_323' title='bbox 1018 4822 1226 4928; x_wconf 88' lang='lat' dir='ltr'>prejudice,</span> <span class='ocrx_word' id='word_1_324' title='bbox 1246 4841 1283 4900; x_wconf 89' lang='lat' dir='ltr'>et</span> <span class='ocrx_word' id='word_1_325' title='bbox 1297 4852 1367 4929; x_wconf 92' lang='lat' dir='ltr'>por</span> <span class='ocrx_word' id='word_1_326' title='bbox 1380 4825 1463 4902; x_wconf 88' lang='lat' dir='ltr'>Deu</span> <span class='ocrx_word' id='word_1_327' title='bbox 1477 4805 1550 4928; x_wconf 67' lang='lat' dir='ltr'>oue</span> <span class='ocrx_word' id='word_1_328' title='bbox 1566 4852 1662 4900; x_wconf 89' lang='lat' dir='ltr'>nous</span> <span class='ocrx_word' id='word_1_329' title='bbox 1677 4823 1779 4899; x_wconf 87' lang='lat' dir='ltr'>aiens</span> <span class='ocrx_word' id='word_1_330' title='bbox 1794 4823 1944 4929; x_wconf 84' lang='lat' dir='ltr'>l&#39;eglise,</span> 
     </span>
    </p>
   </div>
   <div class='ocr_carea' id='block_1_5' title="bbox 0 0 2055 6052">
    <p class='ocr_par' dir='ltr' id='par_1_8' title="bbox 0 0 2055 6052">
     <span class='ocr_line' id='line_1_34' title="bbox 0 0 2055 6052; baseline 0 0"><span class='ocrx_word' id='word_1_331' title='bbox 0 0 2055 6052; x_wconf 95' lang='lat' dir='ltr'> </span> 
     </span>
    </p>
   </div>
  </div>
 </body>
</html>
