4080 6052
690 512 886 602 esoces
913 532 1008 602 nus
1033 532 1334 609 rnurmms.
1652 543 1715 613 151

274 771 279 782 Ι
305 665 510 774 presbyter,
537 666 584 744 de
609 667 878 759 Carchassona,
908 670 1069 748 Poncius
1089 673 1280 761 Tortassa,
1301 676 1494 753 Deodatus
1508 676 1631 764 Jalfet,
1649 678 1723 757 Ge-

305 797 436 874 rardus
456 797 503 874 de
524 798 640 875 Podio
660 799 750 876 Fort
768 801 932 907 Agulha,
949 803 1188 909 Raymondus
1210 805 1256 882 de
1277 806 1387 897 Fuel‚
1411 779 1655 911 Raymundus
1676 809 1721 883 de

305 926 505 1028 Prinhans,
530 929 758 1007 Bertrandus
788 931 835 1008 de
864 931 900 1007 la
925 931 1089 1022 Moneta,
1117 934 1415 1014 Bartholomaeus
1439 933 1605 1021 Andree,
1630 937 1724 1041 Ray-

304 1057 467 1134 mondus
497 1057 545 1134 de
570 1056 740 1151 Corbon,
764 1060 952 1138 Johannes
978 1062 1104 1151 Costa,
1134 1064 1173 1141 P.
1201 1065 1397 1170 Stephani,
1423 1063 1651 1143 Guillelmus
1676 1065 1723 1142 de

304 1187 441 1279 Nubia,
459 1189 835 1296 Johannesnymelii,
856 1193 1068 1299 Stephanus
1084 1196 1255 1284 Trobati,
1278 1195 1512 1274 Cacerandus
1530 1195 1577 1272 de
1595 1196 1723 1273 Monte

305 1318 475 1409 Pessato,
502 1320 714 1398 Bernardus
746 1321 954 1412 Cascaveli,
988 1324 1033 1403 G.
1063 1326 1218 1416 Brsson,
1248 1327 1416 1403 Andreas
1444 1325 1574 1415 Jacob,
1604 1326 1643 1402 P.
1676 1325 1723 1403 de

305 1450 469 1540 Breone,
490 1450 530 1526 P.
550 1450 752 1544 Chavaliel,
774 1454 1003 1533 Bertrandus
1020 1453 1229 1545 Amblardi,
1251 1458 1407 1532 Bernart
1425 1454 1595 1542 Gaanhe,
1614 1457 1653 1531 P.
1677 1456 1723 1533 de

306 1581 544 1667 Monturhac,
569 1582 758 1661 Johannes
782 1583 975 1691 Lemozin,
1000 1585 1188 1663 Johannes
1219 1586 1266 1663 de
1292 1585 1401 1676 Orto,
1427 1583 1631 1661 Durendus
1649 1584 1726 1661 Αυ-

306 1710 456 1800 debort,
478 1712 691 1818 Stephanus
715 1713 752 1790 la
775 1715 962 1806 Rossilha,
984 1716 1171 1794 Johannes
1195 1716 1244 1796 de
1265 1716 1362 1794 Mala
1380 1717 1516 1801 Morte,
1538 1713 1726 1792 Johannes

306 1838 353 1917 de
365 1841 470 1921 Bella
483 1843 595 1948 Faya,
612 1844 800 1921 Johannes
815 1844 1014 1923 Geutilset
1028 1847 1230 1925 Ambertus
1241 1846 1277 1921 la
1291 1846 1402 1922 Font,
1418 1843 1494 1936 Qui
1509 1841 1663 1920 fuerunt
1677 1844 1728 1919 in·

306 1973 480 2078 terrogati
501 2001 568 2077 per
591 2002 674 2062 nos,
697 1993 740 2051 ut
760 1974 822 2051 alii
844 2004 972 2079 supra,
993 1976 1059 2082 qui
1079 1975 1356 2082 responderunt
1374 2002 1441 2079 per
1465 1974 1535 2049 hos
1557 1969 1641 2077 [sic]
1663 1971 1728 2048 fra-

307 2101 374 2176 tris
397 2102 576 2178 lobannis
601 2103 648 2179 de
673 2107 801 2181 Monte
825 2105 957 2211 regali,
989 2105 1159 2183 dictantis
1182 2134 1225 2184 ea
1251 2134 1324 2211 que
1349 2119 1588 2209 sequuntur:
1613 2101 1728 2193 Quod

309 2230 484 2307 nundum
506 2231 648 2337 aliquos
665 2251 922 2337 procuratores
940 2236 1223 2321 constituerant,
1242 2263 1310 2312 nec
1329 2234 1554 2311 constituere
1572 2249 1730 2336 possunt

309 2387 379 2436 nec
397 2359 551 2449 volunt,
568 2362 648 2437 sine
668 2360 821 2437 licencia
838 2363 1039 2467 superioris
1059 2365 1135 2451 sui;
1153 2381 1288 2467 petunt
1305 2381 1432 2438 tamen
1452 2361 1650 2437 consilium
1671 2360 1730 2436 nli·

264 2566 267 2571 .
309 2489 416 2596 cujus
440 2491 550 2594 periti
574 2507 613 2566 et
638 2490 835 2594 prudentis
860 2491 927 2568 viri
954 2520 1042 2568 cum
1067 2520 1144 2596 quo
1168 2491 1313 2596 possint
1331 2491 1469 2567 dictare
1497 2505 1535 2564 et
1558 2489 1729 2565 ordinare

312 2648 446 2725 eaque
471 2620 519 2696 ad
543 2617 801 2697 defensionem
825 2621 884 2697 sui
906 2621 1049 2698 ordinis
1074 2621 1127 2697 eis
1153 2620 1359 2698 necessaria
1383 2618 1628 2707 videbuntur,
1656 2646 1730 2724 que

311 2777 410 2827 unus
429 2749 488 2827 vel
508 2750 584 2826 duo
606 2778 649 2827 ex
668 2749 757 2855 ipsis
781 2749 986 2855 portabunt
1009 2750 1172 2827 dominis
1190 2749 1410 2828 comissariis
1435 2748 1670 2853 supradictis,
1695 2764 1733 2823 et

311 2897 445 2984 petunt
477 2881 719 2959 ecclesiastica
745 2899 981 2959 sacramenta.
1011 2882 1066 2957 Ita
1091 2880 1197 2987 quod
1226 2880 1256 2956 si
1288 2879 1519 2991 contingeret
1547 2878 1647 2984 ipsos
1674 2877 1733 2954 vel

312 3008 475 3117 aliquem
505 3011 673 3117 ipsorum
704 3011 903 3103 decedere,
924 3011 1030 3119 quod
1055 3026 1262 3117 poneretur
1292 3010 1331 3086 in
1355 3026 1455 3085 terra
1479 3023 1617 3097 sancta,
1638 3007 1733 3083 sicut

314 3140 436 3216 fidelis
455 3141 700 3218 Christianus.

371 3270 460 3349 Acta
484 3271 639 3350 fuerunt
657 3273 742 3362 hec,
769 3273 945 3378 predictis
974 3271 1034 3351 die
1062 3290 1101 3351 et
1127 3273 1232 3381 loeis,
1256 3271 1495 3377 presentibus
1520 3295 1580 3345 me
1595 3266 1733 3346 Floria·
1843 3248 1846 3254 ⁵

314 3419 442 3478 monte
462 3402 660 3480 Dondedei
686 3421 724 3481 et
742 3404 824 3482 aliis
843 3403 996 3481 notariis
1015 3432 1128 3509 supra
1145 3402 1281 3479 ultimo
1295 3401 1506 3478 nominatis.

369 3664 459 3739 Post
475 3663 560 3752 hec,
593 3662 654 3741 die
681 3665 779 3742 Jovis
796 3663 968 3770 sequenti
997 3679 1083 3770 post
1105 3661 1253 3738 octabas
1273 3656 1586 3742 Annunciacionis
1605 3652 1736 3731 Domi-

316 3791 411 3877 nice,
435 3819 509 3896 que
539 3791 610 3869 fuit
629 3794 793 3870 secunde
815 3794 895 3872 dies
914 3792 1073 3899 Aprilis,
1094 3790 1314 3867 accessimus
1336 3788 1385 3865 ad
1408 3786 1599 3865 abbaciam
1621 3781 1734 3857 sancti

319 3919 494 4026 Magrorii
521 3921 699 4011 Parisius,
737 3925 803 4000 ubi
827 3925 1054 4002 tenebantur
1079 3949 1130 4000 nu
1159 3920 1386 4025 Templarii,
1410 3916 1582 3995 videlicet
1606 3910 1736 3987 fratres

317 4049 474 4157 Egidius
490 4049 537 4126 de
559 4050 744 4139 Perho'ne,
766 4053 962 4160 Philippus
984 4053 1030 4130 de
1043 4050 1189 4158 Douay,
1211 4050 1369 4127 Helinus
1394 4047 1441 4123 de
1461 4042 1734 4147 Templamarz,

318 4181 491 4260 Nicolaus
511 4181 558 4257 de
576 4181 806 4287 Versequin‚
835 4185 875 4259 P.
904 4184 1049 4287 Capon,
1070 4180 1262 4260 lohannes
1286 4181 1333 4256 de
1358 4173 1614 4261 Versenacho,
1634 4172 1738 4248 Jaoo-
1884 4216 1888 4228 ·

320 4313 393 4389 bus
421 4310 575 4389 Catibof
583 4372 592 4401 ,
613 4312 770 4390 Enricus
798 4313 1011 4400 Endeburt,
1037 4309 1250 4389 Bernardus
1276 4309 1324 4386 de
1349 4308 1493 4397 Castre,
1515 4303 1662 4383 Giricus
1691 4299 1739 4376 de

324 4440 447 4519 Platea
474 4442 520 4519 de
547 4443 692 4530 Trecis‚
721 4461 759 4520 et
787 4443 1006 4550 Arnulphus
1029 4439 1202 4520 Lambre.
1229 4439 1305 4534 Qui
1340 4437 1497 4516 fuerunt
1524 4430 1740 4537 interrogati

323 4598 393 4676 per
421 4599 512 4662 nos,
533 4590 577 4650 ut
604 4573 666 4651 alii
690 4603 817 4680 supra,
845 4593 883 4652 et
899 4574 1177 4680 responderunt
1199 4570 1303 4678 quod
1332 4569 1467 4648 nolunt
1486 4579 1743 4672 procuratores

326 4702 550 4781 constituere
574 4704 621 4780 ad
643 4703 901 4784 defensionem
931 4705 1073 4787 ordinis
1099 4701 1317 4808 supradicti,
1343 4700 1409 4779 sed
1433 4696 1595 4805 quilibet
1617 4722 1685 4800 per
1701 4719 1741 4768 se

328 4833 365 4915 in
384 4834 534 4940 propria
550 4863 710 4940 persona
728 4836 807 4915 vult
822 4863 976 4943 corpore
992 4815 1033 4913 et*
1054 4835 1177 4912 anima
1190 4830 1363 4910 ordinem
1383 4827 1585 4908 defendere
1605 4821 1743 4901 antedi·

1569 4985 1614 5045 17.
