4148 6052
323 567 396 638 soa
707 539 905 635 esoces
930 557 1025 631 oss
1051 556 1353 651 tournines.

320 705 425 782 riuis.
445 704 633 806 Tempore
647 730 726 809 quo
744 700 819 779 fuit
837 700 878 776 in
896 697 1047 784 ordine,
1066 697 1160 776 vidit
1173 698 1214 775 in
1230 725 1276 775 eo
1291 692 1591 803 hospitalitatem
1610 712 1653 772 et
1668 696 1751 776 ele-

324 835 488 912 mosinas
514 828 884 911 convenienter'lisri
904 846 943 906 et
966 828 1107 920 teneri3
1133 829 1173 906 in
1193 826 1366 935 capitulis
1381 824 1692 933 particularibus,
1709 831 1751 907 in

327 964 464 1073 quibus
482 980 629 1040 tantum
651 962 789 1054 adluit,
810 958 1083 1040 claudebantur
1104 940 1232 1066 porte,
1253 976 1293 1036 et
1311 955 1528 1036 servabatur
1550 956 1590 1033 in
1607 958 1748 1037 ordine

327 1095 432 1203 quod
447 1123 604 1204 magnus
621 1094 797 1202 Magister
818 1120 904 1170 cum
921 1106 1108 1169 conventu
1123 1089 1334 1169 ordinabat
1346 1090 1455 1167 Nunc
1469 1087 1626 1195 grandia
1639 1117 1748 1169 scan-

332 1226 412 1303 dala
426 1243 554 1303 contra
571 1226 745 1302 ordinem
760 1239 850 1301 sunt
862 1239 1004 1311 exorta,
1020 1238 1175 1329 propter
1185 1220 1251 1298 illa
1267 1220 1317 1298 de
1330 1218 1469 1326 quibus
1482 1217 1608 1327 agitur
1619 1238 1749 1300 contra

331 1387 431 1434 eum.
460 1357 674 1462 Requisitus
693 1355 724 1432 si
744 1355 834 1433 alias
855 1353 1044 1432 obtulerat
1062 1380 1102 1429 se
1127 1351 1354 1431 deffensioni
1372 1349 1534 1439 ordinis,
1554 1354 1756 1459 respondit

331 1487 436 1594 quod
455 1488 554 1564 bene
572 1503 724 1564 venerat
738 1513 825 1562 cum
840 1483 922 1562 aliis
935 1482 1129 1589 pluribus,
1147 1483 1272 1561 sed-in
1286 1479 1438 1589 speciali
1452 1508 1533 1559 non
1547 1480 1751 1563 obtulerat

331 1616 546 1722 Requisitus
564 1616 594 1693 si
617 1616 669 1693 sic
689 1616 915 1723 deposuerat
933 1642 1060 1722 prece,
1085 1630 1280 1720 precepto,
1299 1615 1458 1703 timore,
1478 1640 1627 1702 amore,
1643 1614 1749 1705 odio,

330 1747 388 1824 vel
412 1745 610 1852 temporali
626 1745 790 1824 comodo
809 1745 938 1823 habito
952 1743 1012 1824 vel
1027 1743 1223 1835 habendo,
1239 1742 1436 1852 respondit
1449 1743 1559 1851 quod
1575 1771 1667 1834 non,
1680 1745 1752 1823 ssd

334 1904 401 1982 pro
420 1876 574 1953 veritate
597 1876 769 1953 dicenda.
796 1875 869 1954 Cui
889 1872 963 1954 fuit
980 1874 1194 1983 injunctum
1217 1875 1325 1983 quod
1341 1902 1420 1952 non
1439 1872 1638 1953 revelleret
1656 1875 1754 1953 banc

332 2036 438 2084 suem
471 2007 752 2112 deposicionem
781 2033 979 2113 quousque
1014 2006 1275 2084 attestaciones
1304 2005 1447 2084 fuerint
1475 2004 1683 2112 publicate.
1708 2006 1756 2083 Et

337 2153 393 2215 est
406 2135 603 2212 sciendum
620 2136 741 2243 quod,
763 2153 851 2213 ante
870 2135 1152 2242 deposicionem
1173 2136 1756 2248 suamprodicum‚,f11itprote

335 2285 452 2345 status
477 2266 582 2374 quod
608 2295 686 2344 non
711 2265 932 2372 intendebat
956 2267 1134 2346 recedere
1159 2296 1179 2343 a
1200 2267 1436 2346 confessione
1451 2294 1523 2374 per
1543 2294 1636 2346 eum
1664 2266 1757 2347 lacta

335 2426 459 2475 coram
476 2397 577 2474 dicto
596 2397 753 2474 domino
774 2395 949 2503 episcopo
967 2397 1177 2476 Parisiensi.

388 2529 479 2604 Acta
494 2526 649 2605 fuerunt
668 2528 738 2605 hec
756 2526 866 2603 dictis
886 2527 948 2603 die
968 2545 1007 2605 et
1028 2528 1128 2616 loco,
1144 2527 1384 2634 presentibus
1400 2528 1582 2637 magistro
1596 2528 1757 2620 Amisia,

333 2687 394 2735 me
408 2656 886 2744 FloriamonteDondedei,
909 2674 948 2734 et
970 2656 1053 2735 aliis
1072 2658 1226 2736 notariis
1251 2686 1365 2767 supra
1381 2658 1520 2755 ultimo
1537 2660 1757 2739 nominatis.

392 2921 575 3012 Posthac,
592 2922 653 2999 die
665 2923 791 3001 Sabati
808 2921 1001 3029 sequenti,
1016 2948 1091 3029 que
1107 2921 1180 2999 luit
1193 2947 1229 3000 v1
1243 2921 1323 2998 dies
1335 2920 1427 2998 dicti
1436 2919 1572 2997 mensis
1583 2918 1757 2998 Februa-

335 3049 399 3138 rii,
423 3048 496 3126 fuir
518 3051 703 3128 adductus
722 3054 770 3129 ad
794 3051 1025 3158 presenciam
1053 3078 1187 3128 eorum
1208 3050 1452 3130 dominorum
1479 3049 1760 3129 commissario·

336 3204 437 3264 rum,
461 3178 500 3253 in
532 3178 648 3256 domo
673 3181 855 3284 predicta,
880 3180 994 3258 frater
1019 3181 1209 3260 Johannes
1234 3182 1282 3259 de
1317 3183 1533 3289 Rumpreyo
1574 3179 1757 3268 serviens,

338 3308 496 3385 diocesis
506 3309 766 3418 Lingonensis,
782 3312 888 3389 testis
902 3341 1012 3418 supra
1022 3314 1182 3422 juratus,
1198 3331 1242 3391 ut
1251 3313 1462 3419 deponeret
1476 3310 1623 3391 dictum
1634 3340 1756 3401 suum,

337 3466 414 3515 non
434 3438 607 3518 deferens
632 3436 854 3519 mantellum
880 3444 1040 3532 ordinis,
1062 3445 1147 3551 quia
1173 3445 1212 3521 in
1243 3444 1404 3522 concilio
1434 3444 1645 3523 Senonensi
1669 3443 1753 3549 qui-

338 3570 422 3645 dam
446 3571 579 3671 (nescit
598 3571 681 3678 qui)
710 3592 930 3651 amoverunt
955 3604 976 3650 a
998 3574 1098 3653 collo
1121 3603 1191 3653 suo
1216 3592 1254 3652 et
1271 3576 1516 3684 projecerunt
1541 3576 1580 3651 in
1597 3591 1753 3659 terram

336 3701 579 3805 postmodum
607 3702 695 3781 lecit
718 3704 788 3782 sibi
811 3704 892 3782 radi
925 3704 1097 3794 barbam
1126 3736 1212 3783 oum
1241 3734 1319 3813 quo
1343 3707 1417 3784 fuit
1438 3706 1662 3814 inquisitum
1686 3731 1755 3811 per

337 3830 535 3908 dominum
554 3833 770 3941 episcopum
790 3835 1115 3926 Aurelianensem,
1131 3838 1293 3915 Senonis
1309 3837 1399 3915 sede
1413 3856 1584 3928 vacante,
1601 3854 1639 3914 et
1654 3834 1757 3915 abw

336 3960 438 4040 lutus
453 3978 490 4039 ct
504 3963 786 4056 reconciliatue;
813 3983 925 4042 otest
946 3966 1055 4043 etatis
1080 3968 1327 4074 quadraginta
1351 3995 1540 4047 annorum
1566 3967 1627 4045 vel
1651 3968 1752 4045 circe

335 4093 457 4170 Lectis
476 4111 602 4170 autem
630 4112 668 4171 et
697 4095 898 4202 diligenter
922 4097 1098 4202 expositis
1122 4098 1193 4175 sibi
1220 4099 1399 4177 omnibus
1423 4115 1462 4175 et
1488 4097 1653 4207 singulis
1680 4098 1754 4175 arti·

337 4221 449 4309 culis,
480 4225 677 4329 respondit
702 4227 750 4302 ad
780 4255 860 4315 eos,
890 4244 928 4304 et
952 4228 1075 4334 primo
1104 4229 1152 4306 ad
1179 4230 1324 4337 primos
1346 4257 1427 4320 xm,
1449 4258 1491 4308 se
1516 4258 1598 4309 non
1624 4229 1753 4307 vidisse

338 4378 407 4426 nec
434 4355 619 4432 audivisse
643 4355 715 4432 dici
742 4373 915 4434 contenta
941 4357 988 4433 in·
1006 4358 1116 4436 dictis
1135 4359 1324 4453 articulis3
1345 4389 1415 4438 neo
1436 4359 1516 4466 ipse
1543 4360 1652 4449 lecit,
1674 4359 1753 4438 licet

335 4486 591 4591 recognoverit
609 4484 700 4562 alias
715 4515 753 4563 se
774 4486 903 4564 iecisse
920 4488 1232 4596 abnegaoionem,
1253 4492 1342 4600 quia
1361 4490 1481 4568 haeret
1504 4508 1567 4569 ter
1590 4493 1752 4599 questio

334 4630 460 4704 natus,
477 4642 546 4692 nec
562 4617 656 4694 vidit
668 4617 832 4724 aliquem
846 4619 978 4726 recipi,
995 4646 1082 4697 nam
1100 4639 1179 4699 erat
1193 4622 1373 4730 agricola3
1392 4649 1464 4699 nec
1476 4620 1657 4700 interluit
1669 4621 1753 4727 capi

332 4740 423 4817 tulis
444 4770 587 4821 eorum.
615 4748 695 4853 lpse
718 4768 843 4827 autem
870 4749 943 4827 fuit
961 4768 1134 4858 receptus
1156 4754 1196 4829 in
1217 4752 1358 4860 capella
1383 4753 1523 4831 domus
1539 4752 1693 4860 Templi
1707 4749 1749 4825 de

334 4868 488 4949 Volenis
508 4875 756 4983 Lingonensis
781 4881 955 4970 diocesis,
975 4884 1015 4960 in
1038 4886 1208 4990 proxima
1226 4886 1434 4992 septimana
1452 4882 1627 4963 Paschali
1649 4895 1753 4965 emat
