4080 6052
699 522 894 615 moces
919 542 1013 614 ors
1039 542 1339 617 renelmus.
1385 482 1388 486 Α
1652 541 1725 617 oss

311 684 459 774 ordine,
479 682 672 788 respondit
691 682 795 788 quod
813 681 1053 775 sic,.sratrem
1071 683 1282 760 Iohannem
1303 684 1351 761 de
1370 681 1542 760 Annonia
1566 685 1728 786 servien-

308 833 386 894 tem
411 839 478 919 per
500 813 653 889 fratrem
672 814 883 890 Johannem
902 815 1037 891 Bruart
1054 830 1312 922 preceptorem
1339 812 1488 893 ballivie
1506 815 1723 900 Treceusis,

306 947 345 1023 in
369 944 508 1051 capella
529 944 666 1021 domus
685 944 835 1052 Templi
856 945 903 1023 de
926 943 1134 1039 Vilaribus,
1154 945 1394 1053 presentibus
1419 945 1528 1022 dictis
1549 943 1726 1021 fratribus

306 1076 497 1182 Stephano
517 1075 554 1152 le
575 1076 687 1167 Nain,
707 1074 861 1154 Goltero
886 1076 924 1152 lo
944 1076 1108 1184 Bergier,
1132 1077 1339 1185 Radulpho
1358 1076 1405 1153 de
1422 1074 1595 1151 Annonia
1614 1074 1725 1151 fratre
1755 1179 1756 1182 Ἴ

305 1207 479 1314 ejusdem
497 1208 698 1296 Johannis,
716 1206 981 1299 servientibus,
1003 1225 1093 1285 sunt
1110 1209 1240 1285 decem
1262 1227 1300 1285 et
1320 1225 1404 1286 octo
1422 1207 1528 1294 anni,
1543 1206 1602 1282 vel
1618 1206 1723 1284 circa.

305 1338 410 1416 Vidit
425 1338 543 1414 eciam
558 1336 686 1444 recipi,
701 1354 789 1414 sunt
805 1339 951 1443 circiter
971 1356 1055 1421 octo
1069 1339 1171 1431 anni,
1185 1339 1339 1416 fratrem
1356 1340 1510 1414 Petrum
1529 1336 1575 1412 de
1594 1336 1728 1412 Relan-

305 1487 400 1573 pont
413 1468 652 1555 servientem,
674 1468 714 1543 in
731 1469 871 1574 capella
891 1469 1029 1545 domus
1044 1469 1192 1575 Templi
1210 1472 1257 1547 de
1273 1471 1462 1547 Mormant
1480 1467 1728 1573 Lingonensis

305 1598 479 1686 diocesis,
494 1626 562 1703 per
573 1596 727 1673 fratrem
740 1599 990 1674 Laurencium
1005 1615 1265 1705 preceptorem
1286 1599 1383 1674 dicte
1405 1598 1555 1686 domus,
1576 1624 1729 1703 presen-

302 1727 407 1804 tibus
419 1727 596 1804 fratribus
607 1726 777 1804 Johanne
791 1743 829 1803 et
839 1728 979 1805 Jacobo
992 1729 1179 1833 agricolis,
1194 1729 1293 1803 dicte
1309 1728 1448 1803 domus
1460 1726 1726 1812 servientibus,

304 1884 468 1961 quorum
488 1858 712 1962 cognomina
728 1857 886 1962 ignorat3
907 1859 948 1933 in
963 1884 1133 1963 quorum
1151 1857 1436 1964 recepcionibus
1452 1882 1530 1932 non
1548 1856 1642 1931 vidit
1658 1885 1728 1931 nec

305 1985 446 2062 audivit
472 1985 576 2092 quod
601 1986 767 2062 lacerent
791 2015 856 2064 eos
885 1987 1069 2094 abnegare
1097 1987 1157 2066 vel
1182 2015 1317 2093 spuere
1337 2012 1451 2091 supra
1476 2013 1647 2075 crucem,
1669 1986 1727 2061 vel

305 2116 410 2221 quod
441 2114 546 2192 aliud
572 2116 816 2192 inhonestum
840 2115 900 2193 vol
928 2117 1104 2195 illicitum
1126 2114 1237 2194 fieret
1264 2117 1323 2192 vel
1343 2117 1533 2193 diceretur
1557 2115 1725 2202 ibidem;

305 2274 376 2322 nec
396 2245 515 2322 credit
533 2244 639 2352 quod
652 2245 810 2351 predicti
832 2246 909 2323 duo
928 2247 1097 2352 predicta
1109 2247 1274 2325 facerent
1293 2246 1437 2334 illicita,
1453 2274 1522 2321 nec
1537 2245 1606 2321 scit
1621 2247 1727 2350 quod

306 2377 435 2453 credat
453 2377 484 2452 si
504 2375 566 2452 alii
585 2376 750 2453 lacerent
770 2376 868 2453 dicta
886 2377 1016 2453 illicita
1034 2377 1094 2453 vel
1113 2406 1206 2468 non,
1228 2377 1317 2484 quia
1339 2402 1417 2451 non
1436 2375 1531 2452 vidit
1549 2374 1632 2450 fieri
1655 2376 1725 2451 nisi

306 2507 345 2580 in
365 2507 584 2611 recepcione
606 2535 686 2595 sua;
713 2506 780 2583 sed
800 2524 1002 2614 antequam
1019 2507 1192 2584 intrasset
1211 2508 1355 2584 dictum
1376 2505 1566 2595 ordinem,
1586 2504 1728 2580 audivit

306 2635 379 2711 dici
397 2666 418 2711 a
436 2636 665 2742 quibusdam
683 2635 932 2727 seuduibus,
949 2637 1069 2717 nescit
1084 2637 1240 2744 quibus,
1260 2636 1365 2744 quod
1383 2636 1423 2710 in
1444 2633 1727 2740 recepcionibus

305 2767 463 2844 fratrum
483 2767 626 2843 fiebant
644 2767 770 2874 aliqua
789 2768 1004 2854 inhonesta,
1027 2769 1132 2875 quod
1145 2786 1272 2845 tamen
1290 2794 1369 2844 non
1390 2765 1565 2854 credidit,
1587 2764 1676 2869 quia
1696 2766 1725 2840 si

305 2897 548 2985 credidisset,
570 2898 744 2974 ordinem
766 2925 844 2975 non
873 2900 1068 2991 intrasset;
1094 2927 1165 2975 nec
1183 2897 1428 3005 postmodum
1447 2896 1541 2972 vidit
1564 2895 1604 2970 in
1625 2894 1725 2970 dicto

306 3029 439 3105 ordine
466 3031 506 3105 in
530 3027 814 3135 recepcionibus
839 3029 965 3136 aliqua
983 3029 1112 3107 illicita
1133 3029 1233 3119 lieri,
1262 3056 1332 3106 nec
1358 3027 1500 3104 audivit
1524 3025 1596 3102 dici
1622 3025 1724 3131 quod

306 3158 443 3235 fierent
461 3152 701 3265 preterquam
723 3160 761 3234 in
783 3187 860 3237 sua.

364 3290 480 3382 Item,
509 3291 556 3366 de
588 3291 772 3368 contentis
802 3293 841 3366 in
872 3319 893 3370 v
925 3309 962 3368 et
988 3292 1167 3370 omnibus
1193 3290 1440 3399 sequentibus
1456 3288 1663 3395 'respondit
1687 3315 1725 3363 se

305 3418 421 3495 nichil
436 3419 531 3496 scire'
549 3419 740 3525 ultraque
758 3450 870 3527 supra
890 3421 1126 3528 deposuerit,
1143 3422 1215 3499 hoc
1236 3439 1388 3527 excepto
1408 3419 1513 3526 quod
1529 3418 1608 3522 ipse
1628 3417 1726 3492 bene

304 3549 480 3626 credebat
511 3550 766 3629 ecclesiasticis
793 3553 1056 3639 sacramentis,
1078 3569 1117 3628 et
1145 3552 1263 3629 credit
1289 3549 1396 3657 quod
1423 3547 1485 3626 alii
1513 3545 1724 3637 crederent,

305 3680 394 3785 quia
412 3680 564 3757 videbat
580 3709 645 3758 eos
664 3683 790 3758 venire
809 3683 858 3757 ad
878 3683 1071 3759 ecclesiam
1093 3699 1131 3758 et
1147 3681 1342 3772 confiteri3
1359 3697 1398 3757 et
1417 3679 1538 3757 credit
1553 3677 1657 3784 quod
1672 3704 1728 3752 sa-

307 3808 478 3886 cerdotes
499 3838 633 3887 eorum
652 3810 750 3888 bene
770 3810 1019 3904 celebrarent,
1041 3829 1079 3889 et
1097 3811 1240 3888 audivit
1257 3812 1331 3889 dici
1345 3810 1451 3916 quod
1470 3809 1646 3914 Magister
1659 3833 1728 3911 po·

306 3954 403 4013 terat
421 3938 615 4015 remittere
631 3967 747 4045 penas
766 3939 944 4017 fratribus
964 3940 1106 4018 ordinis
1131 3958 1170 4017 et
1187 3938 1462 4017 absolvere-eos
1481 3938 1641 4045 apenis,
1659 3936 1727 4013 sed

307 4095 385 4144 non
400 4068 519 4144 credit
536 4097 557 4144 a
572 4070 743 4175 peccatis.
755 4068 909 4146 Audiuit
923 4070 997 4148 dici
1017 4071 1122 4178 quod
1137 4069 1315 4179 jurabant
1328 4096 1406 4145 nou
1422 4068 1520 4145 exire
1539 4067 1725 4151 ordinem,

308 4216 346 4275 et
370 4200 449 4307 ipse
472 4200 633 4307 juravit,
656 4217 694 4276 et
712 4201 836 4277 statim
857 4230 926 4307 pro
949 4201 1126 4308 professis
1150 4200 1408 4289 habebantur3
1424 4198 1551 4307 januis
1574 4197 1724 4286 clausis,

307 4328 424 4407 nullis
444 4331 684 4436 presentibus
703 4330 775 4408 nisi
795 4331 972 4411 fratribus
984 4333 1146 4423 ordinis,
1170 4331 1458 4439 recipiebantur.
1481 4333 1570 4407 Post
1583 4328 1727 4436 capcio-

308 4487 397 4535 nem
417 4490 523 4538 suam
549 4463 691 4539 audivit
710 4491 730 4538 a
749 4463 980 4542 secularibus
998 4466 1101 4572 quod
1125 4464 1238 4575 ydola
1250 4463 1500 4540 habebantur
1518 4463 1559 4538 iu
1576 4460 1726 4538 ordine:

309 4590 474 4684 cordulis
499 4594 546 4669 de
568 4590 634 4671 [ilo
660 4592 905 4703 cingebantur
922 4624 1037 4702 super
1054 4623 1198 4703 pannos
1223 4595 1344 4672 lineos
1367 4622 1454 4672 cum
1474 4592 1614 4700 quibus
1627 4592 1728 4699 jace-

308 4721 411 4798 bant.
433 4724 475 4798 ln
505 4724 724 4832 recepcione
754 4753 822 4803 sua
847 4724 920 4802 fuit
946 4728 980 4804 ei
1006 4726 1211 4805 inhibitum
1235 4752 1304 4833 per
1327 4742 1600 4804 sacramentum
1624 4722 1728 4830 quod

310 4881 386 4930 non
413 4855 594 4933 revelaret
620 4874 759 4934 secreta
789 4858 1061 4962 capitulorum,
1089 4876 1127 4936 et
1157 4859 1249 4936 dixit
1275 4859 1308 4936 ei
1333 4859 1455 4937 dictus
1480 4856 1595 4933 frater
1618 4856 1727 4959 Hugo

1548 4992 1599 5055 55.
