4080 6052
467 558 664 651 raocts
690 575 786 652 nas
812 576 1119 652 rsurcmas.
1459 582 1505 657 rs

87 714 267 800 conventu
288 744 440 810 eorum,
460 717 749 796 murmurabant
763 735 890 796 contra
910 719 1054 798 dictum
1069 719 1305 828 Magistrum,
1322 723 1426 827 quia,
1444 725 1510 801 du·

85 868 188 929 rante
199 867 340 960 treuga
359 875 474 957 quam
488 876 554 926 rex
572 848 705 956 Anglie
717 867 960 956 premortuus
973 867 1152 958 posuerat
1165 851 1264 928 inter
1278 850 1510 932 Christianos

86 998 124 1061 et
137 982 356 1073 Saracenos,
378 978 501 1058 dictus
519 980 697 1087 Magister
714 980 897 1058 serviebat
911 981 1067 1059 soldano
1084 998 1225 1060 etcum
1240 981 1311 1060 sibi
1326 982 1512 1061 retinebat

84 1111 293 1219 placatum3
314 1109 383 1189 sed
401 1110 564 1189 finaliter
581 1111 661 1216 ipse
680 1110 795 1188 frater
812 1111 973 1189 Jacobus
993 1128 1032 1189 et
1055 1111 1117 1190 alii
1145 1113 1192 1193 de
1222 1130 1407 1190 conventu
1426 1141 1511 1219 pre·

85 1243 187 1320 dicto
211 1241 515 1350 Templariorum
534 1239 690 1318 fuerunt
708 1241 756 1317 de
775 1240 849 1317 hoc
867 1243 1050 1334 contenti,
1072 1243 1242 1320 videntes
1264 1242 1369 1350 quod
1389 1243 1510 1321 dictus

86 1372 264 1477 Magister
290 1398 367 1448 non
396 1386 545 1477 poterat
568 1369 672 1446 aliud
701 1369 839 1461 facere,
860 1371 949 1476 quia
970 1371 1063 1449 ordo
1084 1398 1217 1449 eorum
1244 1371 1408 1449 habebat
1437 1373 1511 1451 illis

84 1497 320 1605 temporibus
340 1515 379 1575 et
395 1499 549 1576 tenebat
568 1499 616 1575 ad
633 1526 789 1576 manum
805 1527 912 1575 suam
933 1515 971 1575 et
989 1498 1061 1576 sub
1076 1500 1158 1606 ejus
1177 1501 1347 1578 custodia
1372 1502 1512 1580 multas

85 1629 248 1706 civitates
271 1645 309 1705 et
331 1625 453 1706 multa
476 1627 657 1704 fortalicia
679 1628 719 1704 in
744 1627 957 1706 confinibus
978 1645 1079 1705 terre
1100 1625 1189 1706 dicti
1209 1629 1370 1722 soldani,
1391 1632 1513 1706 nomi-

83 1758 208 1836 nando
230 1758 328 1836 dicta
350 1757 526 1865 locaque
547 1785 626 1835 non
638 1758 824 1865 potuisset
843 1757 951 1835 aliter
974 1758 1210 1852 custodiisse,
1229 1776 1267 1837 et
1285 1760 1402 1837 eciam
1421 1778 1512 1838 tunc

83 1887 229 1995 perdita
242 1886 463 1978 extitissent,
484 1887 556 1964 nisi
577 1887 699 1965 dictus
717 1917 782 1965 rex
796 1885 928 1994 Anglie
947 1886 1121 1965 victualia
1136 1889 1412 1967 transmisisset.
1509 1986 1511 1990 ‚

140 2019 335 2097 Postremo
357 2017 550 2125 predictus
574 2016 690 2095 frater
716 2018 878 2097 Jacobus
901 2018 1081 2125 Magister
1099 2018 1242 2097 ordinis
1260 2020 1410 2127 Templi
1433 2032 1513 2126 p're

87 2144 176 2223 dicti
207 2147 349 2253 rogavit
373 2146 569 2224 humiliter
586 2147 775 2252 predictos
806 2147 981 2224 dominos
1009 2147 1282 2226 commissarios
1307 2164 1345 2225 et
1369 2148 1512 2225 dictum

87 2275 350 2352 cancellarium
364 2275 529 2381 regium,
549 2275 655 2381 quod
673 2274 838 2381 placeret
856 2276 910 2354 eis
930 2275 1103 2354 ordinare
1124 2293 1162 2354 et
1184 2305 1385 2383 procurare
1407 2279 1513 2383 quod

86 2406 167 2511 ipse
187 2405 364 2511 Magister
381 2418 509 2509 posset
539 2403 669 2477 audire
688 2405 841 2478 missam
862 2421 901 2479 et
922 2400 993 2480 alia
1011 2404 1133 2480 officia
1151 2405 1290 2496 divina,
1313 2423 1351 2482 ct
1372 2406 1512 2483 habere

88 2531 267 2639 capellam
286 2560 394 2609 suam
410 2548 448 2609 et
466 2529 686 2636 capellanos.
703 2531 753 2608 Et
773 2529 862 2606 dicti
883 2528 1026 2607 domini
1046 2531 1289 2609 commissarii
1317 2548 1355 2609 et
1373 2535 1514 2611 cancel-

87 2664 217 2752 larius,
234 2662 431 2740 laudantes
445 2660 690 2741 devocionem
709 2686 825 2766 quam
842 2656 1106 2766 pretendebat,
1129 2660 1303 2739 dixerunt
1317 2689 1356 2739 se
1377 2690 1513 2769 procu·

88 2810 235 2871 raturos
249 2789 426 2898 predicta.

145 3057 297 3137 Eisdem
323 3057 384 3136 die
411 3075 449 3135 et
471 3055 555 3134 loco
576 3053 690 3134 frater
712 3057 845 3135 Petrus
869 3055 917 3135 de
950 3053 1066 3150 Solet,
1096 3057 1238 3136 ordinis
1256 3057 1512 3164 predictorum

91 3187 409 3293 Templariorum,
431 3203 548 3293 coq‘us
566 3214 635 3264 seu
654 3187 817 3265 serviens
841 3187 931 3264 dicti
952 3188 1136 3294 Magistri,
1158 3186 1343 3265 adductus
1363 3188 1412 3266 ad
1429 3218 1514 3295 pre-

91 3315 253 3394 senciam
286 3314 508 3393 eorumdem
539 3313 783 3393 dominorum
809 3315 1169 3408 commissariorum,
1205 3332 1378 3422 presente
1413 3316 1513 3392 dicto

89 3446 266 3552 Magistro
282 3444 424 3523 ordinis
442 3443 592 3550 Templi
607 3460 646 3521 et
664 3443 765 3523 dicto
783 3443 1001 3521 cancellario
1016 3445 1137 3554 regio,
1155 3444 1360 3551 requisitus
1374 3443 1405 3520 si
1420 3441 1515 3521 vole

88 3574 154 3653 bat
175 3576 319 3653 dictum
348 3574 520 3653 ordinem
545 3572 764 3663 defendere,
785 3573 845 3650 vel
866 3572 1010 3680 aliquid
1036 3574 1159 3651 dicere
1180 3603 1296 3682 quare
1325 3573 1414 3651 dicti
1446 3573 1514 3651 do·

89 3706 182 3783 mini
211 3705 454 3784 commissarii
478 3731 555 3782 non
576 3702 760 3784 deberent
783 3701 989 3810 procedere
1016 3704 1056 3780 in
1075 3704 1231 3812 negocio
1259 3703 1515 3811 inquisicionis

89 3834 274 3940 predicte,
289 3833 484 3940 respondit
502 3833 607 3940 quod
626 3832 748 3912 dictus
767 3832 861 3911 ordo
876 3829 1041 3910 hahebat
1063 3832 1185 3911 bonos
1199 3831 1430 3923 defensores,
1448 3831 1516 3907 sci·

91 3961 180 4040 licet
194 3961 367 4039 dominos
380 3963 517 4067 Papam
537 3979 576 4040 ct
592 3965 749 4071 Regem,
768 3980 806 4040 et
820 3964 899 4069 ipse
913 3962 1111 4041 dimitebat
1124 3963 1393 4042 conscienciam
1408 3988 1515 4037 suam

91 4107 247 4199 propter
269 4089 516 4167 consciencias
535 4091 773 4182 eorumdem,
794 4118 891 4197 quos
909 4089 1109 4193 reputabat
1125 4090 1245 4168 bonas
1265 4105 1303 4165 et
1322 4088 1459 4198 legales
1478 4107 1516 4166 et

93 4237 235 4300 sanctas
264 4246 461 4327 personas,
482 4234 521 4295 et
539 4233 619 4295 erat
640 4218 688 4295 de
709 4246 840 4295 earum
861 4215 1078 4294 defensione
1101 4231 1309 4294 contentus.
1338 4218 1515 4296 Finaliter

94 4368 220 4429 autem
234 4349 338 4440 dixit,
354 4347 461 4456 quod
478 4347 632 4426 nolebat
646 4347 790 4425 dictum
802 4345 975 4424 ordinem
990 4344 1209 4439 defendere,
1225 4363 1262 4424 et
1280 4345 1443 4452 placeret
1462 4348 1518 4425 ei·

96 4480 184 4558 dem
214 4479 319 4587 quod
341 4480 513 4587 inquesta
530 4508 600 4587 per
617 4478 719 4585 ipsos
740 4477 913 4556 dominos
932 4477 1206 4557 commissarios
1231 4475 1399 4555 facienda
1416 4477 1513 4557 bene

97 4627 135 4689 et
145 4609 309 4689 fideliter
321 4610 436 4690 fieret
454 4627 492 4688 et
504 4609 753 4718 procederent
765 4609 804 4688 in
825 4606 968 4687 eadem.

151 4871 305 4953 Eisdem
329 4874 391 4952 die
412 4891 450 4954 et
467 4873 552 4954 loco
578 4876 780 4983 supradicti
807 4874 952 4956 domini
977 4874 1236 4968 commissarii,
1257 4873 1430 4982 pluribus
1448 4888 1516 4947 tra-
