4080 6052
189 503 191 507 ’
312 554 385 630 soc
698 533 894 627 Procas
921 549 1018 624 nus
1043 548 1348 625 caueamus.

309 693 431 771 sessus
450 692 498 769 de
516 689 694 798 predictis
715 691 840 769 eidam
861 691 1038 798 episcopo
1059 689 1101 766 in
1128 717 1274 766 camera
1293 686 1457 793 quadam
1478 686 1580 766 dicte
1602 686 1742 767 domus

311 824 350 900 in
367 853 443 932 qua
462 839 542 901 erat
556 823 660 900 idem
681 823 897 930 episcopus,
917 839 954 899 et
972 821 1053 926 ipse
1076 821 1272 927 episcopus
1293 816 1523 924 stupefactus
1541 818 1592 896 de
1612 820 1741 926 predi·

311 955 378 1033 ctis
393 971 431 1032 et
446 953 596 1031 dicens:
614 953 748 1030 «Istud
759 971 815 1031 est
827 949 1092 1041 malefactum,
1110 948 1331 1028 »noluitilla
1345 946 1406 1026 dic
1419 948 1620 1028 absolvere
1637 978 1735 1028 eum.
1799 1046 1802 1050 Α

312 1086 389 1163 Sed
404 1085 497 1162 dixit
517 1084 598 1190 ipsi⁴
607 1083 693 1161 testi
712 1083 818 1191 quod
834 1084 896 1160 die
910 1081 1083 1189 sequenti
1098 1097 1324 1186 sequeretur
1338 1108 1427 1157 eum
1441 1081 1547 1186 apud
1561 1082 1733 1171 Treccas,

313 1234 352 1293 et
370 1214 443 1294 fuit
457 1243 548 1292 eum
566 1232 719 1293 secutus
739 1216 779 1291 in
799 1213 1024 1302 crastinum,
1049 1230 1087 1289 et
1112 1212 1239 1290 denuo
1259 1209 1333 1291 suit
1347 1210 1420 1290 sibi
1438 1210 1641 1306 confessus
1654 1240 1734 1319 pre·>

312 1347 412 1425 dieta
423 1347 464 1423 in
477 1344 619 1451 capella
633 1345 772 1422 domus
786 1373 854 1422 sue
866 1340 1107 1451 episcopalis,
1124 1358 1162 1420 et
1173 1358 1264 1421 tunc
1278 1341 1438 1420 absolvit
1452 1369 1560 1430 eum,
1577 1344 1736 1450 inposita

311 1477 384 1556 sibi
405 1475 620 1582 penitencia
647 1474 752 1581 quod
777 1502 847 1580 per
873 1501 1016 1551 annum
1039 1501 1118 1550 non
1138 1490 1307 1579 portaret
1330 1500 1475 1580 pannos
1495 1473 1622 1553 lineos
1639 1494 1736 1555 sexta

311 1606 421 1698 leria,
442 1622 480 1681 et
499 1604 605 1712 quod
620 1603 810 1712 jejunaret
829 1604 869 1680 in
890 1598 1046 1711 pane'et
1066 1632 1161 1710 aqua
1179 1631 1249 1708 per
1266 1603 1449 1680 tredecim
1476 1605 1559 1682 dies
1579 1606 1733 1686 Veneris

309 1753 395 1842 post
415 1736 553 1813 Pascha
580 1752 673 1812 tunc
702 1736 854 1814 instans.
881 1735 1096 1842 Requisitus
1128 1735 1157 1812 si
1189 1734 1305 1842 aliqui
1334 1736 1513 1815 viderunt
1537 1739 1730 1844 quomodo

310 1867 382 1945 luit
392 1865 586 1944 confessus
595 1866 772 1972 episcopo
782 1866 1012 1973 supradicto,
1026 1866 1223 1971 respondit
1232 1866 1337 1973 quod
1345 1866 1398 1944 sic
1405 1866 1606 1946 familiares
1614 1869 1730 1976 ipsius

310 2003 473 2108 episcopi
494 2029 660 2109 quorum
678 2028 755 2078 non
778 2000 942 2078 habebat
967 1999 1160 2087 noticiam,
1188 2000 1254 2105 qui
1279 1999 1529 2078 demandato
1562 2000 1731 2107 ejusdem

311 2133 482 2238 episcopi.
500 2149 734 2209 retraxerunt
752 2160 793 2208 se
813 2158 861 2207 ne
881 2147 1035 2237 possent
1055 2157 1119 2207 eos
1144 2128 1288 2208 audire.
1310 2132 1358 2207 Et
1376 2146 1462 2208 ante
1482 2129 1625 2209 dictam
1647 2160 1731 2210 con·

310 2262 512 2340 sessionem
537 2279 575 2338 et
600 2261 884 2338 absolucionem
907 2288 985 2337 non
1014 2259 1231 2353 celebravit,
1259 2278 1304 2338 ut
1330 2261 1440 2350 dixit,
1465 2261 1534 2339 sed
1556 2280 1644 2368 post
1664 2262 1731 2341 fre-

309 2409 480 2499 quenter,
502 2392 615 2469 verba
630 2392 799 2498 predicta
818 2392 971 2469 canonis
984 2419 1064 2469 non
1080 2390 1318 2482 obmitcndo,
1333 2409 1378 2469 ut
1397 2391 1501 2470 dixit.

362 2524 475 2610 ltem,
493 2523 587 2599 dixit
599 2524 706 2628 quod
721 2522 899 2602 credebat
910 2522 1004 2600 alios
1018 2523 1058 2598 in
1074 2522 1207 2600 ordine
1224 2523 1479 2601 communiter
1494 2523 1547 2601 ita
1563 2543 1731 2632 receptos

308 2652 422 2730 luisse
451 2651 549 2730 sicut
579 2653 657 2758 ipse
683 2650 805 2729 fuerat
832 2668 1022 2758 receptus,
1049 2652 1139 2757 quia
1167 2680 1245 2729 non
1276 2653 1396 2731 credit
1424 2655 1532 2761 quod
1559 2654 1730 2735 fecissent

285 2829 288 2834 -
308 2782 423 2859 talem
440 2783 736 2891 singularitatem
753 2783 794 2859 in
811 2811 873 2873 eo;
891 2809 969 2860 non
985 2799 1113 2859 tamen
1131 2800 1187 2860 est
1206 2801 1331 2860 certus
1350 2784 1381 2861 si
1397 2784 1449 2864 ita
1461 2784 1672 2864 servabatur
1687 2784 1728 2865 in

309 2913 406 3001 aliis,
423 2914 511 3020 qnia
525 2942 721 3022 nunquam
735 2912 922 3001 interfuit,
937 2914 1035 2991 sicut
1049 2913 1157 3004 dixit,
1172 2914 1381 3020 recepcioni
1401 2915 1556 3024 alicujus
1573 2915 1727 2995 alterius

307 3044 431 3122 fratris
451 3045 540 3123 dicti
554 3046 699 3123 ordinis
713 3074 783 3122 nec
798 3045 970 3150 capitulis
985 3044 1227 3135 eorumdem,
1242 3074 1317 3123 nec·
1326 3048 1533 3154 unicuique
1543 3047 1726 3129 revellavit

310 3175 452 3268 dictum
468 3179 626 3253 modum
646 3176 876 3282 recepcionis
894 3204 961 3252 sue
982 3175 1092 3252 alicui
1114 3204 1158 3252 ex
1176 3174 1355 3256 fratribus
1370 3178 1459 3257 dicti
1480 3181 1643 3272 ordinis,
1664 3209 1726 3259 net

309 3305 354 3380 ab
374 3306 426 3382 eis
442 3280 556 3413 peciit
574 3336 644 3383 nec
664 3305 820 3397 audivit,
843 3323 888 3381 ut
908 3306 1016 3396 dixit,
1039 3305 1200 3411 qualiter
1219 3305 1373 3385 fuerunt
1392 3310 1547 3415 recepti,
1570 3339 1641 3386 uec
1659 3311 1727 3391 suit

307 3465 374 3540 per
399 3438 564 3545 aliquem
595 3438 642 3515 de
668 3438 801 3515 ordine
829 3438 991 3542 petitum
1010 3437 1057 3514 ab
1086 3467 1130 3515 eo
1157 3439 1320 3545 qualiter
1343 3439 1461 3518 fixerat
1487 3458 1660 3544 receptus
1686 3443 1726 3520 in

308 3569 458 3658 ordine,
481 3571 577 3646 sicut
591 3570 694 3647 dixit.

363 3702 475 3787 Item,
496 3700 543 3776 ad
560 3725 685 3791 v-vru,
705 3702 753 3777 de
771 3703 1107 3808 dogmatizacione,
1125 3707 1320 3812 respondit
1343 3705 1443 3812 quod
1464 3704 1581 3780 nichil
1605 3704 1726 3782 luerat

307 3831 377 3907 sibi
397 3832 541 3908 dictum
558 3833 604 3908 de
622 3833 806 3909 contentis
821 3834 861 3909 in
881 3834 971 3940 ipsis
991 3834 1159 3911 articulis
1179 3836 1219 3910 in
1235 3837 1456 3942 ‘recepcione
1474 3863 1561 3926 sua,
1577 3864 1650 3913 nec
1666 3837 1729 3913 ali-

306 3962 400 4066 quid
420 3990 534 4068 super
556 3963 629 4072 hpc
644 3963 786 4039 audivit
804 3965 875 4039 nisi
892 3964 931 4039 in
949 3982 1135 4070 quantum
1155 3994 1267 4071 supra
1287 3966 1475 4072 deposuit.

362 4094 474 4185 Item,
496 4094 544 4171 ad
564 4120 743 4183 vaur-xm,
761 4094 810 4170 de
828 4096 1022 4200 spnicione
1039 4123 1152 4201 super
1166 4124 1335 4188 crucem,
1352 4098 1550 4205 respondit
1562 4116 1607 4175 ut
1621 4128 1727 4205 supra

307 4221 353 4296 de
375 4223 456 4299 aliis
476 4225 661 4302 contentis
683 4225 722 4299 in
743 4226 832 4330 ipsis
851 4225 1017 4303 articulis
1034 4226 1151 4303 nichil
1171 4227 1307 4318 sciens,
1330 4229 1426 4304 sicut
1441 4227 1550 4321 dixit,
1568 4257 1639 4306 nec
1656 4258 1727 4306 cre

306 4350 360 4426 dit
380 4353 484 4457 quod
508 4354 570 4430 alii
585 4354 752 4431 facerent
771 4354 876 4433 aliud
896 4385 1010 4462 quam
1030 4383 1069 4433 se
1089 4384 1200 4461 supra
1219 4356 1349 4434 fecisse
1369 4359 1557 4465 deposuit.

360 4482 473 4573 Item,
496 4485 543 4560 ad
558 4511 718 4572 run-xv,
745 4486 793 4561 de
814 4504 914 4575 cato,
938 4487 1032 4563 dixit
1053 4515 1092 4563 se
1116 4515 1184 4562 neo
1204 4487 1315 4576 scire,
1341 4516 1412 4565 nec
1433 4489 1641 4583 audivisse,
1662 4519 1725 4567 nec

306 4610 470 4685 credere.

363 4738 471 4824 Item,
496 4740 543 4814 ad
559 4769 724 4823 rvr-xxm
744 4748 944 4853 respondit
963 4776 1002 4825 se
1021 4749 1138 4825 nichil
1157 4750 1250 4826 scire
1267 4747 1313 4826 de
1335 4750 1550 4828 intencione
1570 4752 1721 4829 aliorum

303 4867 334 4944 si
349 4866 553 4944 credebant
566 4893 839 4952 sacramentum
852 4876 979 4956 altaris
995 4897 1033 4956 et
1048 4879 1120 4958 alia
1133 4879 1376 4958 ecclesiastica
1389 4898 1631 4975 sacramenta3
1645 4881 1721 4987 ipsc
