4080 6052
698 536 895 628 ruocss
922 553 1016 625 uns
1043 554 1343 625 rrurnrnus.
1660 561 1736 630 101·

277 710 280 715 ’
314 696 481 784 litterati,
504 713 783 801 proposuerunt
801 723 870 801 pro
890 721 929 770 se
950 710 988 770 et
1003 719 1071 799 pro
1089 670 1309 799 supradictis
1326 692 1503 770 omnibus
1522 713 1560 770 et
1576 699 1731 802 singulis

314 828 506 915 fratribus,
519 844 557 903 et
569 826 681 903 scribi
699 826 871 903 fecerunt
883 826 931 902 ad
945 825 1129 901 dictamen
1144 853 1276 901 eorum
1289 826 1357 901 ista
1369 852 1444 929 que
1461 843 1650 902 secuntur.
1666 829 1732 905 As-

313 975 513 1034 seruerunt
532 957 633 1033 enim
657 957 762 1063 quod
781 940 852 1033 sibi
869 974 906 1032 et
925 956 1031 1031 dictis
1050 954 1225 1032 fratribus
1245 955 1338 1031 dura
1353 954 1587 1044 videbantur,
1608 959 1730 1062 primo

312 1090 417 1194 quod
429 1088 559 1194 privati
573 1104 662 1164 sunt
677 1086 927 1163 ecclesiasticis
942 1086 1194 1175 sacramentis,
1211 1101 1248 1161 et
1261 1084 1416 1160 luerunt
1431 1113 1452 1159 a
1465 1102 1634 1188 tempore
1649 1116 1731 1196 cap-

312 1218 430 1294 cionis
443 1246 510 1294 sue
524 1217 666 1322 spoliati
680 1216 833 1322 quidam
849 1215 980 1292 habitu
991 1214 1192 1319 religionis,
1207 1232 1245 1290 et
1257 1242 1388 1291 omnes
1398 1213 1508 1290 bonis
1518 1217 1732 1323 temporali-

313 1347 397 1434 bus,
415 1365 454 1425 et
463 1348 579 1424 eciam
592 1375 724 1424 omnes
736 1345 949 1422 incarcerati
962 1343 1137 1421 vilissime
1148 1361 1185 1419 et
1197 1345 1432 1430 incathenati,
1446 1361 1484 1419 et
1495 1362 1583 1422 sunt
1594 1347 1726 1424 adbuc.

370 1478 480 1567 Item,
498 1477 602 1582 quod
618 1477 715 1553 male
728 1475 945 1582 providetur
962 1475 1016 1551 eis
1033 1475 1071 1549 in
1089 1472 1275 1550 omnibus.

367 1609 478 1694 Item,
499 1607 605 1711 quod
623 1605 702 1683 fere
731 1633 863 1682 omnes
885 1604 1016 1680 fratres
1041 1604 1181 1679 mortui
1204 1618 1303 1679 extra
1328 1602 1487 1679 Parisius
1507 1603 1545 1677 in
1565 1632 1726 1692 carcere,

312 1735 448 1839 sepulti
467 1752 555 1812 sunt
571 1752 672 1811 extra
689 1735 769 1811 loca
786 1762 885 1812 sacra
901 1750 939 1811 et
952 1733 1181 1808 cimmiteria.

365 1867 477 1954 Item,
497 1865 620 1970 quod,
647 1867 687 1941 in
706 1865 782 1942 fine
805 1865 954 1941 dierum
974 1891 1144 1948 suarum,
1167 1861 1321 1977 luerunt
1341 1861 1393 1937 eis
1412 1861 1593 1966 denegata
1613 1864 1727 1940 eccle—

313 1996 452 2071 siastica
470 2013 704 2073 sacramenta.

367 2125 477 2210 Item,
492 2127 598 2230 quod
610 2153 688 2202 non
706 2124 853 2201 videtur
867 2124 921 2200 eis
934 2123 1040 2228 quod
1055 2124 1171 2229 possit
1184 2121 1303 2199 lacere
1316 2140 1533 2226 procurator
1545 2125 1629 2234 sine
1646 2153 1727 2200 con-

311 2280 424 2329 sensu
442 2255 605 2358 Magistri
635 2256 711 2340 sui,
738 2255 810 2329 sub
834 2255 941 2358 cujus
962 2253 1179 2329 obediencia
1203 2253 1272 2356 ipsi
1299 2269 1336 2327 et
1359 2263 1490 2329 omnes
1511 2253 1572 2328 alii
1595 2252 1725 2331 fratres

312 2382 400 2457 dicti
419 2383 561 2458 ordinis
580 2398 669 2459 sunt
682 2399 720 2457 et
736 2408 815 2457 esse
831 2381 980 2457 debent
1021 2423 1023 2426 >

366 2511 482 2597 Item,
507 2510 611 2614 quod
639 2509 717 2585 fere
742 2535 872 2585 omnes
899 2525 989 2584 sunt
1009 2507 1172 2585 illiterati
1189 2524 1226 2583 et
1251 2506 1452 2610 simplices,
1474 2509 1575 2585 unde
1592 2485 1738 2614 petunt⁸

314 2639 452 2714 habere
470 2640 667 2716 consilium
686 2641 852 2714 virorum
866 2639 1098 2744 prudentum
1114 2639 1386 2743 etsapientum.
1406 2638 1591 2715 Dixerunt
1609 2641 1723 2715 eciam

310 2767 413 2873 quod
433 2767 542 2844 multi
562 2786 651 2847 sunt
668 2769 734 2873 qui
752 2766 883 2844 volunt
898 2767 1024 2861 venire
1041 2766 1089 2841 ad
1108 2764 1364 2842 defensionem
1384 2767 1542 2858 ordinis,
1563 2769 1723 2847 sednon

308 2899 535 3001 permittitur
567 2900 637 2988 eis,
666 2897 713 2973 de
737 2897 876 3002 quibus
910 2897 1197 2972 nominaverunt
1224 2896 1375 2972 fratrem
1404 2897 1635 3004 Raynaldum
1673 2901 1720 2977 de
1787 2948 1792 2961 ι

308 3029 534 3104 Vossinhaco
559 3028 718 3104 militem
739 3026 1011 3103 lemovicensis
1037 3026 1210 3112 diocesis,
1230 3043 1267 3102 et
1290 3025 1441 3104 fratrem
1461 3028 1653 3106 Matheum
1674 3032 1720 3106 de

309 3155 492 3232 Clichiaco
514 3157 728 3235 Parisiensis
742 3142 910 3233 diocesis.

365 3285 458 3361 Item
476 3287 670 3391 pecierunt
695 3285 799 3391 quod
822 3287 1006 3392 Magister,
1034 3304 1072 3362 et
1089 3286 1219 3363 fratres
1239 3304 1277 3362 et
1296 3287 1357 3362 alii
1381 3306 1617 3393 preceptores
1636 3318 1721 3394 pro-

307 3414 509 3491 vinciarum
534 3415 688 3492 insimul
713 3426 1003 3523 congregentur,
1025 3432 1068 3491 ut
1087 3444 1199 3520 super
1221 3417 1490 3493 constituendis
1507 3436 1736 3522 procurato--

306 3542 410 3620 ribus
430 3562 468 3621 et
486 3545 566 3622 aliis
584 3545 806 3652 peragendis
824 3547 967 3652 possint
984 3545 1094 3651 plene
1115 3543 1333 3622 deliberare.
1552 3538 1553 3542 ¹

360 3676 471 3762 Item,
492 3675 667 3752 direuint
686 3693 723 3753 et
741 3677 932 3782 protestati
953 3674 1109 3753 fuerunt
1127 3675 1231 3780 quod
1251 3676 1280 3751 si
1305 3675 1461 3780 predicti
1485 3678 1658 3782 Magister
1683 3697 1720 3754 et

305 3819 541 3907 preceptores
559 3805 703 3882 nollent
712 3806 771 3883 vel
782 3828 861 3882 non
873 3822 1026 3911 possent
1039 3807 1263 3885 concordare
1275 3804 1335 3883 vel
1353 3807 1530 3884 interesse
1545 3835 1632 3883 cum
1647 3807 1716 3894 eis,

306 3929 411 4033 quod
429 3930 693 4009 nichilominus
706 3935 776 4038 ipsi
793 3934 956 4011 lacerent
969 3936 1073 4042 quod
1088 3934 1279 4013 deberent.

361 4057 510 4151 Quibus
532 4060 675 4164 scriptis
690 4089 758 4164 per
774 4089 844 4140 nos
858 4064 1039 4153 notarios,
1059 4079 1097 4142 et
1115 4064 1315 4169 propositis
1335 4080 1372 4139 et
1388 4064 1532 4140 dictatis
1550 4091 1619 4168 per
1637 4093 1716 4153 eos,

305 4217 429 4266 coram
445 4189 553 4266 dictis
569 4189 732 4267 dominis
748 4191 1029 4279 commissoriis,
1047 4207 1085 4268 et
1098 4191 1203 4267 lectis
1220 4191 1259 4264 in
1277 4192 1419 4278 Latino,
1437 4209 1475 4267 et
1491 4194 1663 4298 expositis
1676 4197 1717 4271 in

305 4317 462 4422 vulgari,
484 4346 608 4394 coram
627 4319 803 4397 fratribus
822 4321 1056 4408 memoratis,
1078 4319 1165 4396 dicti
1186 4319 1328 4396 domini
1349 4322 1588 4399 commissarii
1607 4324 1717 4402 obtu-

305 4444 431 4521 lerunt
442 4446 496 4522 eis
508 4448 640 4524 iterato
651 4451 757 4554 quod
767 4449 884 4555 parati
898 4466 1020 4537 erant,
1033 4451 1063 4526 si
1079 4465 1117 4526 et
1130 4465 1314 4554 quantum
1328 4449 1375 4528 de
1387 4449 1473 4555 jure
1486 4468 1714 4543 tenerentur,

304 4573 470 4677 recipere
483 4593 756 4679 procuratores,
771 4579 802 4656 si
816 4591 882 4655 eos
895 4578 1069 4655 volebant
1079 4579 1272 4657 nominare
1290 4596 1328 4655 et
1346 4581 1589 4675 constituere,
1604 4604 1717 4689 prout

304 4703 539 4805 predixerant
556 4706 625 4795 eis,
646 4723 684 4783 et
702 4707 856 4813 insuper
875 4735 939 4786 eos
954 4727 992 4786 et
1011 4736 1143 4785 eorum
1164 4708 1373 4815 quemlibet
1387 4725 1477 4787 tunc
1495 4728 1532 4789 et
1547 4716 1716 4820 quando-

306 4857 465 4940 cumque
479 4860 604 4913 coram
617 4837 672 4914 eis
687 4839 817 4917 venire
825 4836 979 4929 vellent,
994 4838 1156 4948 benigne
1172 4839 1323 4933 audire,
1339 4840 1369 4919 si
1387 4839 1529 4950 aliqnid
1543 4844 1716 4922 volebant
