4080 6052
459 538 461 543 ·
541 540 613 613 5ιιο
928 519 1245 613 ruoeesnrs
1272 538 1565 611 rennuens.

541 681 668 759 debite
688 681 940 768 celebrarent;
962 708 1049 756 non,
1062 681 1181 757 credit
1203 680 1309 785 quod
1335 708 1468 756 eorum
1489 678 1573 754 laici
1595 695 1750 783 possent
1769 677 1963 757 absolvere

510 879 512 882 ,
540 843 561 890 a
587 813 758 918 peccatis.
785 809 1344 916 Clandestinerecipiebantur,
1377 836 1522 914 exque
1546 824 1625 884 erat
1643 807 1812 914 suspicio
1837 827 1961 886 contra

542 972 626 1030 e0s3
657 971 733 1019 non
766 941 885 1017 credit
915 940 1021 1047 quod
1053 939 1250 1016 carnaliter
1280 937 1623 1024 commiscerentur,
1657 965 1730 1013 nec
1757 939 1859 1044 quod
1886 940 1958 1017 hoc

540 1073 805 1180 preciperetur,
823 1099 893 1147 nec
911 1071 1015 1176 quod
1035 1069 1219 1147 baberent
1236 1069 1364 1176 ydola,
1384 1096 1453 1145 nec
1472 1067 1580 1176 quod
1598 1065 1758 1145 cordule
1777 1097 1860 1145 cum
1877 1071 1958 1175 qui·

540 1204 612 1280 bus
635 1203 809 1310 jacebant
828 1217 1025 1306 tangerent
1045 1200 1163 1306 capita
1185 1198 1407 1307 ydolorum3
1428 1198 1552 1304 puniti
1578 1197 1740 1274 fuissent
1766 1199 1834 1304 qui
1861 1227 1958 1276 rere·

541 1336 680 1411 lassent
703 1351 840 1409 secreta
871 1331 1138 1436 capitulorum,
1161 1331 1279 1408 nescit
1306 1330 1485 1436 qualiter;
1512 1357 1582 1406 nec
1602 1329 1676 1406 fuit
1704 1329 1741 1406 ei
1756 1329 1959 1408 inhibitum

541 1493 609 1541 nec
635 1465 776 1540 audivit
798 1463 879 1538 aliis
900 1462 1064 1538 inhiberi
1093 1463 1196 1567 quod
1216 1490 1294 1540 non
1315 1463 1586 1539 confiterentur
1608 1460 1681 1537 nisi
1706 1461 1960 1539 sacerdotibus

543 1594 705 1683 ordinis,
735 1611 774 1670 et
797 1593 890 1668 vidit
907 1593 1023 1699 quod
1052 1592 1323 1670 confiterentur
1348 1592 1523 1669 fratribus
1553 1591 1771 1668 Carmelitis
1802 1609 1851 1670 et
1867 1592 1955 1669 aliis.

542 1726 582 1801 Si
610 1724 723 1829 aliqui
747 1723 913 1800 sciebant
943 1751 1087 1799 errores
1113 1724 1151 1798 in
1174 1723 1324 1813 ordine,
1349 1723 1502 1800 suerunt
1514 1722 1767 1830 negligentes,
1782 1723 1866 1830 quia
1879 1750 1956 1798 uon

542 1842 784 1930 correxerunt
807 1881 872 1929 eos
896 1880 964 1928 nec
989 1853 1310 1930 denunciaverunt
1328 1852 1505 1930 Ecclesie.
1529 1853 1768 1930 Elemosinas
1789 1855 1958 1958 etbospi-

541 1985 722 2062 talitatem
748 1983 839 2059 vidit
863 1983 1128 2060 convenienter
1147 1985 1282 2061 servari
1306 1985 1346 2060 in
1372 1985 1465 2061 locis
1480 1984 1519 2060 in
1539 1984 1681 2090 quibus
1703 1984 1779 2061 fuit
1800 2013 1960 2063 commo-

541 2134 658 2202 ratus3
671 2115 810 2191 audivit
823 2131 949 2188 tamen
965 2113 1038 2190 dici
1050 2115 1154 2220 quod
1164 2114 1370 2221 antiquitus
1391 2114 1525 2192 melius
1542 2112 1698 2190 fiebant.
1721 2115 1958 2193 Clandestine

542 2245 714 2349 capitulia
734 2244 971 2335 tenebantur,
997 2273 1073 2321 non
1098 2262 1224 2322 tamen
1248 2246 1390 2323 audivit
1406 2247 1511 2351 quod
1538 2245 1695 2322 excubie
1718 2265 1957 2352 ponerentur.

542 2376 662 2450 Totus
692 2374 785 2452 ordo
821 2391 997 2450 servasset
1032 2375 1136 2480 quod
1169 2405 1327 2485 magnus
1358 2376 1533 2482 Magister
1560 2404 1648 2452 cum
1677 2395 1868 2454 conventu
1896 2393 1961 2452 sta-

540 2506 683 2581 tuisset.
725 2503 889 2583 Grandia
931 2505 1102 2581 scandala
1146 2523 1275 2583 contra
1317 2507 1491 2583 ordinem
1528 2524 1615 2582 sunt
1652 2521 1783 2584 exorta
1814 2525 1960 2614 propter

540 2635 723 2739 predicta,
741 2654 779 2712 et
798 2635 985 2712 obtulerat
1005 2664 1043 2712 se
1061 2636 1283 2714 deffensioni
1302 2637 1463 2723 ordinis,
1480 2637 1546 2714 sed
1566 2638 1815 2748 postmodum
1832 2668 1960 2717 renun-

464 2752 495 2775 ”
541 2767 706 2842 ciaverat.

597 2897 811 3001 Requisitus
825 2897 855 2973 si
869 2896 920 2971 sic
934 2898 1160 3002 deposuerat
1172 2928 1296 3004 prece,
1310 2891 1505 3006 precepto,
1520 2898 1675 2987 timore,
1694 2928 1835 2991 amore,
1851 2902 1954 2985 odio,

540 3022 599 3099 vel
611 3025 807 3129 temporali
825 3028 986 3103 comodo
1005 3027 1134 3107 habito
1152 3030 1212 3106 vel
1230 3028 1424 3118 hahendo,
1444 3030 1642 3132 respondit
1657 3031 1766 3137 quod
1781 3059 1874 3119 non,
1894 3035 1958 3110 sed

541 3182 610 3258 pro
642 3155 794 3230 veritate
818 3154 987 3232 dicenda.
1015 3157 1087 3234 Cui
1107 3158 1179 3236 fuit
1202 3162 1415 3267 injunctum
1443 3159 1548 3264 quod
1570 3188 1648 3236 non
1665 3160 1849 3239 revelaret
1870 3162 1959 3239 banc

542 3314 648 3360 suam
672 3285 951 3390 depositionem
972 3316 1169 3394 quousque
1192 3292 1451 3368 attestaciones
1471 3289 1612 3367 luerint
1632 3293 1831 3396 publicato.

596 3548 747 3624 Eisdem
779 3548 839 3623 die
870 3566 907 3624 et
928 3548 1011 3624 loco
1043 3547 1194 3624 luerunt
1210 3549 1361 3626 adducti
1386 3580 1453 3656 pro
1477 3551 1638 3627 testibus
1660 3551 1704 3625 ad
1724 3553 1954 3656 presenciam

542 3680 728 3755 dictorum
765 3680 1008 3755 dominorum
1046 3680 1388 3758 commissariorum
1420 3681 1548 3758 iratres
1583 3683 1736 3759 lacobus
1763 3683 1955 3771 Cormele,

542 3812 729 3886 lohannes
751 3812 797 3886 de
825 3811 1056 3897 Valbellant,
1082 3813 1269 3888 lohannes
1295 3813 1341 3887 de
1374 3815 1471 3888 besu
1498 3815 1614 3888 sancti
1645 3815 1821 3892 Germani
1859 3816 1960 3892 Sues·

542 3942 745 4028 sionensis,
774 3941 859 4019 Odo
898 3943 944 4018 de
977 3942 1219 4031 Castroduni,
1249 3942 1493 4019 Tbeobaldus
1519 3944 1565 4019 de
1595 3944 1787 4021 Basimont
1822 3945 1958 4023 Carno-

540 4074 672 4161 tensis,
686 4071 897 4178 Stephanus
920 4072 1100 4150 d’Omont
1119 4072 1352 4164 Parisiensis,
1380 4072 1610 4150 Guillelmus
1628 4075 1675 4150 de
1691 4074 1739 4153 Gi
1754 4076 1956 4163 bisuntini,

543 4205 732 4279 lebannes
748 4205 793 4279 de
814 4203 958 4279 Barleta
981 4204 1217 4292 Leodiensis,
1230 4202 1406 4280 Albertus
1423 4205 1469 4279 de
1483 4203 1645 4281 Grovilla
1657 4206 1955 4292 Cathalonensis,

544 4348 580 4407 et
590 4332 753 4409 Thomas
770 4332 912 4410 Gancin
923 4334 1131 4439 Bajocensis
1142 4334 1380 4410 diocessium.
1394 4335 1469 4426 Qui
1478 4393 1487 4422 ,
1496 4336 1676 4438 premissa
1690 4338 1957 4441 protestacione

543 4464 647 4566 quod
666 4493 742 4539 non
766 4466 969 4541 intendunt
988 4467 1165 4542 recedere
1192 4495 1212 4540 a
1236 4465 1542 4570 deposicionibus
1565 4496 1633 4571 per
1660 4495 1724 4543 eos
1748 4467 1857 4545 factis
1879 4469 1958 4544 alias

544 4621 667 4666 coram
700 4594 914 4686 ordinariis,
945 4612 981 4671 et
1010 4597 1114 4702 quod
1144 4596 1173 4671 si
1204 4596 1345 4702 aliquid
1378 4626 1444 4701 per
1479 4598 1757 4702 simplicitatem
1789 4601 1848 4675 vel
1879 4599 1956 4675 alias

545 4720 710 4796 dicerent
729 4741 856 4799 contra
883 4754 1014 4802 eorum
1041 4727 1318 4832 deposiciones,
1344 4727 1400 4802 vel
1425 4727 1508 4831 plus
1528 4728 1585 4803 vel
1609 4729 1751 4820 onnus,
1782 4730 1889 4835 quod
1911 4730 1956 4803 eis

543 4878 618 4925 non
639 4850 845 4956 prejudicet
863 4883 931 4930 nec
950 4875 1080 4933 noceat
1100 4857 1139 4932 in
1159 4857 1296 4964 aliquo.
1320 4859 1563 4945 Juraverunt,
1589 4860 1695 4936 tactis
1725 4857 1956 4938 sacrosanctis
