4080 6052
463 526 1104 623 neocasnrsrnunmnns.
1423 549 1496 622 sae

78 688 244 771 servatus
259 691 319 768 lric
339 690 487 768 modus.
509 693 601 769 Nam
619 715 665 767 eo
680 690 858 766 existente
880 706 980 766 extra
996 690 1177 796 capellam
1194 688 1416 794 predictam,
1438 718 1499 766 ve—

79 841 216 899 nerunt
232 821 278 897 ad
304 849 393 897 eum
419 821 496 897 duo
520 849 563 897 ex
591 816 703 897 dictis
729 818 919 907 fratribus,
949 821 1124 898 videlicet
1148 819 1319 896 lohanne
1348 821 1497 895 Pancon

79 971 116 1029 et
132 954 303 1030 Jobanne
315 952 516 1038 Monestal,
538 953 705 1029 dicentes
724 951 759 1028 ei
779 952 885 1058 qrxod
902 951 1002 1028 bene
1022 948 1200 1058 cogitaret
1211 950 1248 1026 'si
1265 949 1415 1026 volebat
1434 977 1498 1025 eo-

78 1112 162 1160 rnm
179 1083 403 1190 religionem
424 1083 589 1190 ingredi,
614 1083 702 1189 quia
722 1100 913 1189 oporteret
931 1110 1020 1160 eum
1041 1082 1160 1160 multa
1180 1083 1275 1157 dura
1294 1082 1495 1172 sustinere,

79 1233 117 1290 et
136 1215 301 1323 vigillare
319 1215 471 1320 quando
493 1214 606 1291 vellet
627 1214 809 1302 dormire,
833 1232 871 1290 et
896 1214 1060 1291 dormire
1086 1213 1239 1318 quando
1263 1212 1376 1288 vellet
1392 1214 1499 1319 vigil·

80 1345 173 1432 lare,
199 1363 238 1423 et
264 1345 424 1422 essurire
453 1347 608 1452 quaudo
630 1344 743 1422 vellet
770 1345 987 1432 comedere,
1015 1361 1053 1422 et
1077 1344 1196 1420 multa
1221 1344 1374 1431 similia3
1403 1360 1441 1421 et
1467 1345 1498 1421 si

79 1475 177 1552 bene
200 1476 355 1564 laceret,
377 1472 534 1553 baberet
557 1460 702 1553 bonum
719 1475 926 1581 premium,
949 1492 987 1551 et
1006 1476 1035 1552 si
1057 1476 1171 1562 male,
1194 1475 1335 1551 durum
1355 1475 1498 1580 suppli-

79 1609 191 1682 cium.
223 1609 312 1701 Quo
337 1602 589 1713 respondente
615 1624 788 1713 paratum
813 1607 939 1684 omnia
965 1607 1149 1684 sustinere
1179 1622 1217 1682 et
1242 1606 1404 1682 instante
1428 1632 1497 1712 pro

78 1739 298 1843 recepcione
320 1738 502 1844 predicta,
527 1764 614 1815 cum
640 1734 729 1815 dicti
751 1735 884 1814 fratres
906 1753 944 1813 et
967 1754 1139 1842 receptor
1160 1735 1432 1813 deliberassent
1451 1736 1499 1811 ud

79 1869 257 1952 invicem,
280 1869 401 1945 dicus
420 1885 618 1975 preceptor
636 1867 778 1974 recepit
797 1892 904 1957 eum,
923 1885 962 1944 et
977 1868 1146 1973 inposuit
1165 1866 1235 1943 sibi
1255 1866 1496 1953 mantellum,

52 2006 56 2012 '
81 2000 254 2076 osculans
275 2025 363 2076 eum
389 2001 428 2075 in
460 2026 536 2077 ore.
565 2002 614 2076 Et
636 1998 881 2105 postmodum
906 1997 994 2075 lecit
1011 2024 1100 2075 eum
1119 2022 1250 2075 vovere
1280 1998 1496 2085 castitatem,

82 2130 357 2216 obedienciam,
379 2147 417 2206 et
435 2130 556 2207 vivere
579 2130 658 2207 sine
680 2128 851 2235 proprio,
881 2145 918 2206 et
936 2130 1064 2236 jurare
1089 2156 1202 2234 super
1227 2128 1431 2234 quemdam
1455 2128 1500 2204 li-

82 2263 210 2348 brum,
226 2261 291 2367 qui
306 2279 384 2337 erat
396 2259 561 2350 missale,
580 2277 624 2337 ut
641 2260 780 2347 credit,
797 2260 902 2365 quod
920 2277 1081 2336 servaret
1092 2260 1212 2335 bonos
1225 2286 1315 2335 usus
1331 2274 1368 2336 et
1381 2259 1500 2336 bonas

83 2392 376 2469 consuetudines
392 2391 550 2482 ordinis,
564 2407 602 2467 et
615 2391 719 2496 quod
735 2406 882 2466 teneret
899 2406 1038 2466 secreta
1054 2389 1315 2495 capitulorum.
1329 2392 1500 2496 Postque

83 2522 205 2598 dictus
224 2539 395 2626 receptor
410 2521 553 2597 babens
576 2521 616 2596 in
637 2546 750 2597 manu
776 2545 841 2596 sua
869 2518 1071 2625 quamdam
1088 2543 1239 2595 crucem
1259 2518 1437 2624 ligneam,
1460 2520 1499 2595 in

82 2680 156 2757 qua
176 2669 255 2728 erat
273 2652 420 2757 depicta
440 2678 574 2758 ymago
594 2650 789 2742 Crucifixi,
807 2650 974 2755 precepit
988 2650 1022 2725 ei
1039 2651 1142 2755 qnod
1158 2649 1359 2756 abnegaret
1375 2651 1501 2728 Deum

82 2800 121 2858 et
139 2798 292 2888 spueret
310 2807 420 2888 supra
441 2782 578 2858 dictam
597 2804 761 2857 crucem.
787 2780 834 2856 Et
857 2806 944 2856 oum
971 2780 1072 2857 idem
1094 2780 1199 2857 testis
1220 2797 1317 2858 esset
1336 2780 1501 2858 multum

83 2912 310 3018 stupefactus
325 2928 363 2989 et
378 2912 566 2999 turbatus,
587 2911 752 2999 ordint,
769 2926 807 2987 et
822 2900 1020 3016 preceptor
1033 2898 1174 2987 diceret
1184 2909 1290 3017 quod
1304 2911 1502 3017 oportebat

83 3071 173 3118 eum
190 3041 311 3118 facere
329 3041 514 3146 predicta,
532 3041 643 3117 idem
666 3040 771 3118 testis
791 3039 925 3117 dolens
945 3057 983 3116 et
1000 3041 1133 3130 tristis,
1159 3057 1203 3117 ut
1224 3040 1331 3128 dixit,
1356 3042 1503 3148 negavit

85 3198 173 3247 eum
196 3199 279 3263 ore,
305 3198 381 3247 non
402 3169 533 3259 corde,
554 3185 593 3247 et
612 3171 714 3276 spuit
727 3183 803 3247 n'on
823 3195 936 3277 supra
960 3170 1028 3248 sed
1041 3169 1148 3276 juxta
1173 3170 1311 3247 dictam
1335 3198 1498 3249 crucem.

84 3303 165 3378 Non
185 3319 312 3377 tamen
331 3299 473 3386 recolit,
491 3317 533 3376 ut
546 3300 638 3376 dixit
649 3301 864 3405 requisitus,
886 3301 915 3376 si
932 3301 1037 3406 prius
1052 3301 1240 3407 negaverit
1259 3324 1372 3405 quam
1392 3329 1503 3405 spue-

84 3433 147 3519 rit,
177 3431 237 3508 vel
264 3448 450 3516 eccontra,
478 3431 568 3537 quia
594 3447 672 3508 erat
697 3456 742 3507 ex
768 3432 947 3538 predictis
973 3431 1138 3507 multum
1165 3429 1401 3536 perterritus,
1433 3458 1503 3506 nec

84 3580 212 3667 postea
236 3562 308 3639 luit
325 3562 422 3638 bene
443 3561 561 3654 letus,
583 3578 627 3639 ut
646 3562 750 3640 dixit.
773 3564 884 3655 Item,
902 3562 995 3638 dixit
1013 3561 1118 3667 quod
1136 3575 1223 3667 post
1245 3559 1425 3666 premissa
1445 3560 1503 3636 di·

85 3709 166 3767 ctus
178 3708 350 3796 receptor
361 3691 529 3798 precepit
540 3690 576 3768 ei
591 3690 697 3798 quod
715 3693 948 3769 oscularetur
967 3718 1057 3768 eum
1074 3691 1114 3767 in
1127 3715 1214 3777 ano,
1232 3705 1270 3766 et
1283 3689 1415 3766 levavit
1428 3716 1504 3766 ves

85 3839 142 3895 tes
162 3846 268 3906 suas;
288 3844 365 3895 non
383 3836 510 3897 tamen
530 3821 706 3926 deposuit
720 3819 887 3909 braccas,
909 3821 1045 3927 etipse
1064 3821 1169 3898 testis
1191 3818 1263 3895 luit
1284 3846 1374 3896 eum
1398 3844 1505 3897 oscu-

87 3951 183 4026 latus
200 3950 242 4026 in¹
260 3974 369 4026 came
387 3950 489 4027 nuda
508 3950 607 4027 inter
623 3950 790 4028 braccale
807 3966 846 4028 et
860 3978 1007 4039 zonam,
1022 3976 1092 4029 nec
1108 3951 1347 4058 interrogarit
1360 3978 1435 4058 qua
1456 3951 1504 4028 de

87 4107 196 4158 causa
215 4080 324 4157 lieret
341 4080 484 4157 dictum
509 4079 701 4174 osculum,
727 4080 824 4158 sicut
846 4082 953 4169 dixit,
976 4082 1139 4159 adiciens
1163 4081 1269 4188 quod
1294 4098 1402 4158 antea
1419 4098 1505 4188 post

87 4212 261 4289 osculum
281 4211 510 4318 recepcionis
529 4212 569 4287 in
589 4236 673 4301 ore,
695 4209 768 4289 luit
787 4211 975 4289 osculatus
987 4238 1120 4291 omncs
1139 4211 1270 4288 fratres
1289 4228 1449 4290 astantes
1464 4212 1504 4290 in

86 4368 164 4418 ore.
185 4343 295 4433 Item,
318 4342 411 4419 dixit
429 4342 536 4447 quod
560 4341 653 4418 circa
674 4357 751 4419 tres
773 4342 997 4449 septimanas
1016 4356 1100 4450 post
1123 4342 1383 4448 recepcionem
1407 4340 1505 4449 ejus-

87 4474 191 4560 dem,
209 4471 311 4548 idem
331 4472 437 4549 testis
450 4466 524 4549 fuit
542 4470 734 4549 confessus
755 4472 802 4551 (le
816 4472 996 4578 predictis
1015 4471 1193 4550 omnibus
1214 4471 1317 4548 fratri
1335 4471 1504 4551 Gerardo

87 4601 217 4678 lectori
233 4600 389 4678 fratrom
410 4602 600 4680 Minorum
622 4603 670 4680 de
690 4601 934 4692 Altisiodoro,
956 4604 994 4679 in
1015 4601 1154 4711 capella
1176 4602 1273 4681 dicte
1298 4603 1435 4681 domus
1456 4600 1504 4680 de

88 4730 221 4820 Salice,
244 4730 425 4838 adquam
442 4749 594 4810 venerat
614 4733 736 4811 dictus
755 4731 882 4813 lector.
905 4733 993 4829 Qui,
1014 4734 1142 4811 audita
1158 4733 1240 4841 ejus
1254 4732 1503 4818 consessione,

88 4863 159 4939 fuit
175 4860 341 4939 multum
361 4863 607 4971 stupefactus,
621 4880 660 4942 et
674 4863 831 4943 absolvit
848 4892 937 4943 eum
950 4865 1111 4972 inposita
1125 4866 1159 4943 ei
1174 4865 1386 4972 penitencia
1400 4858 1506 4971 quod

1349 5001 1398 5066 [ιδ.
