4080 6052
692 521 885 619 rnocns
911 543 1005 616 uns
1032 543 1333 617 Tanemois.
1648 548 1717 619 soi

360 686 470 773 Item,
491 683 539 760 ad
555 708 626 761 oxu
648 684 687 761 et
704 711 788 762 mnu
809 683 1005 790 respoudit
1022 710 1061 761 se
1082 682 1266 762 audivisse
1287 682 1360 758 dici
1382 699 1556 759 contenta
1575 685 1615 757 in
1635 685 1725 788 ipsis

303 814 466 892 articulis
486 841 565 891 esse
584 842 682 891 vera.
912 814 914 819 ’

359 945 469 1032 Item,
488 944 536 1021 ad
555 971 767 1025 curu-cxvu
784 945 983 1051 respondit
1007 971 1046 1020 se
1067 945 1211 1022 nescire
1234 944 1306 1020 nisi
1330 972 1355 1018 a·
1368 959 1540 1049 tempore
1559 972 1636 1050 quo
1655 942 1727 1019 suit

268 1077 274 1093 ‘
303 1076 344 1151 in
367 1077 519 1168 ordine,
542 1077 664 1154 credit
686 1095 822 1154 tamen
836 1077 942 1184 quod
967 1077 1188 1169 anteadicti
1213 1102 1360 1153 errores
1383 1075 1557 1181 uigebant
1581 1076 1620 1152 in
1646 1078 1727 1181 ipso

304 1208 456 1298 ordine,
473 1207 541 1285 sed
560 1209 803 1313 nescitaque
823 1205 1170 1312 tempore-,lirenmt
1187 1206 1403 1283 introducti.
1422 1206 1479 1284 De
1497 1206 1727 1312 negligencia

305 1354 431 1414 autem
453 1337 547 1414 dixit
563 1354 678 1443 prout
696 1365 810 1443 supra
830 1337 1028 1443 deposuit..

363 1468 472 1555 Item,
495 1469 544 1546 ad
559 1493 665 1547 cxvur
685 1467 882 1573 respondit
901 1494 940 1544 se
962 1466 1106 1544 nescire
1122 1467 1227 1572 quod
1243 1466 1359 1572 aliqui
1376 1484 1530 1573 propter
1544 1469 1729 1573 predictas

304 1595 476 1674 feditates
496 1598 690 1675 exivenmt
708 1597 884 1675 ordinem
903 1613 1165 1681 memoratum.
1273 1636 1274 1641 ,

362 1728 472 1814 Item,
495 1727 544 1805 ad
563 1754 684 1806 cxvuu
703 1728 901 1833 respondit
919 1753 959 1804 se
978 1725 1132 1804 credere
1154 1743 1328 1824 contenta
1347 1727 1388 1801 in
1408 1754 1465 1803 eo.

362 1857 477 1949 tan,
498 1857 547 1935 ad
572 1872 748 1937 cxx-xxm
767 1856 964 1963 respondit
987 1884 1034 1934 se
1047 1855 1202 1933 credere
1224 1857 1329 1962 quod
1349 1855 1414 1932 illa
1436 1856 1484 1933 de
1504 1857 1730 1963 quibusmu-

307 1984 571 2092 pmeelepusuit
589 2004 714 2064 essent
742 2005 830 2064 nota
858 1988 959 2063 inter
980 1984 1114 2063 iratres
1139 1986 1240 2063 dicti.
1256 1987 1415 2078 ordinis,
1438 2003 1477 2063 et
1502 1988 1607 2095 quod
1634 2005 1732 2066 esset

273 2122 278 2131 '
310 2115 554 2221 dn-pnffictis
574 2118 787 2195 communis
804 2117 1059 2223 opinio-inter·
1071 2145 1159 2194 eos.-·
1169 2118 1227 2196 De
1248 2118 1432 2196 extraneis
1452 2118 1498 2194 ab
1519 2120 1652 2200 ordine
1672 2121 1730 2198 ni-

308 2244 385 2323 chil
404 2246 488 2334 scit,
510 2246 607 2324 sicut
625 2247 730 2324 dixit.

366 2377 477 2467 Item,
498 2377 546 2454 ad
563 2403 756 2457 oxxuu-vu
775 2378 971 2484 respondit
990 2404 1030 2454 se
1049 2378 1166 2454 nichil
1183 2379 1288 2457 scire:

367 2507 476 2598 Item,
498 2506 701 2615 requisitus
718 2508 749 2585 si
769 2509 822 2586 sic
842 2507 1019 2614 deposuit
1036 2534 1165 2614 prece,
1186 2526 1281 2599 etet,
1292 2527 1337 2587 ut
1353 2536 1475 2616 supra.

364 2771 455 2848 Post
469 2773 559 2863 hec,
578 2769 640 2850 die
660 2772 766 2850 Lune
782 2789 868 2850 ante
887 2768 1026 2852 festum
1046 2771 1173 2851 Natale
1193 2771 1366 2856 Domini,
1385 2799 1461 2878 que
1480 2771 1553 2848 fnit
1570 2799 1631 2849 niu
1650 2774 1732 2852 dies

308 2901 457 2979 mensis·
471 2902 708 2994 Decembris,
735 2918 992 2980 convenerunt
1014 2901 1055 2977 in
1086 2900 1185 2977 dicta
1210 2901 1325 2978 domo
1350 2900 1439 2978 dicti
1463 2902 1606 2979 domini
1631 2931 1732 2980 com-

309 3030 486 3119 missarii,
505 3050 659 3138 excepto
679 3033 834 3111 domino
853 3031 1149 3137 archiepiscopo,
1169 3047 1207 3107 et
1224 3026 1304 3108 luit
1315 3032 1500 3109 adductus
1520 3033 1568 3110 ad
1586 3060 1733 3139 presen-

309 3160 406 3236 ciam
423 3162 647 3239 eorumdem
660 3162 776 3240 frater
789 3156 1004 3269 Stephanus
1025 3162 1073 3238 de
1093 3161 1251 3239 Divione
1268 3160 1468 3265 presbiter,
1478 3161 1735 3268 ¹‘lingonensis

310 3290 485 3380 diocesis,
506 3309 705 3398 preceptor
724 3293 772 3370 de
791 3292 965 3380 Divione,
982 3291 1089 3369 testis
1108 3318 1221 3396 supra
1234 3290 1403 3395 juratus,
1420 3291 1546 3379 etatis,
1564 3307 1607 3366 ut
1623 3291 1731 3382 dixit,

308 3422 542 3529 septuaginta
566 3424 732 3500 duorum
759 3448 945 3501 annorum
970 3422 1030 3498 vel
1059 3422 1172 3513 circa,-
1187 3442 1270 3498 uon
1296 3420 1483 3497 defferens
1509 3420 1733 3511 mantellum

308 3551 464 3640 ordinis,
481 3553 585 3661 quia,
602 3554 698 3631 sicut
718 3554 827 3644 dixit,
847 3570 978 3661 gentes
995 3552 1102 3630 ducis
1115 3551 1336 3659 Burgundie
1351 3550 1602 3637 abstollerunt
1617 3551 1651 3627 ei
1666 3578 1735 3657 per

309 3710 355 3763 xv
376 3683 457 3761 dies
474 3700 561 3790 post
575 3685 791 3791 capciouem
811 3683 996 3793 ejusdem.
1017 3682 1145 3759 Lectis
1161 3699 1288 3759 amem
1305 3698 1345 3759 et
1364 3680 1566 3787 diligenter
1584 3681 1655 3759 sibi
1674 3709 1735 3758 ex·

309 3812 442 3917 positis
460 3813 645 3891 omnibus·
657 3831 696 3892 et
716 3813 875 3922 singulis
894 3812 1076 3905 erticrdis,
1094 3812 1291 3918 respondit
1309 3812 1358 3888 ad
1378 3839 1443 3889 eos
1460 3828 1505 3889 ut
1523 3812 1704 3918 sequitur.

367 3942 416 4018 Et
430 3941 578 4046 primo,
600 3943 649 4020 ad
668 3957 749 4020 11110‘
771 3943 915 4049 primos
937 3942 1114 4021 articulos
1140 3943 1234 4020 dixit
1251 3969 1291 4018 se
1315 3943 1460 4019 nesoire
1485 3943 1590 4048 quod
1613 3968 1734 4019 serva-

311 4072 424 4148 batur
445 4071 487 4148 iu
507 4071 658 4159 ordine,
679 4089 964 4177 verumptamen
986 4073 1028 4148 in
1049 4071 1269 4176 recepcione
1293 4099 1360 4148 siaa
1380 4071 1474 4148 laeta
1494 4098 1563 4178 per
1583 4071 1734 4150 fratrem

311 4204 466 4280 Petrum
488 4202 537 4280 de
559 4203 725 4310 Sivrsyo
737 4219 1001 4310 preceptorem
1019 4201 1068 4279 de
1089 4200 1483 4306 Buris,·Lingonensis
1502 4202 1735 4295 diocesis,·*in
1755 4234 1758 4241 ·

311 4332 452 4438 capelle
469 4334 607 4412 domus
623 4333 773 4439 Templi
795 4333 843 4411 de
859 4332 1086 4411 Taverniaoo
1109 4331 1208 4410 dicte
1230 4331 1390 4409 diocesis
1412 4332 1736 4439 lingonensiseiu

312 4460 407 4541 festo
432 4462 669 4542 Ascerrsionis
684 4463 839 4542 Domini
863 4463 1036 4571 proximo
1057 4461 1256 4569 preterito,
1274 4462 1430 4539 fixerunt
1447 4464 1579 4541 decem
1596 4480 1636 4542 et
1651 4481 1734 4543 octo

309 4593 401 4668 anni
421 4593 537 4700 elapsi
561 4594 620 4672 vel
641 4595 752 4685 eirca,
771 4595 898 4701 petitis
918 4622 1015 4702 pane
1027 4610 1077 4671 -et
1095 4591 1194 4701 aqua
1217 4610 1256 4670 et
1278 4594 1415 4677 vestitu
1427 4594 1576 4673 ordinis
1592 4622 1661 4703 per
1677 4596 1735 4675 di-

311 4739 415 4807 ctum
431 4740 568 4802 testem
586 4724 767 4834 aprelato
787 4742 1024 4833 preceptore,
1043 4742 1083 4802 et
1102 4752 1283 4830 responso
1304 4752 1374 4831 per
1395 4725 1520 4831 ipsum
1540 4718 1735 4834 precepto-

314 4880 394 4932 rem
410 4857 517 4964 quod
535 4859 745 4937 adverteret
758 4857 857 4966 quid
870 4857 1041 4965 petebat,
1060 4857 1151 4965 (pria
1168 4872 1365 4937 consuerat
1380 4855 1421 4935 iu
1437 4857 1566 4943 seculo
1582 4857 1681 4937 bene
1698 4875 1736 4935 et
