4080 6052
693 513 1334 615 processus-saumana
1645 536 1721 614 aas

305 708 394 760 mua
408 683 451 759 in
470 690 670 786 quaerant
688 673 800 761 ambo
817 672 905 765 soli,
929 672 1296 780 uzdint=eibi2p10d
1313 671 1516 780 abnegaret
1533 674 1659 755 Deum
1686 695 1724 755 et

304 811 411 919 qarod
427 824 706 916 spueretsnper
719 805 910 914 quandam
920 821 1079 883 'cracem
1094 803 1328 903 metallinam
1336 833 1459 912 quam
1470 804 1594 887 dictus
1603 805 1723 886 irater

304 939 478 1021 Galterus
507 952 698 1043 acceperat
715 937 763 1013 de
788 934 921 1026 altare,
943 949 982 1010 et
1000 932 1122 1013 dictus
1142 935 1251 1039 tostis
1270 935 1496 1042 respondit:
1518 935 1723 1031 Quomodo

303 1081 456 1178 possem
474 1071 549 1147 hoc
571 1066 719 1147 lacero?
740 1066 986 1172 Diotns‘v’em
1004 1063 1119 1149 nater
1134 1064 1310 1149 Galterus
1329 1065 1548 1173 subjunxit:
1567 1067 1725 1176 Oportet

305 1227 370 1278 vos
388 1202 463 1278 hoc
482 1198 620 1284 lacere,
642 1195 730 1303 quia
750 1194 825 1272 hoc
838 1210 905 1273 est
921 1195 973 1271 de
996 1193 1146 1300 punctis
1170 1194 1331 1284 ordinis3
1354 1212 1501 1278 ettunc
1520 1197 1600 1303 ipse
1619 1199 1724 1277 testis

308 1329 505 1438 abnegavit
517 1328 642 1406 Deum
658 1350 723 1402 ore
739 1353 817 1403 non
831 1325 963 1417 zarda,
982 1341 1021 1401 et
1033 1324 1138 1432 spuit
1153 1352 1231 1402 non
1248 1353 1365 1431 super
1380 1326 1449 1403 sed
1461 1327 1570 1434 juxta
1587 1328 1723 1408 dictam

307 1488 470 1541 crucem.
496 1456 740 1535 Postmodum
765 1455 862 1531 dixit
870 1456 918 1531 ei
948 1452 1286 1561 quodseecundum
1318 1470 1457 1560 puncta
1484 1456 1633 1536 ordinis¹
1659 1487 1726 1567 po-

306 1606 404 1667 terat
420 1617 508 1666 cum
529 1587 705 1683 fratribus
725 1584 920 1662 carnaliter
933 1584 1189 1676 commisceri,
1206 1600 1244 1661 ot
1257 1584 1328 1691 ipsi
1349 1613 1438 1665 cnm
1452 1611 1522 1679 eo;
1543 1588 1637 1666 dixit
1655 1589 1724 1698 ipsi

304 1721 391 1800 testi
420 1718 527 1826 quod
550 1719 626 1797 hoo
653 1716 817 1795 debebat
841 1712 939 1822 pati,
967 1714 1107 1821 etipse
1132 1714 1328 1820 respondit
1349 1716 1456 1823 quod
1477 1717 1585 1796 nullo
1609 1722 1725 1799 modo

306 1848 379 1928 hoc
397 1848 550 1936 faceret,
571 1876 647 1924 nec
658 1848 739 1924 hoc
751 1845 841 1922 lecit
858 1872 929 1937 nec
946 1842 1018 1920 luit
1035 1843 1256 1950 requisitum
1276 1843 1324 1920 de
1341 1845 1479 1924 osculis
1495 1838 1723 1939 inhonestis,

307 1979 365 2056 vel
378 1978 426 2056 de
443 1975 635 2085 aliquibus
649 1975 730 2052 aliis
746 1973 932 2053 contentis
946 1973 986 2055 in
1006 1973 1116 2064 dictis
1129 2000 1177 2053 -xv
1196 1972 1377 2065 articulis,
1394 2004 1472 2055 non
1487 1976 1559 2057 fuit
1577 1977 1726 2058 locutus

308 2108 450 2197 eidem,
471 2136 542 2184 nec
565 2107 634 2184 scit
654 2105 758 2182 aliud
780 2133 895 2212 quam
914 2133 1027 2211 supra
1046 2105 1276 2212 deposuerit.
1297 2107 1512 2213 Requisitus
1531 2109 1562 2186 si
1583 2109 1725 2188 viderat

309 2241 453 2347 aliquos
473 2239 566 2333 alios
583 2237 699 2344 recipi
712 2239 752 2314 in
768 2236 870 2314 dicto
887 2237 1037 2328 ordine,
1053 2237 1250 2341 respondit
1262 2238 1367 2344 quod
1388 2240 1455 2332 sic,
1472 2257 1562 2317 sunt
1574 2268 1623 2320 ιιι
1638 2243 1724 2318 anni

307 2371 366 2449 vel
390 2372 500 2458 cirea,
521 2368 675 2450 fratrem
690 2369 901 2445 Johannem
926 2366 973 2454 de
995 2365 1185 2455 luviniaco
1205 2367 1445 2457 servientem,
1466 2368 1726 2449 Ambianensis

309 2502 485 2593 diocesis,
500 2501 540 2576 in
555 2499 695 2605 capella
713 2498 848 2576 domus
861 2496 1010 2602 Templi
1024 2495 1260 2606 d’Oysimont
1278 2497 1448 2605 ejusdem
1470 2498 1645 2594 diocesis,
1659 2531 1727 2609 per

307 2632 457 2710 fratrem
484 2632 666 2712 Garinum
697 2631 747 2711 de
778 2628 920 2708 Grandi
949 2628 1116 2722 villarii,
1143 2628 1336 2738 quondam
1365 2631 1610 2720 servientem,
1636 2650 1727 2711 tunc

306 2779 568 2868 preceptorem
592 2760 639 2836 de
658 2759 830 2848 Pontivo,
852 2758 1092 2864 presentibus
1111 2758 1289 2837 fratribus
1308 2762 1418 2839 Petro
1443 2762 1491 2839 de
1511 2763 1627 2869 Legni
1649 2782 1728 2871 pre

309 2910 458 3000 ceptore
476 2894 575 2970 dicte
594 2893 802 2983 damnaret
820 2891 902 2969 aliis
918 2892 965 2969 de
981 2920 1145 2998 quorum
1165 2891 1386 2971 nominibus
1402 2921 1483 2972 non
1496 2893 1724 2986 recordatur,

310 3040 348 3100 et
372 3023 445 3100 fuit
466 3039 640 3128 receptus
662 3022 760 3101 sicut
784 3021 863 3129 ipse
887 3023 993 3099 testis
1018 3022 1194 3129 deposm't
1218 3049 1257 3100 se
1283 3021 1397 3103 larissa
1417 3040 1631 3129 receptum,
1657 3049 1728 3101 nec

310 3152 455 3260 aliquid
473 3152 647 3230 illicitum
666 3151 725 3229 vel
751 3152 996 3231 inhonestum
1019 3148 1092 3230 suit
1119 3152 1261 3230 dictum
1287 3152 1346 3229 vel
1370 3153 1510 3233 factum
1534 3153 1574 3231 in
1598 3180 1728 3260 recep-

311 3282 417 3359 cione
433 3283 600 3389 predicta
614 3310 683 3360 nec
696 3282 814 3358 eciam
830 3281 870 3357 in
886 3282 1101 3389 receptione
1121 3281 1246 3360 fratris
1260 3282 1358 3363 Petri
1378 3284 1426 3360 de
1444 3299 1570 3361 sancto
1584 3285 1729 3361 Maxen-

309 3413 367 3489 cio
393 3413 602 3501 servientis,
633 3412 699 3519 qni
725 3411 848 3491 eidem
882 3412 964 3499 die,
989 3412 1073 3490 loco
1101 3428 1141 3490 et
1162 3413 1273 3505 hora,
1299 3429 1338 3490 et
1369 3442 1438 3518 per
1464 3412 1630 3491 eundem
1657 3411 1729 3490 suit

309 3543 444 3621 eodem
467 3545 583 3622 modo
605 3560 796 3649 receptus,
828 3560 867 3620 et
886 3542 1006 3620 credit
1027 3559 1156 3620 tamen
1180 3541 1287 3649 quod
1305 3543 1345 3618 in
1366 3543 1490 3650 aliqua
1517 3542 1577 3623 (te
1597 3541 1729 3620 subse-

309 3675 440 3782 quenti
470 3674 611 3753 fuerint
638 3676 691 3752 eis
716 3675 815 3751 dicta
840 3673 968 3750 illicita
994 3700 1071 3779 que
1097 3673 1221 3748 dictus
1247 3671 1362 3749 frater
1387 3673 1563 3752 Galterus
1590 3674 1731 3753 dixerat

311 3805 363 3896 ei,
385 3820 424 3880 et
442 3804 543 3909 quod
567 3830 610 3880 ea
628 3803 823 3893 fecissent,
853 3819 894 3879 et
911 3803 1015 3909 quod
1035 3801 1246 3880 consimilia
1271 3802 1580 3912 injungebantur,
1605 3821 1643 3882 et
1661 3804 1730 3881 fie-

310 3932 405 4021 bant,
418 3949 507 4039 poet
516 3931 780 4039 receptionem
801 3932 975 4015 aliorume

368 4067 477 4151 Item,
499 4062 704 4170 requisitus
724 4088 916 4169 superavi
937 4079 974 4139 et
992 4059 1170 4138 omnibus
1190 4062 1455 4169 sequentibus,
1477 4064 1672 4170 respondit
1691 4093 1729 4141 ee

312 4195 428 4273 nichil
460 4195 552 4273 scire
586 4193 686 4271 ultra
715 4221 790 4300 que
816 4221 927 4298 supra
957 4191 1196 4299 deposuerit,
1228 4194 1301 4270 hoc
1331 4211 1483 4301 excepto
1516 4196 1622 4301 quod
1652 4194 1731 4302 ipse

312 4327 416 4404 testis
434 4326 533 4415 bene
549 4323 728 4402 credebat
744 4321 1000 4401 ecclesiasticis
1019 4323 1276 4413 sacramentis,
1293 4326 1555 4402 etsecundum
1572 4325 1732 4402 sormam

312 4456 475 4534 Ecclesia
496 4454 709 4536 celebrabat
728 4469 765 4530 et
785 4453 1024 4539 conficiebat,
1048 4469 1085 4528 et
1103 4452 1347 4559 creditaquod
1366 4455 1469 4531 idem
1487 4453 1652 4533 facerent
1670 4455 1732 4533 alii

314 4585 523 4663 sacerdotes
546 4578 710 4674 ordinis,
733 4599 771 4675 et
790 4582 895 4689 quod
913 4584 975 4660 alii
995 4582 1126 4660 fratres
1144 4581 1243 4659 bene
1263 4583 1461 4661 crederent
1478 4584 1733 4663 ecclesiasticis

314 4716 568 4809 sacramentis,
584 4733 622 4793 et
635 4711 925 4805 articutjofflei,
942 4713 1267 4821 licet-ex.quadam
1284 4716 1554 4806 consuetudine
1570 4716 1733 4794 facerent

315 4848 498 4956 abnegare
517 4849 658 4938 Deum,
680 4863 718 4925 et
741 4846 977 4953 preciperent
1003 4844 1108 4954 quod
1130 4864 1311 4952 spuerent
1332 4874 1447 4956 super
1473 4877 1639 4940 erucem,
1663 4874 1732 4925 nec
