4080 6052
469 530 665 623 procas
691 547 786 621 nus
811 547 1109 623 renuamus.
1429 553 1502 629 aas

84 693 175 770 ctori
201 710 306 782 tunc,
333 707 376 768 ut
399 690 533 776 credit,
555 689 714 767 fratrum
734 689 925 767 Minorum
947 691 994 767 de
1015 690 1260 777 Altisiodoro‚
1282 709 1503 796 potestatem

83 822 236 901 habenti
256 820 403 898 domiui
423 823 463 896 P.
485 821 534 899 de
552 822 721 926 Marayo,
739 836 831 897 tunc
850 821 1014 929 episcopi
1035 820 1357 910 Altisiodorensis,
1384 823 1423 899 in
1447 853 1505 900 ec-

82 952 191 1028 clesia
215 949 374 1029 fratrum
399 951 592 1031 Minorum
614 951 662 1027 de
687 949 934 1038 Altisiodoro,
957 969 995 1029 et
1015 950 1211 1031 absolutus
1233 980 1303 1056 per
1322 980 1426 1045 eum,
1450 954 1506 1029 in-

81 1082 200 1187 posita
224 1082 259 1173 ei
284 1082 496 1188 penitencia
519 1082 624 1189 quod
644 1080 786 1188 legeret
805 1082 943 1160 sexcies
962 1083 1199 1187 psalterium,
1223 1101 1387 1163 cantaret
1409 1085 1505 1162 duo-

82 1212 205 1291 decim
223 1212 356 1290 missas
370 1212 418 1290 de
436 1213 571 1291 Sancto
592 1212 756 1317 Spiritu,
774 1229 812 1288 et
823 1211 1014 1319 jejunaret
1032 1240 1081 1289 xu
1102 1213 1212 1291 sextis
1232 1211 1336 1291 seriis
1351 1213 1390 1290 in
1409 1244 1505 1320 pane

81 1360 119 1418 et
134 1372 246 1450 aqua,
268 1344 373 1450 quod
393 1359 433 1420 et
448 1342 548 1419 lecit.
569 1344 700 1421 Dictus
720 1359 846 1420 autem
866 1343 995 1434 lector,
1017 1344 1081 1449 qui
1108 1343 1217 1431 obiit,
1243 1343 1316 1421 luit
1340 1345 1503 1423 multum

80 1472 308 1577 stupefactus
333 1473 460 1551 audita
484 1472 583 1549 dicta
607 1473 839 1551 consessione
865 1500 947 1559 sua,
975 1490 1018 1549 ut
1042 1474 1149 1563 dixit,
1177 1492 1215 1551 et
1241 1474 1376 1580 adjecit
1399 1477 1503 1581 quod

79 1601 263 1680 libencius
280 1602 413 1681 fuisset
429 1603 598 1709 predicta
615 1602 807 1681 confessus
824 1602 927 1691 dicto
950 1604 1105 1680 domino
1123 1602 1407 1683 Altisiodorensi
1433 1607 1505 1711 epi-

77 1760 205 1837 scopo,
221 1733 252 1809 si
273 1733 356 1840 ejus
375 1749 468 1810 tunc
488 1733 632 1838 copiam
649 1733 854 1811 habuisset.
870 1733 927 1812 De
942 1732 1180 1838 presentibus
1196 1753 1333 1825 autem,
1351 1736 1502 1840 quando

76 1861 371 1951 hirmannus,
393 1864 486 1942 dixit
504 1893 544 1940 se
565 1891 643 1940 non
663 1863 862 1940 recordari.

132 1993 245 2081 Item,
285 1995 334 2071 ad
367 2011 541 2072 contenta
570 1995 656 2074 inv
691 2011 729 2070 et
759 2020 782 2070 x
815 1993 1064 2101 sequentibus
1095 1994 1288 2100 respondit
1319 2023 1365 2077 se,
1387 1995 1501 2073 nichil

78 2121 170 2198 scire
191 2122 262 2200 nisi
279 2124 385 2231 quod
404 2153 517 2229 supra
532 2124 719 2230 depostut.

134 2252 244 2342 Item,
262 2253 310 2330 ad
330 2279 389 2331 xvr
412 2271 449 2330 et
468 2281 518 2333 vu
535 2270 753 2358 sequentes,
771 2252 819 2330 de
839 2270 1070 2330 sacramento
1091 2254 1231 2343 altaris,
1248 2255 1441 2358 respondit
1461 2274 1502 2331 ut

77 2409 205 2485 supra,
224 2399 263 2459 et
286 2384 392 2488 quod
417 2384 496 2488 ipse
517 2383 695 2461 credebat
720 2401 949 2459 sacramenta
963 2383 1103 2471 altaris,
1121 2399 1159 2458 et
1178 2383 1296 2459 credit
1314 2384 1419 2488 quod
1438 2385 1498 2460 alii

77 2511 288 2599 crederent,
310 2513 380 2590 sed
398 2540 473 2589 non
494 2512 558 2589 ille
580 2513 646 2619 qui
665 2513 807 2617 recepit
825 2540 926 2588 eum.

132 2643 243 2730 Item,
260 2643 306 2718 ad
324 2670 424 2720 xxuu
445 2661 483 2719 et
508 2670 530 2722 v
556 2658 758 2748 sequentes
780 2642 977 2747 respondit
995 2670 1035 2718 se
1059 2642 1175 2719 nichil
1196 2643 1307 2729 scire,
1330 2670 1397 2718 nec
1423 2671 1500 2719 cre-

77 2770 188 2849 debat
208 2788 381 2849 contenta
396 2773 434 2849 in
455 2773 545 2878 ipsis
559 2772 723 2848 articulis
744 2800 824 2849 esse
844 2798 941 2851 vera.
1407 2747 1412 2757 ⁸

130 2903 243 2995 Item,
265 2902 312 2979 ad
331 2928 400 2980 xxx
422 2920 460 2980 et
479 2930 557 2982 vmr
576 2920 778 3009 sequentes
801 2902 998 3008 respondit
1021 2903 1068 2981 de
1089 2903 1226 2979 osculis
1251 2920 1438 3008 utsupra,
1462 2920 1499 2978 et

75 3031 182 3135 quod
199 3034 324 3109 statim
342 3059 412 3137 pro
431 3032 608 3137 professis
625 3030 872 3122 habebantur,
886 3033 1056 3108 nesciens
1071 3033 1101 3107 si
1112 3031 1290 3136 jurabant
1306 3060 1382 3108 non
1398 3032 1495 3107 exire

44 3213 48 3219 -
76 3160 266 3249 ordinem,
283 3161 371 3268 quia
388 3163 468 3267 ipse
486 3190 562 3238 non
573 3161 728 3266 juravit,
751 3188 820 3238 nec
838 3162 907 3238 scit
925 3162 955 3237 si
977 3162 1140 3266 suspicio
1157 3161 1278 3237 suerat
1293 3179 1418 3238 contra
1438 3190 1497 3265 or-

76 3290 221 3378 dinem,
242 3292 331 3397 quia
349 3293 588 3398 receptiones
605 3292 834 3368 clandestine
855 3290 1006 3368 fiebant.

131 3421 240 3517 Item,
266 3423 312 3499 de
338 3421 522 3498 contentis
546 3422 586 3496 in
610 3448 656 3497 m
677 3439 714 3498 et
739 3447 799 3499 rvr
824 3421 1071 3527 sequentibus
1092 3420 1286 3524 respondit
1310 3448 1351 3494 se
1371 3420 1494 3531 nichil

74 3551 271 3642 scire‚nisi
288 3553 360 3630 hoc
377 3553 556 3629 duntaxat
574 3552 681 3658 quod
698 3552 737 3628 in
753 3550 835 3656 ejus
850 3551 1070 3655 recepcioue
1087 3549 1159 3625 fuit
1177 3550 1211 3624 ei
1231 3549 1375 3625 dictum
1390 3550 1493 3655 quod
1625 3608 1628 3615 .

74 3679 285 3785 cingeretur
303 3710 378 3758 una
397 3681 553 3759 cordula
572 3709 685 3787 supra
706 3680 914 3765 camisiam,
937 3697 975 3756 et
994 3678 1114 3754 credit
1133 3677 1237 3783 quod
1258 3678 1307 3754 ita
1326 3679 1494 3783 precipe·

74 3824 179 3884 retur
196 3810 291 3886 aliis.

130 3938 241 4025 Item,
262 3937 310 4013 ad
334 3962 407 4014 nvn
430 3957 467 4015 et
492 3966 529 4016 ru
553 3955 754 4044 sequentes
782 3939 977 4044 respoudit
1001 3938 1106 4044 quod
1131 3937 1307 4014 credebat
1329 3938 1493 4014 eundem

74 4067 231 4143 modum
260 4066 395 4143 servari
425 4067 463 4142 in
492 4069 711 4173 recepcioue
738 4067 898 4143 aliorum
923 4068 988 4172 qui
1021 4066 1142 4142 luerat
1169 4083 1334 4141 servatus
1354 4067 1391 4140 in
1412 4096 1489 4154 sua,

74 4197 243 4273 nesciens
262 4196 425 4301 qualiter
442 4197 602 4274 fuissent
622 4196 746 4303 puniti
765 4197 830 4302 qui
857 4197 1023 4301 predicta
1041 4193 1161 4271 lacere
1182 4194 1401 4271 noluissent.
1423 4198 1493 4275 Per

60 4325 328 4430 jurameutum
347 4343 473 4403 tamen
493 4325 760 4432 injungebatur
782 4327 837 4404 eis
856 4326 961 4432 quod
975 4325 1142 4431 predicta
1162 4352 1238 4401 uon
1256 4323 1489 4409 revellerent,

71 4455 140 4531 sed
159 4483 236 4531 nou
254 4455 520 4564 injungebatur
534 4458 638 4561 quod
655 4483 732 4533 uon
751 4457 1021 4537 confiterentur
1035 4456 1106 4533 nisi
1124 4454 1303 4532 fratribus
1318 4455 1489 4560 ejusdem

72 4583 228 4660 ordinis.

127 4715 242 4802 Item,
262 4732 436 4793 contenta
452 4717 493 4792 in
513 4742 653 4804 untur,
675 4743 698 4796 v
718 4733 755 4793 et
779 4743 816 4795 vr
839 4715 1034 4821 respondit
1056 4743 1097 4820 se
1115 4716 1268 4792 credere
1288 4743 1373 4791 vera
1392 4743 1484 4791 esse.

129 4844 239 4935 Item,
260 4863 437 4925 contenta
456 4847 497 4923 in
517 4873 638 4925 nxxvu
658 4865 697 4925 et
715 4872 815 4927 mun
835 4846 1098 4950 sequentibus,
1124 4864 1308 4953 quantum
1333 4846 1379 4923 ad
1404 4873 1487 4922 mo-
1560 4894 1562 4899 ·
