4080 6052
308 525 384 597 220
691 480 887 595 rnoits
911 519 1006 591 uns
1032 519 1334 593 inuramus.
1423 565 1425 568 -

307 691 376 770 per
400 691 487 739 eum
508 659 731 739 confessatos
750 660 898 738 cuidam
918 660 1039 765 legato
1060 658 1168 737 Sedis
1187 660 1399 765 Apostolice
1422 660 1488 767 qui
1508 678 1588 738 erat
1608 663 1730 742 cardi·

310 793 404 872 nalis
424 808 461 868 et
480 791 733 880 Lombardus,
756 807 800 866 ut
822 789 893 866 sibi
912 789 1071 878 videtur,
1094 791 1132 865 in
1152 790 1246 867 sesto
1266 790 1364 867 beati
1385 790 1534 868 Martini
1553 793 1729 897 proximo

309 924 412 1029 lapso
433 922 490 999 vel
510 922 604 1016 circa
623 920 777 997 fuerunt
796 946 818 999 v
837 921 924 997 anni
945 919 1078 1024 elapsi,
1100 937 1137 996 et
1161 920 1284 997 dictus
1307 920 1452 1027 legatus
1476 921 1639 1028 injunxit
1655 923 1728 1002 sibi

310 1051 558 1159 penitenciam
581 1050 686 1158 quod
709 1050 783 1126 iret
808 1050 905 1126 ultra
930 1078 1032 1125 mare
1059 1067 1098 1126 et
1120 1050 1278 1127 absolvit
1302 1079 1392 1128 eum
1416 1079 1436 1125 a
1459 1069 1628 1155 peccato,
1659 1080 1730 1131 nec

301 1182 473 1290 injunxit
491 1181 561 1258 sibi
581 1180 686 1287 quod
706 1180 904 1257 reintraret
929 1179 1102 1255 ordinem
1127 1180 1175 1255 de
1199 1209 1277 1286 quo
1299 1196 1390 1256 tuuc
1417 1180 1573 1271 exierat,
1600 1181 1729 1262 diceus

274 1357 276 1359 ·
312 1312 418 1420 quod
438 1340 482 1387 ex
501 1311 667 1417 predicta
687 1339 796 1387 causa
814 1309 964 1386 volebat
986 1309 1041 1386 ire
1067 1308 1165 1385 u'ltra
1184 1337 1302 1399 mare,
1325 1309 1476 1416 quando
1494 1309 1568 1387 luit
1586 1328 1727 1437 eaptus

313 1443 415 1520 Dixit
431 1442 585 1546 insuper
600 1440 704 1546 quod
721 1439 816 1515 inira
833 1439 929 1516 duos
947 1466 1095 1547 menses
1111 1456 1310 1545 postquam
1328 1439 1448 1515 luerat
1463 1440 1638 1545 predicta·
1647 1470 1729 1522 con

314 1571 434 1647 lessus
450 1569 619 1677 predicto
637 1569 829 1657 cardinali,
850 1567 923 1646 fuit
941 1567 1072 1646 eadem
1089 1567 1279 1647 confessus
1293 1569 1571 1677 archiepiscopo
1590 1572 1729 1675 Trepe-

202 1682 204 1687 ⁸
313 1702 413 1778 rensi
435 1730 536 1778 nunc
558 1700 748 1778 deffuncto
766 1701 805 1776 in
823 1700 970 1777 civitate
977 1676 1218 1791 Treverensi,
1239 1717 1277 1776 et
1293 1699 1453 1807 injunxit
1469 1698 1541 1776 nbi
1556 1701 1730 1808 peniten-

313 1831 408 1908 ciam
428 1831 532 1937 quod
551 1831 740 1939 jejunaret
764 1829 899 1907 diebus
925 1828 1102 1906 sabatinis
1123 1829 1213 1906 totis
1236 1831 1471 1935 temporibus
1489 1832 1565 1909 vite
1581 1861 1667 1922 sue,
1688 1851 1730 1911 et

313 1961 469 2039 absolvit
495 1991 595 2038 eum.
623 1961 839 2067 Requisitus
858 1989 973 2067 quare
994 1960 1183 2037 confessus
1208 1961 1330 2038 luerat
1348 1961 1470 2068 legato
1491 1979 1530 2039 et
1548 1963 1729 2072 archiepi-

313 2119 425 2196 scopo
448 2091 641 2196 predictis,
663 2090 857 2196 respondit
880 2089 986 2196 quod
1005 2089 1212 2195 specialiter
1231 2109 1384 2196 propter
1402 2091 1465 2167 illa
1484 2109 1634 2197 peccata
1653 2121 1728 2201 que

314 2220 503 2299 consessus
523 2239 598 2309 est,
621 2238 659 2298 et
677 2222 765 2327 quia
783 2220 933 2299 volebat
952 2219 1050 2297 exire
1069 2237 1208 2325 terram
1229 2221 1343 2298 illam.

369 2353 484 2440 Item,
505 2352 706 2459 requisitus
722 2381 835 2457 super
851 2379 967 2431 xxxvu
982 2351 1155 2443 articulo,
1177 2353 1281 2459 quod
1300 2353 1466 2459 predicta
1486 2352 1727 2431 servabantur

312 2480 411 2559 ultra
434 2511 554 2572 mare,
578 2499 616 2559 et
638 2481 720 2559 aliis
744 2510 864 2587 usque
889 2482 938 2559 ad
963 2508 1059 2562 xovu
1084 2481 1301 2570 articulum,
1328 2481 1376 2558 de
1401 2481 1648 2573 elimosinis,
1667 2511 1727 2561 re·

311 2613 464 2717 spondit
479 2642 518 2689 se
537 2612 688 2689 credere
705 2640 792 2688 vera
809 2640 889 2688 esse
906 2611 1033 2716 quoad
1050 2611 1112 2687 illa
1129 2639 1203 2718 que
1224 2639 1336 2717 supra
1355 2612 1548 2690 consessus
1567 2631 1639 2702 est,
1659 2613 1728 2691 sed

311 2742 436 2847 quoad
454 2741 518 2817 illa
531 2769 606 2848 que
622 2770 698 2818 non
712 2741 926 2847 recognovit
942 2770 1011 2816 nec
1026 2740 1215 2817 consessus
1231 2757 1377 2818 estnon
1393 2741 1514 2819 credit
1528 2770 1608 2819 esse
1625 2770 1724 2831 verm

311 2869 381 2943 alia
400 2897 513 2974 super
532 2887 705 2947 contenta
724 2869 893 2947 in⁴dictis
913 2869 1095 2962 articulis,
1117 2869 1211 2944 dixit
1229 2898 1268 2945 se
1289 2870 1445 2946 nescire.

367 3000 477 3086 Item,
499 3000 702 3104 requisitus
720 3028 833 3106 super
850 2976 946 3078 xcvu
966 2998 1142 3088 articulo,
1163 3000 1357 3105 respondit
1375 2999 1481 3104 quod
1500 3028 1578 3078 non
1596 2999 1724 3076 crede·

310 3128 375 3204 bat
394 3157 524 3205 verum
545 3155 640 3215 esse,
662 3129 750 3234 quia
768 3129 807 3203 in
824 3127 916 3205 locis
935 3127 1079 3205 ordinis
1099 3130 1138 3205 in
1158 3129 1298 3235 quibus
1318 3129 1396 3234 ipse
1416 3127 1540 3206 fuerat
1558 3157 1725 3208 commo·

310 3274 413 3334 ratus
427 3257 567 3334 fiebant
581 3257 797 3334 ellemosine
815 3274 852 3333 et
867 3258 1099 3363 hospitalitas
1114 3259 1339 3349 servabatur,
1358 3275 1395 3335 et
1411 3260 1490 3364 ipse
1508 3259 1726 3366 frequenter

311 3389 357 3465 de
377 3388 488 3465 bonis
507 3389 655 3494 Templi
675 3388 763 3464 lecit
783 3388 1020 3465 ellemosinas
1038 3389 1134 3464 sicut
1154 3389 1259 3465 dixit.

364 3520 473 3605 Item,
499 3518 702 3624 requisitus
722 3547 836 3622 super
854 3545 979 3604 xovru,
1002 3544 1078 3594 vnn
1099 3535 1176 3595 etc
1201 3519 1380 3609 articulis,
1407 3516 1595 3624 respondit
1613 3518 1721 3623 quod
1788 3572 1793 3580 ·

308 3676 384 3724 non
405 3649 579 3726 credebat
599 3677 679 3725 esse
696 3677 781 3725 vera
799 3664 971 3725 contenta
988 3647 1028 3723 in
1046 3648 1135 3754 ipsis
1156 3649 1336 3740 articulis,
1357 3650 1469 3724 immo
1488 3647 1719 3723 contrarium

307 3778 446 3855 scilicet
463 3779 568 3884 quod
585 3794 822 3887 reputaretur
840 3795 1034 3884 peccatum
1053 3808 1121 3885 per
1141 3780 1282 3886 nephas
1302 3780 1491 3887 acquirere
1512 3796 1550 3854 et
1567 3795 1723 3885 propter

307 3908 380 3985 hoc
400 3909 588 4015 degerere.

362 4039 472 4125 Item,
494 4039 697 4146 requisitus
712 4067 826 4145 super
841 4065 927 4120 cr-vr
944 4038 1124 4128 articulis,
1145 4039 1338 4144 respondit
1354 4040 1459 4146 quod
1478 4038 1717 4116 clamdestine

305 4166 447 4244 fiebant
472 4143 632 4274 capitule
659 4185 697 4244 et
719 4170 952 4275 receptiones
979 4188 1017 4246 et
1036 4168 1164 4275 januis
1181 4169 1314 4246 clausis
1339 4187 1376 4246 et
1395 4168 1572 4245 omnibus
1598 4185 1717 4275 preter

304 4294 436 4372 fratres
456 4298 630 4388 exclusis;
651 4299 722 4375 alia
742 4298 789 4375 de
809 4299 973 4375 excubiis
993 4316 1030 4375 et
1049 4299 1130 4376 aliis
1150 4301 1334 4377 contentis
1353 4300 1392 4375 in
1413 4300 1522 4376 dictis
1539 4297 1715 4386 articulis,

305 4425 397 4501 dixit
416 4456 454 4503 se
475 4457 551 4506 non
571 4429 706 4504 vidisse
727 4456 797 4502 nec
816 4429 1012 4504 audivisse.
1549 4413 1553 4422 ⁴

359 4558 469 4642 Item,
496 4559 698 4661 requisitus
722 4585 835 4663 super
855 4583 925 4636 cvu
947 4577 984 4635 et
1002 4585 1064 4637 uu
1084 4559 1265 4648 articulis,
1294 4558 1489 4665 respondit
1513 4587 1552 4636 se
1577 4556 1712 4637 nescire

303 4710 372 4757 nec
392 4684 575 4759 audivisse
594 4687 698 4790 quod
718 4686 893 4792 Magister
917 4705 1044 4794 posset
1069 4689 1262 4768 absolvere
1284 4718 1304 4765 a
1323 4688 1483 4796 peccatis
1503 4684 1710 4765 confessatis

301 4812 359 4889 vel
379 4841 456 4889 non
477 4813 704 4906 consessatis,
725 4844 796 4893 nec
815 4818 945 4895 credit.
