4080 6052
481 548 676 640 rancus
703 565 798 638 nus
824 564 1126 642 rnuenmas.
1440 577 1514 651 cos

97 711 135 785 in
157 736 201 784 co
223 734 341 813 usque
361 706 545 785 adfinem
565 710 639 786 vitc
659 738 739 786 suc.
762 707 870 794 Unde
890 709 921 786 si
940 708 1035 787 tales
1055 710 1204 790 atlanti
1224 710 1293 789 visi
1312 715 1514 820 quicquam

96 842 336 918 inhonestum
351 838 557 931 scivissent,
574 841 755 917 vidissent
767 838 826 916 vel
842 839 1071 918 audivissent
1088 841 1127 919 in
1146 840 1279 919 ordine
1292 842 1461 948 Templi,
1477 863 1516 923 et

95 970 252 1046 maxime
268 988 345 1048 tam
360 970 596 1048 detestandas
608 971 764 1079 injurias
777 987 816 1047 et
825 970 1039 1050 blasfemias
1052 972 1218 1050 nominis
1224 972 1344 1051 Jbesu
1356 973 1513 1067 Christi,

93 1101 358 1179 reclamassent
380 1101 551 1194 omnino,
574 1119 612 1179 et
631 1131 675 1179 ea
694 1101 820 1180 omnia
839 1103 888 1179 ad
906 1102 1083 1179 noticiam
1097 1060 1228 1181 locius
1250 1102 1367 1181 seculi
1387 1103 1514 1183 devol-

94 1231 242 1308 vissent.
317 1329 322 1339 Ι

151 1363 409 1468 Item,petunt
421 1362 582 1468 predicti
595 1360 728 1440 fratres
743 1365 785 1440 R.
803 1365 842 1441 P.
861 1364 905 1442 G.
923 1365 979 1469 B,
996 1365 1149 1441 nomine
1167 1391 1244 1471 quc
1258 1392 1387 1470 supra,
1403 1382 1446 1444 ut
1460 1368 1513 1443 eis

97 1492 262 1571 exhiberi
277 1491 418 1571 faciatis
437 1493 583 1599 copiam
601 1493 875 1571 commissionis
888 1509 1026 1580 vestre,
1040 1494 1417 1600 etcopiamomnium
1427 1497 1515 1574 arti-
1533 1514 1535 1518 ’

96 1622 269 1700 culorum
280 1650 395 1729 super
406 1623 547 1730 quibus
559 1623 707 1701 habetis
717 1624 908 1730 inquirere
920 1640 1049 1701 contra
1057 1623 1283 1730 religionem
1293 1624 1511 1730 predictam.

148 1755 260 1844 Item,
280 1771 432 1861 petunt,
459 1755 612 1843 nomine
633 1784 703 1832 suo
724 1773 762 1832 ct
779 1755 1039 1861 predictomm
1062 1754 1220 1832 fratrum
1245 1754 1417 1832 omnium
1440 1755 1514 1835 sibi

94 1883 380 1978 adhcrcncium,
402 1904 441 1963 ct
462 1885 646 1963 adherere
664 1887 895 1974 volcacium,
913 1914 1016 1963 nunc
1040 1903 1080 1963 ct
1098 1886 1138 1961 in
1157 1883 1346 1974 futurum,
1368 1902 1406 1962 et
1425 1914 1514 1991 sup-

95 2013 233 2118 plicant
251 2015 392 2093 habere
412 2016 452 2091 in
468 2016 617 2124 scriptis
634 2018 787 2094 nomina
807 2017 979 2096 omnium
995 2017 1152 2094 testium
1164 2014 1379 2122 juratorum
1398 2033 1437 2094 ct
1450 2016 1513 2123 ju-

94 2145 320 2233 modorum,
337 2163 375 2223 et
389 2147 645 2252 protestantur
663 2176 703 2225 se
723 2147 816 2227 velle
837 2149 961 2226 dicere
982 2165 1111 2225 contra
1128 2174 1306 2253 personas
1323 2173 1457 2225 corum
1473 2165 1515 2224 ct

96 2272 195 2351 dicta
215 2303 298 2363 sua,
320 2276 403 2353 loco
421 2292 661 2383 ettcmporc.

151 2408 262 2495 Item,
287 2424 423 2514 petunt
447 2426 485 2485 ct
504 2408 716 2514 supplicant
734 2408 841 2514 quod
859 2424 974 2484 testes
994 2409 1242 2511 deponentes,
1260 2424 1347 2513 post
1366 2408 1515 2513 deposi-

96 2536 386 2628 cionemsuam,
408 2555 629 2644 separentur
647 2537 693 2614 ab
711 2536 785 2615 illis
804 2537 870 2643 qui
889 2564 965 2614 non
987 2535 1245 2641 deposuerint,
1267 2536 1319 2612 ita
1336 2535 1442 2642 quod
1462 2538 1515 2614 eis

95 2667 201 2772 loqui
221 2694 297 2744 non
316 2666 472 2744 valcant.
510 2704 513 2711 ·

150 2798 269 2889 Item,
287 2797 499 2903 supplicant
523 2815 561 2874 et
580 2814 717 2903 petunt
741 2797 862 2903 quod,
890 2796 1102 2872 inmediate·
1124 2813 1208 2873 ante
1237 2795 1514 2902 deposicioncs,

96 2929 159 3005 vel·
171 2945 272 3040 post,
289 2929 421 3036 jurent
439 2928 545 3034 quod
563 2929 756 3005 neminem
776 2926 1056 3018 informabunt,
1077 2927 1136 3003 vel
1160 2925 1436 3016 subomcbunt,
1457 2927 1516 3004 vel

18 3140 20 3144 ,
96 3086 231 3136 eorum
244 3059 459 3136 testimonia
474 3075 632 3151 secreta,
646 3059 706 3135 vel
725 3058 823 3135 dicta
840 3056 1076 3136 revellabunt
1094 3056 1221 3148 verbo,
1241 3057 1359 3164 signo,
1382 3056 1516 3135 litteris

97 3206 162 3266 aut
176 3189 339 3279 nunciis3
356 3207 395 3266 et
408 3189 596 3296 quidquid
613 3190 759 3267 dictum
773 3189 888 3267 suerit
902 3189 941 3266 in
957 3190 1037 3295 ipsa
1047 3187 1349 3275 examinacione,
1365 3216 1434 3294 per
1451 3215 1516 3267 vos

96 3320 154 3396 vel
174 3347 242 3426 per
260 3318 354 3397 alios
373 3321 670 3411 circumstantes,
693 3336 879 3397 secretum
898 3319 1099 3407 tenebunt,
1122 3319 1302 3424 quoniam
1322 3346 1367 3394 cx
1391 3319 1517 3424 predi-

93 3449 178 3537 ctis,
201 3449 231 3526 si
252 3451 480 3527 contrarium
496 3451 621 3539 fieret,
642 3467 771 3557 posset
788 3448 1076 3556 pericullumet
1099 3448 1316 3525 scandalum
1334 3446 1513 3525 eminere.

151 3580 267 3672 Item,
286 3581 498 3687 supplicant
516 3599 554 3659 et
568 3598 704 3686 petunt
720 3598 764 3658 ut
778 3580 911 3658 dicatis
931 3578 1089 3656 cuilibet
1103 3579 1276 3670 testium,
1295 3594 1380 3654 ante
1399 3576 1516 3682 depo-

95 3711 418 3806 sicionemsuam,
439 3712 545 3819 quod
564 3712 664 3790 dicat
682 3739 813 3791 secure
832 3712 1042 3799 veritatem,
1065 3709 1154 3815 quia
1176 3708 1360 3814 quicquid
1380 3706 1516 3785 dixerit

96 3856 283 3917 secretum
304 3841 390 3927 crit,
410 3858 449 3918 ct
469 3843 613 3919 nemini
641 3843 879 3936 revelabitur,
899 3843 1020 3920 donec
1037 3840 1251 3947 pervenerit
1269 3838 1318 3914 ad
1337 3836 1515 3914 noticiam

97 3969 237 4046 summi
257 3970 458 4047 Pontificis.

146 4101 262 4188 Item,
289 4116 427 4205 petunt
450 4117 488 4178 ct
508 4101 718 4208 supplicant
737 4104 843 4210 quod
861 4120 1052 4210 queratur,
1075 4101 1121 4178 ab
1148 4100 1222 4177 illis
1247 4096 1425 4175 omnibus
1449 4098 1514 4203 qui

96 4230 360 4307 custodierunt
378 4247 416 4308 ct
440 4232 660 4309 custodiunt
679 4231 813 4319 fratres
834 4233 1001 4339 Templi,
1025 4249 1215 4309 eteorum
1243 4227 1354 4306 sociis
1377 4256 1420 4305 ac
1438 4255 1533 4342 ser-¹

96 4361 293 4451 vitoribus,
316 4362 354 4438 in
378 4391 541 4468 quorum
566 4364 736 4441 custodia
758 4364 868 4441 multi
896 4362 1027 4440 fratres
1045 4361 1187 4439 mortui
1207 4360 1376 4448 suerunt,
1397 4358 1516 4465 quali-

93 4510 154 4568 ter
184 4492 426 4570 dccessemnt
452 4492 584 4571 fratres
613 4495 790 4600 predicti,
818 4511 856 4571 et
885 4493 995 4602 quale
1021 4491 1283 4571 testimonium
1309 4491 1357 4569 de
1382 4488 1513 4566 ordine

93 4622 257 4728 Templi,
271 4622 461 4714 dixerunt,
483 4625 579 4702 circa
602 4625 750 4704 obitum
770 4653 919 4716 eorum,
941 4640 980 4702 et
994 4624 1156 4702 maxime
1175 4623 1230 4699 illi
1251 4621 1317 4729 qui
1338 4617 1513 4697 diceban·

93 4768 160 4829 tur
178 4753 419 4830 reconciliati.
448 4804 450 4806 -
543 4756 547 4763 ’

153 4884 264 4970 Item,
288 4884 393 4990 quod
413 4901 605 4992 queratur,
622 4884 669 4961 ab
690 4884 868 4963 omnibus
884 4883 1062 4961 fratribus
1076 4882 1142 4988 qui
1162 4882 1338 4958 dixerunt
1353 4907 1392 4956 se
1412 4875 1513 4954 nolle

1357 5012 1407 5074 ab.
