4080 6052
693 537 1010 633 processus
1035 553 1332 631 rnurmees.
1642 554 1716 628 tce

308 715 368 776 ret
387 699 435 777 ad
455 697 727 802 acquirendum
745 724 906 805 regnum
918 693 1284 773 lerosolomitanum.
1300 693 1547 770 Postmodum
1564 693 1720 772 tradidit

308 829 380 906 sibi
407 827 647 919 mantellum,
675 844 713 904 et
741 827 821 933 ipse
848 843 886 904 et
916 840 1075 903 astantes
1102 824 1234 903 fratres
1264 823 1420 901 luerunt
1445 850 1534 898 eum
1564 822 1718 900 osculati

307 957 348 1033 in
367 983 443 1035 ore.
463 957 608 1035 Exinde
624 957 806 1035 instruxit
830 984 920 1033 eum
946 954 1109 1063 qualiter
1130 953 1287 1033 deberet
1304 981 1344 1031 se
1369 979 1498 1060 gerere
1516 951 1556 1027 in
1574 952 1718 1042 ordine,

306 1102 346 1167 et
376 1087 544 1191 precepit
569 1085 604 1163 ei
629 1087 735 1193 quod
759 1113 836 1164 non
861 1084 1044 1165 revelaret
1065 1101 1207 1167 secrete
1231 1082 1507 1191 capitoliorum.
1533 1083 1719 1192 Postque

307 1215 413 1293 duxit
437 1243 526 1293 eum
552 1216 600 1292 ad
623 1216 825 1322 quamdam
849 1243 1051 1303 cameram,
1076 1214 1117 1291 in
1142 1242 1218 1320 qua
1242 1213 1368 1291 induit
1386 1212 1460 1291 sibi
1478 1229 1598 1293 vestes
1622 1213 1722 1290 ordi-

307 1346 381 1434 nis,
403 1362 442 1423 et
463 1347 629 1452 precepit
652 1347 686 1435 ei
710 1363 885 1453 presente
909 1347 1008 1424 dicto
1030 1345 1142 1422 fratre
1165 1344 1369 1422 Guillelmo
1394 1344 1501 1449 quod
1524 1343 1723 1452 abnegaret

307 1476 449 1563 Deum,
471 1494 509 1554 et
538 1478 616 1582 ipse
649 1477 875 1582 respondit:
911 1475 1114 1568 Quomodo
1146 1474 1218 1551 hoc
1251 1473 1431 1550 lacerem?
1461 1491 1499 1550 et
1530 1474 1722 1578 predictus

306 1623 502 1710 preceptor
529 1605 757 1711 subjunxit:
783 1605 944 1710 Oportet
969 1620 1009 1681 te
1041 1604 1115 1681 hoc
1148 1601 1288 1692 facere,
1320 1619 1359 1680 et
1386 1620 1479 1680 tunc
1507 1602 1586 1709 ipse
1617 1604 1721 1680 testis

306 1733 414 1823 dixit,
427 1732 642 1843 Abnegatus
658 1735 718 1813 sit.
736 1735 792 1812 De
813 1735 1006 1842 spuicione
1026 1762 1139 1838 supra
1159 1760 1323 1824 crucem,
1340 1731 1478 1810 osculis
1494 1731 1719 1823 inhonestis,

307 1862 354 1938 de
385 1864 542 1941 crimine
573 1864 795 1942 sodomitico
821 1863 880 1941 vel
908 1863 1049 1968 aliquo,
1063 1862 1136 1939 alio
1164 1861 1296 1937 illicito
1317 1861 1376 1938 vel
1402 1860 1616 1948 inhonesto,
1645 1888 1723 1939 non

307 1990 379 2067 tuit
402 1993 488 2070 sibi·
501 1992 640 2071 sactum
663 1993 820 2071 verbum
849 1992 888 2067 in
914 1992 1012 2069 dicta
1036 2019 1104 2070 sua
1127 1991 1361 2096 recepcione,
1388 2017 1458 2067 nec
1483 1990 1624 2078 audivit
1650 1990 1722 2067 dici

308 2121 413 2225 quod
438 2122 548 2199 fieret
569 2124 610 2199 in
634 2120 916 2228 recepcionibus
936 2121 1111 2211 aliorum,
1129 2140 1168 2200 et
1187 2120 1260 2199 illis
1279 2149 1375 2228 quos
1395 2120 1473 2226 ipse
1492 2121 1651 2226 recepit,
1670 2119 1725 2197 se-

308 2250 359 2328 cit
376 2253 542 2330 eundem
565 2253 724 2331 modum
752 2253 886 2330 servari
917 2254 984 2358 qui
1007 2252 1129 2331 luerat
1151 2225 1316 2331 servatus
1340 2253 1380 2329 in
1402 2251 1621 2357 recepcione
1642 2280 1720 2328 sua.

307 2383 460 2488 Recepit
485 2401 611 2461 autem
640 2384 793 2462 fratrem
816 2383 1067 2462 Guillelmum
1084 2382 1224 2461 B0celli
1248 2382 1492 2471 servientem,
1513 2382 1658 2469 vivum,
1681 2400 1724 2458 ut

308 2512 450 2602 credit,
468 2530 557 2591 sunt
580 2514 725 2591 circiter
748 2541 793 2594 xv
817 2515 877 2591 rel
900 2541 960 2593 xvi
981 2514 1085 2602 anni,
1115 2514 1155 2590 in
1178 2510 1319 2619 capella
1344 2513 1479 2589 domus
1501 2511 1650 2616 Templi
1674 2512 1722 2588 de

307 2641 494 2720 Renevilla
510 2643 746 2722 Ebroicensis
765 2644 939 2732 diocesis,
955 2642 1195 2749 presentibus
1210 2641 1387 2720 fratribus
1399 2640 1605 2720 Guillelmo
1621 2667 1724 2746 pres

307 2770 444 2863 bitere,
477 2774 585 2881 cujus
610 2801 819 2881 cognomen
839 2775 1005 2881 ignorat,
1022 2773 1180 2851 Ricardo
1205 2773 1252 2849 de
1273 2772 1498 2851 Santanville
1523 2772 1720 2861 serviente,

306 2903 482 2991 mortuis,
504 2919 542 2979 et
560 2903 600 2978 in
619 2904 755 2982 eodem
780 2903 864 2982 loco
891 2903 1052 3011 recepit,
1074 2917 1165 2981 sunt
1190 2901 1335 2979 circiter
1361 2929 1406 2982 xv
1423 2902 1541 2996 ¹tenni,
1569 2899 1722 2979 fratrem

305 3030 487 3107 lembum
519 3031 567 3107 de
595 3033 829 3110 Prerveriaco
856 3033 1099 3119 servientem,
1129 3031 1365 3110 Ebroicensis
1392 3031 1570 3124 diocesis,
1597 3033 1721 3109 vivum

307 3160 447 3248 adbuc,
469 3176 513 3237 ut
531 3162 664 3249 credit,
686 3161 925 3268 presentibus
949 3162 1056 3239 dictis
1070 3161 1251 3245 ,denibus
1274 3160 1480 3240 Guillelmo
1506 3177 1543 3238 et
1565 3161 1721 3239 Ricardo

307 3288 355 3365 de
375 3290 627 3396 Sequenville,
649 3307 688 3368 et
703 3291 789 3373 ‚aliis
812 3292 985 3397 pluribus
1010 3291 1220 3373 deffunctis.
1242 3291 1346 3371 Vidit
1370 3291 1486 3368 eciam
1516 3291 1645 3398 plures
1664 3318 1723 3368 re·

306 3417 379 3524 cipi
400 3420 561 3499 Parisius
589 3421 628 3497 in
652 3420 824 3527 capitulis
847 3420 1101 3528 generalibus,
1128 3419 1175 3498 de
1203 3449 1367 3526 quorum
1399 3420 1616 3498 nominibus
1644 3449 1721 3498 non

305 3549 534 3639 recordatur,
558 3577 626 3656 per
647 3548 801 3628 fratrem
818 3552 1018 3659 Hugonem
1036 3551 1085 3627 de
1108 3550 1291 3641 Peraldo,
1313 3566 1351 3626 et
1373 3550 1413 3627 in
1432 3548 1583 3656 publico
1603 3577 1721 3627 sersa-

305 3677 416 3755 batur
446 3677 510 3756 ille
543 3679 680 3756 modus
693 3738 696 3743 ·
711 3707 828 3785 quem
858 3679 1033 3784 deposuit
1061 3677 1176 3755 fuisse
1211 3694 1396 3755 servatum
1428 3679 1467 3755 in
1500 3678 1718 3785 recepcione

306 3833 388 3892 sua,
409 3806 539 3910 quoad·
553 3805 654 3883 licita
678 3823 716 3883 et
734 3808 901 3884 honesta.
926 3807 1172 3885 Postmodum
1195 3794 1429 3885 ducebantur
1447 3808 1494 3886 ad
1520 3836 1636 3885 unam
1663 3837 1720 3885 ca-

306 3933 445 4039 pellam
475 3934 534 4010 vol
566 3934 682 4012 alium
712 3935 856 4024 locum,
890 3953 928 4013 et
959 3936 1078 4019 credit
1108 3935 1213 4042 quod
1243 3937 1295 4014 ibi
1325 3935 1508 4016 iaciebant
1535 3940 1718 4046 abnegare

307 4066 442 4143 Deum.

361 4199 472 4289 Item,
493 4214 661 4304 superv⁰
681 4216 719 4279 et
736 4199 914 4279 omnibus
932 4201 1013 4280 aliis
1031 4202 1279 4309 sequentibus
1297 4201 1477 4292 articulis,
1499 4202 1593 4279 dixit
1608 4202 1719 4280 seni·

307 4326 382 4402 chil
402 4328 495 4405 scire
513 4328 731 4438 plusquam
750 4359 863 4439 supra
882 4332 1120 4438 deposuerit,
1132 4333 1207 4411 hoc
1224 4347 1378 4437 excepto
1399 4332 1502 4439 quod
1520 4331 1618 4410 bene
1638 4361 1718 4411 cre-

306 4454 419 4534 debat
437 4459 694 4538 ecclesiasticis
712 4463 966 4551 sacrementis,
984 4479 1022 4540 et
1040 4462 1160 4541 credit
1172 4461 1277 4569 quod
1294 4461 1356 4539 alii
1375 4460 1507 4541 fratres
1522 4462 1621 4540 bene
1641 4489 1718 4538 cre-

307 4582 455 4674 derent,
471 4603 510 4664 et
528 4589 634 4693 quod
652 4616 785 4667 eorum
802 4592 1020 4671 sacerdotes.
1032 4592 1244 4670 secundum
1260 4591 1420 4670 sormam
1439 4592 1603 4672 Ecclesie
1622 4592 1719 4670 cele·

304 4714 467 4793 brarent.
496 4715 645 4796 Sciebat
668 4720 773 4826 quod
797 4720 890 4828 layci
914 4748 991 4801 non
1004 4739 1184 4828 poterant
1202 4721 1391 4801 absolvere
1414 4725 1629 4832 apeccetis,
1650 4724 1718 4803 sed

305 4844 457 4950 quando
476 4847 651 4951 capitulis
672 4849 912 4943 tenebantur,
933 4851 1051 4931 laicus
1067 4852 1134 4958 qui
1154 4853 1307 4931 tenebat
1325 4853 1550 4959 capitulum,
1571 4855 1718 4932 dicebat
