4080 6052
688 529 885 625 1110111
911 547 1006 622 11111
1033 549 1333 625 ratramnus.
1651 560 1720 631 1111

307 691 495 781 dicebant,
515 715 642 766 coram
663 687 771 765 dictis
791 687 956 766 dominis
975 689 1253 784 commissariis,
1276 708 1315 768 et
1332 692 1532 797 petivimus
1552 693 1599 768 ab
1618 695 1673 770 eis
1691 698 1721 772 si

307 824 393 900 dicti
413 822 544 900 fratres
565 818 789 925 Raduiphus
801 836 841 896 11
854 821 1043 896 iohannes
1062 820 1205 898 ibidem
1225 837 1510 927 comparuerant
1529 849 1599 926 pro
1619 849 1658 898 se
1686 841 1723 900 et

306 952 387 1030 aliis
400 951 579 1030 fratribus
591 949 771 1056 predictis
785 968 823 1026 et
837 949 885 1027 de
900 952 1077 1028 mandato
1088 979 1237 1045 eorum3
1251 954 1317 1058 qui
1329 952 1607 1058 responderunt
1618 954 1723 1059 quod

305 1084 372 1172 sic,
393 1100 432 1161 et
447 1082 552 1189 quod
569 1106 696 1187 eaque
714 1079 767 1155 ibi
781 1081 971 1186 proposita
985 1080 1140 1158 fuertmt
1148 1081 1200 1157 ad
1215 1081 1472 1160 defensionem
1487 1083 1630 1160 ordinis
1646 1100 1723 1159 rata

305 1215 447 1291 babent
464 1229 504 1289 et
525 1212 646 1288 firma.
1004 1229 1005 1232 ’

362 1346 452 1420 Post
469 1343 555 1429 hec,
580 1341 713 1419 eadem
740 1341 801 1419 die
821 1344 946 1428 fiune,
971 1358 1139 1420 11011111οῐ
1156 1343 1291 1419 notarii
1316 1343 1476 1449 predicti
1504 1344 1724 1421 accessimus

307 1476 355 1552 ad
374 1474 511 1550 dictam
527 1475 684 1550 domum
698 1471 853 1549 Roberti
871 1471 1076 1563 Anuerdei,
1094 1472 1162 1555 ubi
1179 1473 1444 1550 detinebantur
1458 1499 1506 1551 vu
1519 1475 1722 1580 Tempfarii

305 1605 475 1710 predicti,
489 1632 653 1709 qnorum
669 1593 782 1690 unus,
795 1603 935 1681 scilicet
946 1603 1060 1681 frater
1073 1603 1293 1710 Radulphns
1303 1604 1352 1680 de
1362 1604 1586 1681 Taverniaco
1597 1606 1724 1710 predi-

306 1752 395 1825 ctus,
406 1733 547 1840 prefata
556 1735 620 1812 die
629 1735 786 1813 Veneris
798 1752 1068 1840 comparuerat,
1080 1753 1124 1811 ut
1136 1735 1294 1826 dicebat,
1307 1762 1432 1812 coram
1442 1734 1550 1811 dictis
1559 1734 1724 1812 dominis

305 1865 586 1951 commissoriis,
609 1881 646 1941 et
663 1865 865 1972 petivimus
884 1865 930 1940 ab
946 1865 1001 1941 eis
1012 1865 1042 1942 si
1063 1865 1185 1943 dictus
1209 1864 1323 1942 frater
1341 1864 1563 1970 Radulphus
1581 1865 1723 1942 ibidem

309 2010 566 2099 comparuerat
579 2022 648 2100 pro
668 2022 707 2070 se
727 2012 767 2070 et
781 1994 863 2072 aliis
877 1994 1054 2072 fratribus
1065 1996 1244 2100 predictis
1264 1997 1365 2072 etde
1386 1995 1562 2073 mandato
1578 2022 1721 2072 eorum.

307 2125 382 2216 Qui
400 2125 678 2229 responderunt
693 2125 799 2229 quod
816 2125 885 2211 sic,
904 2142 942 2201 et
960 2125 1065 2228 quod
1080 2152 1124 2201 ea
1139 2153 1214 2230 qne
1236 2125 1289 2201 ibi
1303 2125 1492 2230 proposita
1507 2123 1661 2201 fuerunt
1677 2124 1724 2200 ad

308 2254 566 2332 defensionem
587 2253 677 2330 dicti
699 2254 862 2341 ordinis,
890 2270 967 2329 rata
991 2254 1133 2330 habent
1153 2273 1190 2330 et
1216 2256 1335 2331 firma.
1357 2255 1445 2331 Acta
1464 2254 1617 2331 fuerunt
1636 2256 1721 2341 hec,

306 2385 485 2490 predictis
502 2384 564 2459 die
583 2398 619 2459 et
633 2382 746 2472 locis,
762 2383 1000 2488 presentibus
1017 2385 1193 2488 magistro
1207 2384 1349 2460 Amisio
1366 2384 1549 2487 predicto,
1562 2412 1623 2460 me
1640 2385 1726 2460 Flo-

306 2515 489 2592 riamonte
508 2511 726 2602 Dondedei,
745 2529 784 2588 et
802 2511 933 2588 ceteris
950 2511 1106 2588 notariis
1119 2511 1395 2617 suprascriptis,
1412 2529 1527 2617 prout
1543 2529 1599 2588 est
1615 2542 1726 2618 supe-

308 2646 384 2721 rius
404 2645 643 2721 deciaratum.

360 2909 449 2984 Post
466 2910 553 2997 hec,
575 2906 638 2983 die
657 2905 785 2982 Martis
804 2906 992 3011 sequenti,
1014 2930 1088 3010 quc
1107 2903 1179 2980 fuit
1196 2929 1245 2982 vu
1265 2904 1347 2981 dies
1364 2904 1505 2981 mensis
1526 2903 1664 3009 Aprilis
1684 2905 1722 2979 in

306 3066 428 3124 mane,
446 3064 516 3143 ego
530 3035 766 3111 Floriamons
781 3035 992 3123 Dondedei,
1002 3034 1353 3112 Bemardusb'ifiofi
1369 3051 1407 3112 11
1419 3034 1648 3112 Guiffelnrus
1661 3037 1724 3109 Ra·

307 3168 441 3272 dufphi
465 3167 599 3243 notarii
623 3165 799 3271 predicti,
820 3192 896 3241 una
919 3194 1006 3241 cum
1031 3181 1109 3242 rur*
1132 3165 1308 3242 fratribus
1331 3165 1542 3257 antedictis,
1572 3167 1724 3243 accessi-

306 3325 392 3374 mus
406 3296 453 3374 ad
473 3297 678 3402 predictam
696 3295 854 3372 domum
878 3298 926 3373 de
945 3296 1064 3374 Ocrea
1084 3323 1200 3402 prope
1221 3322 1370 3372 crucem
1391 3296 1454 3372 del
1471 3295 1636 3381 Tumof,
1656 3296 1721 3372 nbi
1854 3399 1857 3403 ,

305 3445 412 3504 erant
433 3425 563 3504 fratres
581 3425 754 3532 predicti,
778 3443 836 3513 et,
859 3427 956 3504 sicut
974 3454 1107 3532 supra,
1137 3399 1488 3532 requisivimus⁸eos
1507 3427 1538 3503 si
1560 3425 1724 3502 fecerant

304 3557 361 3634 vel
370 3557 490 3634 facere
502 3554 677 3633 volebant
691 3556 838 3663 aliquos
846 3573 1108 3662 procuratores
1124 3558 1171 3634 ad
1186 3556 1444 3633 defensionem
1460 3555 1547 3632 dicti
1562 3555 1719 3644 ordinis,

305 3704 342 3764 11
359 3689 413 3763 eis
430 3687 715 3792 significavimus
733 3715 775 3763 ex
794 3704 897 3792 parte
916 3688 1105 3763 dictorum
1124 3688 1366 3764 dominorum
1381 3686 1720 3794 commissariorum

305 3815 430 3921 quod,
452 3815 641 3920 quidquid
658 3816 798 3893 11111111
819 3816 943 3894 dicere
959 3834 997 3893 et
1011 3842 1226 3922 proponere
1241 3818 1289 3893 ad
1311 3815 1570 3894 defensionem
1583 3816 1640 3892 sui
1661 3843 1722 3892 or-

306 3942 420 4036 dinis,
442 3944 511 4019 bac
528 3946 696 4048 presenti.
713 3947 773 4022 die
788 3974 857 4052 per
874 3948 992 4024 dictos
1011 3961 1089 4024 mr*
1106 3947 1238 4023 fratres
1255 3947 1314 4023 vel
1338 3947 1430 4022 alios
1452 3947 1645 4022 mitterent
1662 3944 1720 4020 vef

305 4074 528 4151 mandarent
551 4073 659 4150 dictis
683 4073 852 4152 dominis¹
869 4076 1145 4167 commissariis,
1161 4102 1269 4151 nam·
1279 4075 1349 4179 ipsi
1367 4074 1486 4179 parati
1505 4091 1611 4150 erant
1629 4076 1722 4151 reci·

304 4231 393 4310 pere
408 4205 438 4282 si
458 4222 698 4308 etquantum
713 4203 761 4282 de
774 4206 862 4312 jura
875 4205 1078 4292 deberent,
1096 4222 1135 4282 11
1148 4202 1534 4310 quodnicbifominus
1548 4206 1644 4282 dicta
1659 4207 1719 4284 die

304 4335 468 4441 presenti
489 4334 576 4410 dicti
597 4334 741 4412 domini
756 4335 999 4413 commissarii
1017 4334 1269 4441 procederent
1277 4351 1318 4410 et
1326 4334 1530 4439 procedere
1550 4335 1720 4413 intende-

304 4465 395 4541 bant
412 4465 452 4541 in
473 4466 572 4573 dicto
591 4466 763 4572 negocio,
775 4482 999 4572 proutesset
1014 4466 1168 4572 dejure.
1180 4464 1401 4559 Quibabito
1416 4464 1515 4540 inter
1528 4492 1567 4543 sc
1582 4480 1719 4543 etcum

306 4595 414 4671 dictis
432 4610 510 4672 1m⁰¹
520 4594 699 4674 fratribus
718 4596 891 4683 consilio,
907 4597 1082 4674 dixerunt
1095 4597 1425 4702 et‘responderunt
1443 4596 1482 4672 id
1501 4596 1604 4673 idem
1616 4598 1720 4704 quud

307 4725 366 4800 alii
387 4725 587 4831 supradicti
608 4726 806 4803 existentes
826 4727 865 4801 in
886 4727 999 4803 domo
1020 4725 1179 4802 condam
1198 4725 1361 4831 episcopi
1376 4724 1652 4813 ambianensis,
1673 4729 1719 4802 vi-

304 4855 441 4969 delicet
456 4857 561 4963 quod
573 4885 652 4934 nun
665 4857 924 4946 intendebant,
938 4882 1008 4934 sec
1018 4856 1205 4947 volebant,
1216 4885 1285 4934 nec
1293 4872 1452 4963 possnsn
1459 4855 1579 4934 facere
1590 4885 1721 4962 procu·

1545 5016 1594 5055 21.
