4080 6052
303 532 375 602 soa
687 503 883 597 esoces
908 520 1003 595 uns
1028 519 1334 592 ranerius-s.

301 670 401 747 laute
429 665 627 743 comedere
652 680 691 739 et
715 663 881 741 dormire
906 678 945 737 et
969 658 1123 745 vestire,
1148 675 1187 735 et
1208 660 1248 735 in
1269 656 1404 735 ordine
1426 674 1625 762 oporteret
1640 684 1731 735 cum

301 799 484 877 sustinere
505 794 642 884 multa;
663 811 702 870 et
723 793 802 898 ipse
819 793 925 870 testis
944 789 1200 895 respondisset
1219 817 1258 866 se
1277 805 1449 895 paratum
1469 788 1604 865 omnia
1621 792 1733 869 susti-

301 958 408 1020 nere,
431 929 553 1006 dictus
571 941 742 1031 receptor
763 924 852 1001 fecit
874 950 964 1002 eum
979 920 1109 1027 jurare
1128 947 1243 1030 super
1264 919 1473 1026 quemdam
1490 920 1646 999 missale
1660 951 1732 1029 per

301 1062 426 1166 ipsum
449 1074 585 1134 testem
608 1070 751 1132 tactum
771 1054 877 1159 quod
901 1050 1075 1131 obediret
1099 1050 1278 1129 omnibus
1302 1067 1341 1128 ct
1364 1049 1731 1160 singulispreocptis

301 1193 379 1269 suis
399 1188 534 1266 stadiis
552 1185 794 1291 superiorum
813 1183 904 1263 dicti
919 1182 1079 1273 ordinis,
1101 1200 1140 1259 et
1157 1181 1262 1288 quod
1280 1210 1360 1259 nou
1380 1182 1499 1259 exiret
1518 1183 1662 1260 dicum
1676 1212 1730 1263 ne·

303 1322 481 1428 ligionem
513 1345 583 1424 pro
613 1316 739 1421 alique
765 1314 837 1390 alia
862 1313 1064 1420 religion03
1086 1329 1264 1419 postque,
1279 1311 1397 1391 atleta
1426 1311 1595 1417 quadam
1621 1343 1729 1393 cruce

303 1479 397 1529 enea
415 1453 456 1526 in
472 1463 646 1554 quaerat
664 1473 798 1551 ymago
817 1443 995 1523 Crucifixi
1006 1442 1178 1549 sculpta,
1195 1443 1313 1521 nescit
1331 1470 1537 1548 perquem
1556 1471 1603 1521 ex
1620 1443 1730 1522 dietis

201 1594 205 1600 “
303 1579 493 1664 tratribus,
516 1596 554 1653 et
571 1576 693 1682 posita
712 1576 791 1681 ipsa
808 1602 916 1651 cruce
935 1602 1051 1680 super
1067 1575 1222 1652 terrain
1240 1573 1335 1651 hora
1351 1574 1523 1651 mantelii
1543 1573 1632 1653 diui
1650 1603 1732 1680 prie-
1783 1576 1786 1580 ’

222 1756 228 1766 ·
303 1711 477 1815 ceptoris,
499 1709 590 1784 item
613 1724 811 1811 preceptor
837 1705 1005 1811 precepit
1022 1705 1161 1782 eidem
1186 1704 1274 1782 testi
1303 1705 1344 1783 in
1363 1704 1504 1783 virtute
1520 1704 1726 1811 ¹juramenti

302 1842 446 1946 prestiti
473 1868 541 1945 per
571 1837 738 1917 eundem
766 1837 872 1945 quod
900 1851 1052 1942 spueret
1085 1862 1200 1941 super
1225 1835 1366 1913 dictam
1390 1862 1562 1927 crucem,
1576 1835 1627 1921 ὼ
1647 1864 1725 1942 quo

302 1976 404 2051 idem
424 1973 529 2050 testis
553 1969 718 2045 multum
742 1966 917 2043 turbatus
940 1965 1076 2057 extitit,
1097 1965 1195 2043 sicut
1222 1965 1332 2055 dixit,
1352 1964 1422 2043 sed
1441 1963 1728 2067 smalh*

302 2105 421 2206 ipsius
435 2099 665 2205 preceptoris
681 2113 720 2174 et
735 2096 914 2184 aliorum,
933 2123 1021 2173 cum
1038 2095 1162 2173 cordis
1180 2093 1330 2185 dolore,
1346 2112 1397 2173 ut
1404 2095 1521 2186 dixit,
1536 2094 1726 2203 ᾒμ

303 2259 416 2337 snper
435 2233 554 2336 ipsam
573 2256 725 2305 crucem
744 2227 812 2303 sed
825 2229 932 2331 juxte
951 2254 1046 2303 eam.
1064 2226 1151 2319 Quo
1166 2224 1278 2316 facto,
1296 2227 1403 2304 idem
1420 2227 1728 2334 prereptnndir'it

304 2379 341 2436 et
366 2361 534 2466 precepit
559 2358 684 2435 eidem
711 2357 799 2445 testi
820 2357 934 2462 quod
957 2355 1160 2461 abnegaret
1183 2357 1325 2443 Deum,
1346 2384 1424 2462 quo
1448 2358 1725 2464 respondente:

305 2531 316 2559 a
331 2493 463 2567 Sancta
477 2490 609 2576 Maria,
624 2489 823 2596 quomodo
839 2487 914 2591 hoc
927 2486 1105 2578 facerem,
1121 2524 1136 2557 ι
1151 2503 1349 2593 preceptor
1363 2488 1565 2595 respondit
1575 2490 1613 2567 ei
1624 2492 1728 2598 quod

303 2622 499 2727 oportebat
524 2649 614 2697 eum
638 2620 843 2724 abnegare,
866 2618 954 2723 quia
972 2617 1163 2723 juraverat
1187 2617 1344 2694 obedire
1369 2620 1557 2726 preceptis
1576 2622 1670 2710 suis,
1694 2637 1729 2727 et

302 2754 407 2828 testis
436 2749 633 2855 abnegavit
662 2777 744 2836 ore,
770 2748 873 2827 sicut
901 2748 1010 2833 dixit,
1039 2765 1079 2824 et
1104 2776 1183 2829 non
1207 2749 1342 2838 cordes
1371 2760 1423 2825 et'
1436 2748 1620 2831 boo-icmt
1640 2772 1725 2827 cum

303 2906 439 2981 magno
456 2879 604 2967 dolore,
624 2896 662 2957 et
678 2879 872 2965 voluisset,
892 2877 1116 2964 sicutdixit,
1136 2895 1229 2959 tunc
1245 2876 1485 2959 fuisse'extre
1497 2878 1537 2959 in
1553 2877 1725 2959 libertate

304 3038 372 3083 sua
390 3036 477 3085 cum
497 3037 575 3085 uno
595 3009 676 3085 solo
696 3008 867 3099 brachio,
888 3009 976 3114 quia
992 3006 1152 3087 faciebat
1165 3024 1299 3087 contra
1317 3009 1723 3091 couseienriamsaam

360 3139 472 3224 Item,
489 3137 582 3212 dixit
593 3138 909 3242 quod,predictis
923 3139 1097 3243 peractis,
1114 3138 1239 3217 dictus
1250 3140 1611 3246 preceptomdixitei
1627 3141 1728 3248 quod

305 3269 515 3344 secundum
535 3267 791 3345 observancias
810 3267 955 3344 ordinis
974 3296 1108 3345 eorum
1127 3268 1268 3374 recepti
1293 3269 1486 3349 debebant
1504 3271 1674 3349 osculari
1692 3272 1729 3347 ir

304 3429 375 3475 ano
392 3417 619 3502 receptores,
638 3398 727 3503 quia
741 3415 869 3475 tamen
885 3398 989 3474 idem
1008 3399 1114 3474 testis
1128 3416 1209 3475 erat
1227 3399 1427 3504 presbiter,
1444 3399 1621 3503 parcebat
1637 3403 1673 3477 ei
1691 3419 1729 3476 et

305 3531 519 3607 remittebat
535 3529 609 3605 sibi
629 3528 773 3604 dictum
792 3528 976 3605 osctdum.
998 3531 1080 3605 Non
1100 3529 1320 3607 recordatur
1338 3529 1439 3636 quod
1455 3529 1529 3607 alia
1543 3545 1636 3605 tunc
1655 3530 1726 3609 sibi

304 3661 445 3736 tuerint
465 3661 578 3747 dicta,
596 3660 667 3735 nisi
683 3660 787 3764 quod
801 3660 941 3735 viveret
955 3660 995 3735 in
1015 3661 1180 3737 castitate
1200 3678 1238 3736 et
1254 3661 1327 3738 sub
1340 3658 1576 3745 obediencia,
1592 3677 1636 3737 et
1650 3661 1729 3737 abs-

305 3819 380 3897 que
400 3794 553 3896 proprio
569 3792 639 3866 nisi
661 3791 786 3896 ipsum
801 3791 999 3895 proprium
1017 3791 1209 3869 voluntate
1224 3792 1471 3897 superiorum
1486 3818 1653 3871 suorum
1668 3793 1731 3871 ba·

305 3920 423 3999 heret.
446 3923 664 4029 Requisitus
681 3923 728 4001 de
746 3922 840 3999 hora
851 3922 1081 4028 recepcionis
1099 3951 1167 3999 sue
1180 3939 1223 3999 et
1238 3925 1285 4001 de
1300 3923 1558 4029 presentibus,
1578 3951 1731 4031 respon-

306 4055 362 4128 dit
386 4082 424 4130 se
444 4052 559 4130 fuisse
580 4071 775 4160 receptum
799 4070 884 4159 post
908 4053 1077 4139 missam,
1106 4055 1205 4133 inter
1227 4054 1361 4133 horam
1385 4054 1507 4159 prime
1536 4071 1575 4130 et
1598 4055 1728 4141 tercie.

307 4183 544 4285 presentibus
564 4183 741 4261 [ratribus
759 4183 916 4262 Diderio
943 4184 990 4261 de
1014 4185 1140 4271 Ruris,
1161 4184 1374 4264 Guillelmo.
1394 4185 1444 4263 de
1464 4185 1597 4272 Belua,
1617 4184 1731 4265 »Beni-

303 4342 380 4420 gno
394 4315 441 4392 de
455 4315 807 4401 Divione,.Ma1tino
824 4315 872 4391 de
886 4315 1051 4403 Niciaco,
1066 4315 1257 4420 Stephano
1278 4317 1326 4394 de
1341 4314 1497 4399 Volenis
1511 4332 1552 4393 et
1561 4315 1729 4395 Jobanne

305 4446 352 4523 de
381 4446 541 4524 Divione
573 4446 825 4527 servientibus
847 4447 935 4524 dicti
965 4447 1127 4534 ordinis,
1148 4449 1230 4555 jam
1257 4447 1456 4527 defiructis
1480 4449 1540 4529 De
1563 4448 1729 4553 plurium

305 4576 467 4653 aliorum
489 4579 556 4681 qui
576 4578 780 4657 adsuerunt
799 4577 1181 4657 nominilnsdixitse
1201 4608 1279 4657 non
1299 4579 1503 4659 recordari.
1515 4578 1728 4687 Requisitus

304 4704 340 4778 si
359 4733 527 4810 unquam
546 4707 768 4788 interfuerat
785 4711 997 4817 recepu'oni
1022 4710 1357 4819 alicujus-,alterius
1370 4711 1495 4813 fratris
1516 4711 1610 4791 dicti
1624 4708 1728 4795 mli·

306 4835 385 4924 nis,
406 4837 603 4941 respondit
621 4866 719 4929 non,
740 4870 810 4919 nec
825 4841 998 4948 capitulis
1018 4842 1058 4920 in
1077 4842 1217 4949 quibus
1231 4843 1368 4951 fierent
1390 4845 1638 4951 recepeiones.
1657 4841 1725 4917 Re·
