4080 6052
689 553 887 647 ra'ocns
912 571 1006 644 urs
1031 568 1331 642 ranrmans.
1646 570 1719 643 sss

306 716 365 795 vel
394 714 611 794 habuissent
630 715 843 820 proprium,
871 712 930 789 vel
949 704 1204 803 vendidissent
1224 711 1347 816 aliqua
1368 708 1546 794 debonis
1567 710 1719 801 domus,

307 846 593 925 manifestabant
615 845 687 922 hoc
712 845 816 922 fratri
841 843 906 949 qui
936 843 1089 920 tenebat
1113 841 1320 947 capitulum
1340 858 1379 917 et
1398 839 1480 918 aliis
1499 840 1539 915 in
1560 842 1723 945 capitulo

305 976 567 1065 existentibus,
582 994 627 1054 ¹et
646 976 824 1081 petebant
839 974 1003 1062 veniam3
1025 991 1062 1051 et
1080 973 1146 1049 ille
1166 974 1232 1080 qui
1248 973 1402 1050 tenebat
1422 970 1643 1078 capitulum,
1658 973 1723 1049 ha-

304 1107 386 1187 bito
405 1109 562 1187 consilio
583 1106 878 1200 cumfratribus,
900 1104 1102 1210 aliquando
1120 1105 1336 1182 remittebat
1356 1106 1409 1181 eis
1425 1128 1540 1210 penas
1560 1102 1722 1195 ordinis,

306 1256 345 1316 et
357 1239 552 1346 presbyter
569 1235 781 1316 absolvebat
800 1264 876 1314 eos.
1469 1322 1472 1327 ⁸

362 1370 479 1461 Item,
505 1368 598 1445 dixit
623 1367 728 1475 quod
754 1368 834 1474 ipse
862 1366 983 1445 fuerat
1001 1385 1193 1474 receptus,
1220 1366 1281 1443 die
1305 1367 1462 1444 Veneris
1481 1383 1567 1442 ante
1587 1365 1725 1444 festum

307 1499 506 1576 nativitatis
535 1497 635 1575 beati
666 1498 845 1575 lobannis
869 1498 1035 1603 Baptiste
1067 1497 1239 1603 proximo
1267 1495 1448 1602 preterito
1475 1495 1631 1573 luerunt
1663 1525 1727 1576 v111

307 1627 395 1706 anni
412 1628 471 1706 vel
490 1628 605 1717 circa,
628 1655 697 1733 per
715 1625 867 1704 fratrem
890 1628 1099 1705 lohannem
1125 1627 1173 1703 de
1193 1629 1324 1703 Turno
1343 1643 1434 1703 tunc
1451 1627 1728 1705 thesaurarium

307 1758 569 1849 Parisiensem,
596 1757 635 1833 in
660 1757 822 1864 quadam
847 1786 955 1862 parva
982 1755 1123 1863 capella
1151 1756 1287 1834 domus
1316 1757 1465 1862 Templi
1489 1758 1726 1848 Parisiensis,
1828 1738 1831 1743 ⁵

308 1888 548 1997 presentibus
566 1886 743 1964 tratribus
763 1886 933 1962 iohanne
958 1886 1101 1964 Bocelli
1126 1884 1362 1993 presbytero,
1385 1900 1423 1961 et
1447 1884 1658 1964 Guillelmo
1682 1887 1728 1963 de

309 2018 473 2128 Arbleyo
499 2016 592 2095 olim
622 2015 885 2093 elemosinario
913 2017 1036 2124 regio,
1072 2033 1167 2094 teste
1197 2045 1309 2122 supra
1322 2059 1324 2063 ·
1339 2016 1571 2109 examinato,
1607 2044 1730 2123 aquo

309 2165 522 2256 receptore,
546 2147 751 2225 instructus
780 2174 849 2252 per
876 2145 1022 2260 dictum
1055 2145 1207 2223 fratrem
1236 2145 1511 2237 Guillelmum,
1534 2147 1648 2253 peciit
1667 2175 1730 2252 pa-

309 2307 398 2356 nem
419 2296 457 2356 et
476 2306 628 2384 aquam,
655 2294 693 2354 et
714 2303 921 2384 pauperem
943 2278 1143 2368 vestitum,
1173 2295 1211 2353 et
1232 2276 1447 2354 societatem
1478 2276 1622 2354 ordinis
1647 2275 1731 2384 plu-

309 2411 385 2486 ries
402 2407 646 2515 interpolate3
669 2423 811 2483 etcum
838 2406 981 2514 pluries
1004 2407 1039 2484 ei
1061 2435 1285 2513 responsum
1308 2405 1442 2484 fuisset
1461 2405 1566 2513 quod
1588 2404 1732 2483 delibe-

311 2557 432 2633 raret,
452 2539 538 2647 quia
566 2537 746 2645 grandem
768 2563 851 2614 rem
876 2536 1045 2646 petebat,
1068 2554 1106 2614 et
1128 2553 1319 2645 oporteret
1339 2565 1468 2614 euma
1497 2564 1536 2613 se
1561 2532 1731 2614 abdicare

310 2670 499 2778 propriam
523 2669 772 2762 voluntatem,
800 2670 943 2775 etipse
970 2668 1076 2747 testis
1110 2669 1366 2775 respondisset
1389 2668 1494 2775 quod
1525 2666 1623 2745 bene
1655 2685 1734 2745 erat

312 2800 484 2893 avisatus,
511 2816 549 2877 et
575 2799 731 2877 instaret
759 2827 831 2907 pro
856 2823 923 2878 sua
953 2800 1189 2906 recepcione,
1217 2817 1255 2876 et
1281 2799 1421 2876 diceret
1453 2799 1558 2906 quod
1586 2797 1734 2875 volebat

313 2959 392 3009 esse
421 2931 584 3007 serviens
613 2929 780 3008 esclavus
803 2930 948 3008 ordinis
968 2948 1007 3008 et
1025 2931 1122 3008 mori
1141 2959 1210 3036 pro
1230 2932 1329 3023 Deo,
1360 2928 1516 3037 prestito
1534 2927 1581 3004 ab
1602 2956 1650 3006 eo
1666 2955 1734 3034 per

308 3063 567 3169 juramentum
586 3060 691 3165 quod
714 3087 792 3137 non
823 3076 904 3138 erat
931 3060 1074 3141 servilis
1096 3061 1344 3150 condicionis,
1372 3059 1732 3149 excommunicatus,

313 3191 504 3281 infirmus,
525 3192 754 3300 debitisque
774 3191 919 3270 solvere
938 3214 1012 3269 non
1026 3172 1169 3298 posset,
1191 3190 1434 3268 matrimonio
1449 3190 1508 3268 vel
1527 3189 1634 3266 alteri
1654 3188 1737 3267 reli-

314 3322 416 3429 gioni
439 3321 641 3431 obligatus,
663 3340 701 3400 et
724 3323 829 3429 quod
853 3323 969 3403 nichil
991 3323 1146 3400 dederat
1166 3350 1235 3399 nec
1264 3323 1487 3428 promiserat
1515 3321 1625 3427 quod
1642 3322 1736 3397 reci-

313 3469 468 3560 peretur
485 3454 524 3530 in
541 3455 640 3532 dicto
661 3453 815 3547 ordine,
839 3451 928 3531 fecit
947 3476 1036 3531 eum
1048 3481 1182 3532 vovere
1200 3469 1237 3529 et
1252 3452 1381 3559 jurare
1399 3478 1512 3558 super
1530 3449 1734 3556 quemdam

313 3584 454 3662 librum
473 3585 577 3691 quod
589 3614 658 3692 pro
676 3614 786 3694 posse
804 3614 875 3664 suo
895 3604 1057 3665 servaret
1072 3588 1289 3673 castitatem,
1307 3584 1584 3677 obedienciam,
1598 3586 1736 3661 viveret

315 3716 396 3792 sine
415 3715 587 3820 proprio,
608 3733 646 3791 et
663 3715 788 3793 bonos
805 3741 897 3792 usus
917 3732 955 3793 et
977 3714 1096 3793 bonas
1116 3714 1411 3793 eonsuetudines
1436 3717 1501 3823 qui
1521 3733 1613 3793 tunc
1633 3734 1738 3793 erant

316 3845 354 3920 in
377 3844 526 3936 ordine,
549 3860 586 3919 et
611 3844 741 3950 quiin
769 3861 963 3951 posterum
995 3845 1281 3953 imponerentur
1302 3870 1370 3952 per
1397 3846 1538 3953 probos
1564 3847 1739 3924 homines

318 3974 407 4052 dieti
425 3974 579 4053 ordinis.
598 3975 845 4053 Postmodum
859 3968 1041 4082 imposuit
1057 3976 1128 4054 sibi
1151 3974 1391 4065 mantellum,
1408 3977 1537 4083 etipse
1554 3995 1591 4054 et
1607 3977 1737 4054 fratres

318 4122 479 4184 astantes
503 4104 659 4184 luerunt
678 4132 767 4183 eum
794 4105 951 4183 osculati
979 4107 1018 4182 in
1043 4132 1119 4183 ore.
1145 4105 1294 4185 Deinde
1319 4086 1493 4184 instruxit
1526 4109 1739 4215 eum'quot

317 4235 429 4314 Pater
446 4252 561 4314 noster
577 4235 719 4313 diceret
743 4263 812 4342 pro
835 4237 938 4315 horis
964 4237 1057 4329 suis,
1085 4236 1189 4344 quod
1204 4237 1345 4345 jaceret
1367 4266 1453 4316 cum
1479 4239 1612 4345 pannis
1631 4237 1740 4314 lineis

318 4391 394 4441 una
413 4364 565 4442 cordula
586 4365 751 4459 cinctus,
771 4383 809 4443 et
826 4366 990 4475 qualiter
1007 4386 1154 4476 regeret
1179 4396 1218 4446 se
1246 4369 1284 4444 in
1306 4369 1450 4446 ordine.
1475 4369 1737 4455 Postmodum,
1861 4455 1865 4463 ,

320 4493 451 4573 ceteris
470 4495 754 4591 recedentibus,
777 4496 901 4577 clausa
919 4514 1028 4607 porta
1048 4498 1147 4576 dicte
1167 4498 1307 4606 capelle
1323 4527 1391 4606 per
1408 4499 1551 4577 dictum
1571 4518 1742 4607 recepto-

319 4651 416 4714 rem,
432 4643 560 4703 vocato
581 4627 662 4733 ipso
677 4644 772 4706 teste
785 4655 904 4737 prope
919 4629 1050 4721 altare,
1069 4629 1191 4707 dictus
1206 4645 1394 4736 receptor,
1409 4646 1543 4707 tenens
1564 4631 1604 4707 iu
1626 4658 1741 4707 manu

320 4781 387 4831 sua
412 4756 614 4862 quamdam
640 4786 787 4836 crucem
816 4788 938 4838 aream
966 4760 1013 4839 de
1040 4760 1164 4850 altari,
1192 4778 1235 4838 ut
1260 4761 1394 4851 credit,
1416 4778 1622 4867 acceptam,
1650 4762 1743 4839 dixit

321 4884 355 4962 ei
375 4886 481 4993 quod
498 4905 650 4993 spueret
670 4918 739 4998 per
758 4919 862 4984 eam;
885 4909 922 4970 et
941 4920 1027 4971 cum
1043 4893 1122 4998 ipse
1138 4892 1242 4970 testis
1258 4886 1400 4969 diceret
1418 4891 1523 5001 quod
1541 4892 1625 4983 hoc,
1646 4891 1742 4969 salva
