4080 6052
521 571 591 640 ns
903 545 1102 638 rnocts
1128 563 1224 635 oss
1247 560 1552 634 rrurturns.

515 713 657 816 Reppe,
681 699 897 812 Gossoynus
922 705 970 782 de
997 705 1192 791 Candano,
1218 720 1259 779 et
1274 703 1462 779 lohannes
1489 702 1536 776 de
1566 700 1720 776 Rociaco
1743 727 1787 775 ac
1808 703 1941 780 Petrus

517 842 563 917 de
584 841 706 918 Serre.
843 905 845 909 .

570 971 681 1056 Item,
707 968 839 1045 eadem
869 967 930 1042 die
959 966 1087 1044 Martis
1114 964 1334 1041 accessimus
1360 963 1408 1039 ad
1434 963 1592 1039 domum
1623 961 1766 1037 domini
1796 964 1942 1041 comitis

516 1101 718 1189 Sabaudie,
733 1100 837 1205 juxta
858 1098 1062 1203 predictam
1079 1113 1225 1202 portam
1243 1096 1357 1174 sancti
1380 1093 1564 1180 Marcelli,
1588 1092 1654 1170 ubi
1678 1092 1943 1172 detinebantur

516 1233 670 1339 quidam
691 1227 894 1335 Templarii
914 1230 981 1334 qui
1005 1229 1154 1307 fuerant
1172 1225 1379 1304 dieSabati
1399 1224 1565 1332 predicta
1587 1225 1626 1299 in
1647 1222 1748 1301 dicto
1767 1223 1940 1302 viridario

518 1361 660 1440 domini
679 1358 842 1468 episcopi
859 1358 1091 1446 Parisiensis,
1111 1359 1209 1433 inter
1225 1384 1321 1463 quos
1341 1372 1420 1432 erat
1440 1354 1553 1430 frater
1575 1354 1818 1459 Raymondus
1834 1354 1942 1434 Guil-

515 1492 619 1570 lelmi
641 1491 688 1566 de
706 1491 830 1566 Bonca
849 1488 968 1564 miles.
998 1489 1073 1581 Qui
1093 1487 1264 1593 requisiti
1284 1486 1388 1593 quod
1409 1484 1703 1561 deliberaverant
1723 1512 1838 1590 super
1854 1514 1941 1591 pro-

518 1619 752 1697 curatoribus
769 1618 1040 1695 constituendis
1056 1645 1124 1724 per
1136 1602 1202 1694 eos
1221 1618 1268 1693 ad
1286 1616 1545 1694 defensionem
1558 1615 1700 1692 ordinis
1719 1632 1755 1692 et
1772 1616 1854 1693 aliis
1871 1617 1939 1694 sibi

517 1752 556 1826 in
576 1751 677 1826 dicto
696 1747 870 1824 viridario
891 1748 1079 1854 expositis,
1101 1746 1296 1852 respondit
1318 1748 1421 1824 idern
1441 1746 1555 1823 frater
1578 1746 1818 1852 Raymondus
1838 1747 1942 1853 quod

517 1899 757 1961 extunc‘non
781 1896 988 1985 potuerunt
1012 1879 1327 1955 deliberacionem
1356 1879 1519 1985 aliquam
1548 1877 1688 1955 habere
1717 1904 1829 1982 super
1856 1904 1943 1981 pre-

519 2013 640 2102 dictis,
663 2038 749 2087 cum
761 2010 909 2086 ¹fuerint
929 2028 966 2086 et
985 2010 1155 2087 steterint
1174 2009 1221 2085 ab
1235 2009 1316 2086 aliis
1335 2006 1559 2115 Templariis
1571 2008 1638 2114 qui
1662 2007 1791 2085 volunt
1810 2005 1941 2083 defen-

518 2142 608 2216 dere
629 2140 802 2215 ordinem
822 2140 1035 2244 separatim,
1058 2140 1236 2247 adjiciens
1255 2140 1359 2247 quod
1379 2140 1409 2216 si
1430 2140 1501 2245 ipsi
1522 2168 1608 2215 curn
1628 2138 1724 2229 aliis,
1745 2137 1939 2243 presertim

519 2271 566 2345 de
584 2268 712 2374 lingua
726 2269 917 2357 Oceitana,
937 2289 1252 2376 congregarentur
1271 2272 1311 2346 in
1332 2272 1467 2349 eodem
1486 2271 1585 2360 loco,
1608 2270 1861 2348 deliberarent
1878 2299 1940 2348 su-

518 2427 586 2503 per
608 2398 785 2503 predictis
807 2399 948 2487 taliter,
975 2401 1080 2505 quod
1103 2402 1377 2508 responderent
1395 2402 1528 2508 plene,
1549 2429 1663 2506 super
1681 2402 1755 2478 biis
1779 2419 1816 2478 et
1840 2402 1938 2489 aliis,

519 2530 681 2606 dominis
699 2529 961 2631 commissoriis
978 2531 1184 2608 antedictis.
1203 2533 1413 2637 Requirens
1431 2533 1584 2634 insuper
1600 2530 1705 2633 quod
1722 2558 1942 2639 congregen·
2000 2624 2005 2634 .

517 2650 773 2766 turipsi'cum
796 2659 897 2747 aliis,
916 2661 1115 2764 presertim
1132 2687 1220 2734 cum
1237 2659 1311 2734 illis
1331 2660 1378 2733 de
1396 2658 1524 2763 lingua
1543 2658 1730 2735 Oceitana.

575 2791 686 2876 Item,
713 2789 773 2864 die
793 2788 958 2894 predicta
978 2805 1083 2863 erant
1106 2787 1261 2893 quidam
1282 2786 1342 2860 alii
1367 2786 1570 2891 Templarii
1597 2785 1737 2861 detenti
1762 2787 1802 2860 in
1827 2788 1943 2865 domo

521 2918 665 2993 comitis
682 2915 894 3005 memorati,
912 2918 980 3024 qui
997 2916 1184 3023 requisiti„
1208 2933 1252 2993 ut
1268 2915 1522 3022 suprascripti,
1543 2914 1734 3004 dixerunt,
1753 2933 1797 2991 ut
1813 2945 1943 3024 supra·
1980 3014 1986 3026 η

521 3047 608 3123 dicti
624 3049 826 3154 Templarii
842 3049 1024 3153 proximo,
1038 3066 1075 3124 et
1089 3047 1194 3152 quod
1211 3073 1324 3153 super
1332 3045 1509 3153 predictis
1526 3047 1800 3149 responderent
1809 3048 1857 3123 ad
1864 3049 1944 3153 ple-

520 3205 614 3252 num
626 3178 734 3254 dictis
749 3179 912 3255 dominis
925 3176 1187 3254 commissoriis
1198 3177 1227 3253 si
1239 3192 1515 3284 congregentur
1529 3204 1615 3252 cum
1632 3176 1712 3252 aliis
1722 3178 1942 3283 Templariis

520 3309 585 3413 qui
605 3309 737 3385 volunt
756 3306 960 3383 defendere
982 3306 1171 3394 ordinem,
1194 3307 1266 3382 hoc
1290 3335 1378 3383 cum
1402 3306 1580 3382 instancia
1603 3308 1849 3412 requirentes.
1871 3311 1943 3386 No

521 3440 622 3514 mina
649 3467 736 3515 vero
762 3438 948 3513 dictorum
978 3436 1135 3513 fratrum
1160 3439 1226 3543 qui
1252 3439 1290 3513 in
1322 3437 1419 3515 dicta
1444 3437 1559 3514 domo
1584 3454 1704 3527 erant,
1731 3454 1819 3513 sunt
1843 3439 1940 3514 hec:

520 3569 763 3644 Constancius
786 3583 935 3643 curatus
959 3567 1007 3643 de
1029 3568 1232 3657 Colaours,
1258 3568 1405 3645 Addam
1428 3568 1463 3644 le
1488 3566 1688 3653 Marechal,
1714 3567 1872 3644 Michael
1896 3571 1942 3645 de

520 3715 645 3775 sancto
675 3695 856 3785 Mamilio,
886 3696 1067 3775 Girardus
1095 3699 1142 3774 de
1165 3698 1302 3786 Genef,
1327 3698 1559 3806 Reginardus
1582 3697 1629 3773 de
1651 3699 1679 3771 F
1682 3714 1857 3784 ontanes,
1883 3700 1943 3776 Jo

521 3829 663 3905 hannes
693 3827 729 3903 la
755 3829 899 3915 Forest,
923 3847 960 3905 et
989 3827 1110 3905 dictus
1133 3830 1375 3937 Raymondus
1397 3828 1590 3907 Guillelmi
1615 3828 1662 3903 de
1680 3828 1795 3904 Benel
1818 3830 1940 3916 miles,

521 3959 757 4036 Adhemarus
781 3958 828 4034 de
854 3959 1003 4036 Peresio
1034 3959 1162 4048 miles,
1187 3961 1402 4036 Bernandus
1426 3959 1473 4036 de
1498 3957 1622 4048 Gallo,
1652 3960 1864 4037 Bernardus
1897 3963 1943 4037 de

521 4091 686 4179 Revello,
718 4067 945 4168 Guillelmus
967 4089 1173 4196 Radulphi,
1200 4090 1430 4169 Guillelmus
1453 4089 1502 4166 de
1526 4090 1705 4194 Sarthago
1733 4090 1855 4178 miles,
1884 4096 1945 4168 Jo-

522 4219 663 4296 haunes
684 4223 731 4298 de
745 4223 849 4300 Valle
868 4222 1036 4301 Gallossa
1055 4222 1260 4331 presbyter,
1284 4222 1525 4331 Raymondus
1542 4222 1589 4296 de
1608 4218 1720 4296 Clans
1738 4218 1942 4327 presbyter,

522 4352 761 4456 Raymondus
783 4352 977 4431 Guillelmi
998 4355 1046 4430 de
1069 4355 1180 4443 Salis,
1202 4356 1241 4430 P.
1266 4333 1314 4431 de
1337 4354 1494 4438 Maiaco,
1515 4352 1553 4426 P.
1577 4349 1692 4453 Pages
1710 4365 1748 4424 et
1767 4352 1877 4457 Hugo
1898 4355 1943 4430 de

522 4482 642 4558 Sessa.

577 4611 688 4695 Item,
713 4612 845 4687 eadem
870 4615 932 4690 die
956 4613 1084 4692 Martis
1111 4615 1332 4692 accessimus
1355 4613 1402 4691 ad
1427 4612 1584 4688 domum
1611 4610 1756 4687 domini
1783 4614 1943 4719 episcopi

521 4737 767 4825 Belvacensis,
799 4742 904 4846 quod
936 4742 1020 4850 [sic]
1054 4759 1111 4818 est
1149 4742 1248 4820 inter
1274 4762 1436 4821 sanctam
1470 4739 1696 4819 Genevefam
1738 4760 1776 4818 et
1815 4743 1945 4822 frames

522 4869 794 4955 Predicatores‚
827 4869 894 4946 ubi
924 4871 1189 4949 detinebantur
1222 4900 1282 4950 xxi
1313 4870 1516 4978 Templarii
1542 4899 1586 4949 ex
1610 4872 1684 4950 illis
1713 4873 1778 4979 qui
1799 4873 1946 4951 fuerant
