<?xml version="1.0" encoding="UTF-8"?>
<!DOCTYPE html PUBLIC "-//W3C//DTD XHTML 1.0 Transitional//EN"
    "http://www.w3.org/TR/xhtml1/DTD/xhtml1-transitional.dtd">
<html xmlns="http://www.w3.org/1999/xhtml" xml:lang="en" lang="en">
 <head>
  <title>
</title>
<meta http-equiv="Content-Type" content="text/html;charset=utf-8" />
  <meta name='ocr-system' content='tesseract 3.04.00' />
  <meta name='ocr-capabilities' content='ocr_page ocr_carea ocr_par ocr_line ocrx_word'/>
</head>
<body>
  <div class='ocr_page' id='page_1' title='image "./procsdestemplie02defegoog_0358.png"; bbox 0 0 4080 6052; ppageno 0'>
   <div class='ocr_carea' id='block_1_1' title="bbox 528 524 1561 622">
    <p class='ocr_par' dir='ltr' id='par_1_1' title="bbox 528 524 1561 622">
     <span class='ocr_line' id='line_1_1' title="bbox 528 524 1561 622; baseline -0.007 -1"><span class='ocrx_word' id='word_1_1' title='bbox 528 545 603 622; x_wconf 83' lang='lat' dir='ltr'><strong>sm</strong></span> <span class='ocrx_word' id='word_1_2' title='bbox 921 524 1115 618; x_wconf 76' lang='lat' dir='ltr'><strong>euocts</strong></span> <span class='ocrx_word' id='word_1_3' title='bbox 1142 532 1561 617; x_wconf 78' lang='lat' dir='ltr'><strong>nssrsuetmus.</strong></span> 
     </span>
    </p>
   </div>
   <div class='ocr_carea' id='block_1_2' title="bbox 522 679 1954 3009">
    <p class='ocr_par' dir='ltr' id='par_1_2' title="bbox 522 679 1954 906">
     <span class='ocr_line' id='line_1_2' title="bbox 522 679 1954 797; baseline -0.003 -31"><span class='ocrx_word' id='word_1_4' title='bbox 522 688 714 797; x_wconf 77' lang='lat' dir='ltr'><strong>jejunaret</strong></span> <span class='ocrx_word' id='word_1_5' title='bbox 734 688 775 764; x_wconf 93' lang='lat' dir='ltr'><strong>in</strong></span> <span class='ocrx_word' id='word_1_6' title='bbox 794 714 890 793; x_wconf 89' lang='lat' dir='ltr'><strong>pane</strong></span> <span class='ocrx_word' id='word_1_7' title='bbox 911 703 950 763; x_wconf 93' lang='lat' dir='ltr'><strong>et</strong></span> <span class='ocrx_word' id='word_1_8' title='bbox 969 713 1065 791; x_wconf 87' lang='lat' dir='ltr'><strong>aqua</strong></span> <span class='ocrx_word' id='word_1_9' title='bbox 1083 682 1249 761; x_wconf 82' lang='lat' dir='ltr'><strong>sedecim</strong></span> <span class='ocrx_word' id='word_1_10' title='bbox 1280 682 1338 759; x_wconf 87' lang='lat' dir='ltr'><strong>vel</strong></span> <span class='ocrx_word' id='word_1_11' title='bbox 1361 681 1494 761; x_wconf 89' lang='lat' dir='ltr'><strong>decem</strong></span> <span class='ocrx_word' id='word_1_12' title='bbox 1520 699 1558 758; x_wconf 91' lang='lat' dir='ltr'><strong>et</strong></span> <span class='ocrx_word' id='word_1_13' title='bbox 1579 681 1806 760; x_wconf 83' lang='lat' dir='ltr'><strong>octo-sextis</strong></span> <span class='ocrx_word' id='word_1_14' title='bbox 1834 679 1954 770; x_wconf 78' lang='lat' dir='ltr'><strong>feriis,</strong></span> 
     </span>
     <span class='ocr_line' id='line_1_3' title="bbox 529 812 1443 906; baseline -0.007 -11"><span class='ocrx_word' id='word_1_15' title='bbox 529 836 573 897; x_wconf 89' lang='lat' dir='ltr'><strong>ut</strong></span> <span class='ocrx_word' id='word_1_16' title='bbox 591 819 664 897; x_wconf 86' lang='lat' dir='ltr'><strong>sihi</strong></span> <span class='ocrx_word' id='word_1_17' title='bbox 683 818 845 906; x_wconf 88' lang='lat' dir='ltr'><strong>videtur,</strong></span> <span class='ocrx_word' id='word_1_18' title='bbox 868 833 905 892; x_wconf 93' lang='lat' dir='ltr'><strong>et</strong></span> <span class='ocrx_word' id='word_1_19' title='bbox 921 815 1042 893; x_wconf 88' lang='lat' dir='ltr'><strong>credit</strong></span> <span class='ocrx_word' id='word_1_20' title='bbox 1059 843 1148 891; x_wconf 91' lang='lat' dir='ltr'><strong>eum</strong></span> <span class='ocrx_word' id='word_1_21' title='bbox 1166 814 1291 890; x_wconf 87' lang='lat' dir='ltr'><strong>adhuc</strong></span> <span class='ocrx_word' id='word_1_22' title='bbox 1310 812 1443 890; x_wconf 85' lang='lat' dir='ltr'><strong>vivere.</strong></span> 
     </span>
    </p>

    <p class='ocr_par' dir='ltr' id='par_1_3' title="bbox 528 942 1953 1317">
     <span class='ocr_line' id='line_1_4' title="bbox 586 942 1948 1054; baseline -0.004 -27"><span class='ocrx_word' id='word_1_23' title='bbox 586 954 698 1038; x_wconf 88' lang='lat' dir='ltr'>Item,</span> <span class='ocrx_word' id='word_1_24' title='bbox 721 973 835 1054; x_wconf 90' lang='lat' dir='ltr'><strong>super</strong></span> <span class='ocrx_word' id='word_1_25' title='bbox 851 946 1036 1024; x_wconf 89' lang='lat' dir='ltr'><strong>contentis</strong></span> <span class='ocrx_word' id='word_1_26' title='bbox 1057 946 1095 1021; x_wconf 91' lang='lat' dir='ltr'><strong>in</strong></span> <span class='ocrx_word' id='word_1_27' title='bbox 1115 971 1138 1024; x_wconf 86' lang='lat' dir='ltr'>v</span> <span class='ocrx_word' id='word_1_28' title='bbox 1159 961 1197 1020; x_wconf 91' lang='lat' dir='ltr'><strong>et</strong></span> <span class='ocrx_word' id='word_1_29' title='bbox 1215 971 1239 1021; x_wconf 84' lang='lat' dir='ltr'>x</span> <span class='ocrx_word' id='word_1_30' title='bbox 1257 942 1521 1050; x_wconf 88' lang='lat' dir='ltr'><strong>sequentibus,</strong></span> <span class='ocrx_word' id='word_1_31' title='bbox 1543 942 1591 1019; x_wconf 92' lang='lat' dir='ltr'><strong>de</strong></span> <span class='ocrx_word' id='word_1_32' title='bbox 1611 942 1948 1049; x_wconf 80' lang='lat' dir='ltr'><strong>dogmatizscione,</strong></span> 
     </span>
     <span class='ocr_line' id='line_1_5' title="bbox 531 1072 1953 1181; baseline -0.004 -25"><span class='ocrx_word' id='word_1_33' title='bbox 531 1079 812 1158; x_wconf 89' lang='lat' dir='ltr'><strong>conculcacione</strong></span> <span class='ocrx_word' id='word_1_34' title='bbox 835 1095 873 1154; x_wconf 90' lang='lat' dir='ltr'><strong>et</strong></span> <span class='ocrx_word' id='word_1_35' title='bbox 893 1094 990 1163; x_wconf 89' lang='lat' dir='ltr'><strong>cato,</strong></span> <span class='ocrx_word' id='word_1_36' title='bbox 1007 1074 1205 1181; x_wconf 81' lang='lat' dir='ltr'><strong>respondit</strong></span> <span class='ocrx_word' id='word_1_37' title='bbox 1224 1101 1265 1151; x_wconf 89' lang='lat' dir='ltr'><strong>se</strong></span> <span class='ocrx_word' id='word_1_38' title='bbox 1287 1073 1403 1152; x_wconf 87' lang='lat' dir='ltr'><strong>nichil</strong></span> <span class='ocrx_word' id='word_1_39' title='bbox 1423 1073 1516 1150; x_wconf 89' lang='lat' dir='ltr'><strong>scire</strong></span> <span class='ocrx_word' id='word_1_40' title='bbox 1538 1072 1610 1149; x_wconf 91' lang='lat' dir='ltr'><strong>nisi</strong></span> <span class='ocrx_word' id='word_1_41' title='bbox 1629 1074 1670 1149; x_wconf 91' lang='lat' dir='ltr'><strong>in</strong></span> <span class='ocrx_word' id='word_1_42' title='bbox 1684 1090 1874 1180; x_wconf 88' lang='lat' dir='ltr'><strong>quantum</strong></span> <span class='ocrx_word' id='word_1_43' title='bbox 1893 1103 1953 1151; x_wconf 90' lang='lat' dir='ltr'><strong>su·</strong></span> 
     </span>
     <span class='ocr_line' id='line_1_6' title="bbox 528 1209 796 1317; baseline -0.011 -28"><span class='ocrx_word' id='word_1_44' title='bbox 528 1240 596 1317; x_wconf 89' lang='lat' dir='ltr'><strong>pra</strong></span> <span class='ocrx_word' id='word_1_45' title='bbox 610 1209 796 1315; x_wconf 82' lang='lat' dir='ltr'><strong>deposuit.</strong></span> 
     </span>
    </p>

    <p class='ocr_par' dir='ltr' id='par_1_4' title="bbox 530 1333 1953 2228">
     <span class='ocr_line' id='line_1_7' title="bbox 585 1333 1950 1441; baseline -0.001 -24"><span class='ocrx_word' id='word_1_46' title='bbox 585 1342 693 1432; x_wconf 89' lang='lat' dir='ltr'><strong>Item,</strong></span> <span class='ocrx_word' id='word_1_47' title='bbox 714 1341 760 1415; x_wconf 91' lang='lat' dir='ltr'><strong>de</strong></span> <span class='ocrx_word' id='word_1_48' title='bbox 775 1339 960 1417; x_wconf 88' lang='lat' dir='ltr'><strong>contentis</strong></span> <span class='ocrx_word' id='word_1_49' title='bbox 970 1338 1009 1412; x_wconf 92' lang='lat' dir='ltr'><strong>in</strong></span> <span class='ocrx_word' id='word_1_50' title='bbox 1018 1361 1079 1414; x_wconf 80' lang='lat' dir='ltr'><strong>xvi</strong></span> <span class='ocrx_word' id='word_1_51' title='bbox 1098 1351 1136 1413; x_wconf 93' lang='lat' dir='ltr'><strong>et</strong></span> <span class='ocrx_word' id='word_1_52' title='bbox 1151 1361 1226 1413; x_wconf 80' lang='lat' dir='ltr'><strong>xvir</strong></span> <span class='ocrx_word' id='word_1_53' title='bbox 1236 1334 1495 1441; x_wconf 89' lang='lat' dir='ltr'><strong>sequentibus,</strong></span> <span class='ocrx_word' id='word_1_54' title='bbox 1507 1335 1555 1412; x_wconf 92' lang='lat' dir='ltr'><strong>de</strong></span> <span class='ocrx_word' id='word_1_55' title='bbox 1568 1350 1803 1411; x_wconf 89' lang='lat' dir='ltr'><strong>sacramento</strong></span> <span class='ocrx_word' id='word_1_56' title='bbox 1814 1333 1950 1418; x_wconf 79' lang='lat' dir='ltr'><strong>altaris,</strong></span> 
     </span>
     <span class='ocr_line' id='line_1_8' title="bbox 531 1445 1953 1579; baseline -0.004 -30"><span class='ocrx_word' id='word_1_57' title='bbox 531 1471 773 1549; x_wconf 86' lang='lat' dir='ltr'><strong>absolucione</strong></span> <span class='ocrx_word' id='word_1_58' title='bbox 794 1469 958 1579; x_wconf 69' lang='lat' dir='ltr'><strong>Magistri</strong></span> <span class='ocrx_word' id='word_1_59' title='bbox 983 1484 1021 1544; x_wconf 91' lang='lat' dir='ltr'><strong>et</strong></span> <span class='ocrx_word' id='word_1_60' title='bbox 1040 1465 1187 1554; x_wconf 94' lang='lat' dir='ltr'><strong>osculo,</strong></span> <span class='ocrx_word' id='word_1_61' title='bbox 1208 1445 1404 1571; x_wconf 81' lang='lat' dir='ltr'><strong>respondit</strong></span> <span class='ocrx_word' id='word_1_62' title='bbox 1418 1493 1471 1542; x_wconf 88' lang='lat' dir='ltr'><strong>se</strong></span> <span class='ocrx_word' id='word_1_63' title='bbox 1497 1465 1615 1541; x_wconf 87' lang='lat' dir='ltr'><strong>nichil</strong></span> <span class='ocrx_word' id='word_1_64' title='bbox 1635 1465 1730 1541; x_wconf 88' lang='lat' dir='ltr'><strong>scire</strong></span> <span class='ocrx_word' id='word_1_65' title='bbox 1759 1465 1834 1540; x_wconf 92' lang='lat' dir='ltr'><strong>nisi</strong></span> <span class='ocrx_word' id='word_1_66' title='bbox 1851 1466 1953 1572; x_wconf 87' lang='lat' dir='ltr'><strong>quod</strong></span> 
     </span>
     <span class='ocr_line' id='line_1_9' title="bbox 531 1595 1952 1707; baseline -0.002 -29"><span class='ocrx_word' id='word_1_67' title='bbox 531 1630 644 1707; x_wconf 86' lang='lat' dir='ltr'><strong>supra</strong></span> <span class='ocrx_word' id='word_1_68' title='bbox 668 1599 860 1705; x_wconf 86' lang='lat' dir='ltr'><strong>deposuit,</strong></span> <span class='ocrx_word' id='word_1_69' title='bbox 887 1598 1052 1676; x_wconf 84' lang='lat' dir='ltr'><strong>adiciens</strong></span> <span class='ocrx_word' id='word_1_70' title='bbox 1075 1625 1114 1673; x_wconf 89' lang='lat' dir='ltr'><strong>se</strong></span> <span class='ocrx_word' id='word_1_71' title='bbox 1135 1596 1288 1673; x_wconf 87' lang='lat' dir='ltr'><strong>credere</strong></span> <span class='ocrx_word' id='word_1_72' title='bbox 1319 1596 1557 1674; x_wconf 81' lang='lat' dir='ltr'><strong>sacramentis</strong></span> <span class='ocrx_word' id='word_1_73' title='bbox 1577 1595 1761 1683; x_wconf 87' lang='lat' dir='ltr'><strong>Ecclesie,</strong></span> <span class='ocrx_word' id='word_1_74' title='bbox 1784 1612 1823 1672; x_wconf 90' lang='lat' dir='ltr'><strong>et</strong></span> <span class='ocrx_word' id='word_1_75' title='bbox 1849 1599 1952 1702; x_wconf 86' lang='lat' dir='ltr'><strong>quod</strong></span> 
     </span>
     <span class='ocr_line' id='line_1_10' title="bbox 531 1726 1949 1838; baseline -0.003 -30"><span class='ocrx_word' id='word_1_76' title='bbox 531 1732 647 1838; x_wconf 85' lang='lat' dir='ltr'><strong>aliqui</strong></span> <span class='ocrx_word' id='word_1_77' title='bbox 668 1731 866 1808; x_wconf 84' lang='lat' dir='ltr'><strong>crederent</strong></span> <span class='ocrx_word' id='word_1_78' title='bbox 882 1757 925 1804; x_wconf 88' lang='lat' dir='ltr'><strong>ex</strong></span> <span class='ocrx_word' id='word_1_79' title='bbox 943 1726 1121 1805; x_wconf 82' lang='lat' dir='ltr'><strong>fratribus</strong></span> <span class='ocrx_word' id='word_1_80' title='bbox 1141 1727 1230 1803; x_wconf 88' lang='lat' dir='ltr'><strong>dicti</strong></span> <span class='ocrx_word' id='word_1_81' title='bbox 1252 1726 1420 1805; x_wconf 82' lang='lat' dir='ltr'><strong>ordinis:</strong></span> <span class='ocrx_word' id='word_1_82' title='bbox 1441 1754 1518 1804; x_wconf 89' lang='lat' dir='ltr'><strong>non</strong></span> <span class='ocrx_word' id='word_1_83' title='bbox 1535 1744 1662 1804; x_wconf 82' lang='lat' dir='ltr'><strong>tamen</strong></span> <span class='ocrx_word' id='word_1_84' title='bbox 1681 1727 1830 1804; x_wconf 85' lang='lat' dir='ltr'><strong>videtur</strong></span> <span class='ocrx_word' id='word_1_85' title='bbox 1846 1729 1949 1833; x_wconf 90' lang='lat' dir='ltr'><strong>quod</strong></span> 
     </span>
     <span class='ocr_line' id='line_1_11' title="bbox 530 1855 1950 1968; baseline -0.002 -30"><span class='ocrx_word' id='word_1_86' title='bbox 530 1861 595 1938; x_wconf 91' lang='lat' dir='ltr'><strong>ille</strong></span> <span class='ocrx_word' id='word_1_87' title='bbox 615 1863 680 1968; x_wconf 93' lang='lat' dir='ltr'><strong>qui</strong></span> <span class='ocrx_word' id='word_1_88' title='bbox 700 1861 843 1967; x_wconf 88' lang='lat' dir='ltr'><strong>recepit</strong></span> <span class='ocrx_word' id='word_1_89' title='bbox 865 1888 953 1935; x_wconf 93' lang='lat' dir='ltr'><strong>eum</strong></span> <span class='ocrx_word' id='word_1_90' title='bbox 975 1875 1074 1935; x_wconf 91' lang='lat' dir='ltr'><strong>esset</strong></span> <span class='ocrx_word' id='word_1_91' title='bbox 1090 1857 1214 1935; x_wconf 91' lang='lat' dir='ltr'><strong>bonus</strong></span> <span class='ocrx_word' id='word_1_92' title='bbox 1232 1857 1483 1950; x_wconf 88' lang='lat' dir='ltr'><strong>Christianus,</strong></span> <span class='ocrx_word' id='word_1_93' title='bbox 1510 1859 1549 1933; x_wconf 92' lang='lat' dir='ltr'><strong>in</strong></span> <span class='ocrx_word' id='word_1_94' title='bbox 1573 1874 1760 1964; x_wconf 88' lang='lat' dir='ltr'><strong>quantum</strong></span> <span class='ocrx_word' id='word_1_95' title='bbox 1783 1859 1853 1934; x_wconf 87' lang='lat' dir='ltr'><strong>hec</strong></span> <span class='ocrx_word' id='word_1_96' title='bbox 1869 1855 1950 1935; x_wconf 87' lang='lat' dir='ltr'><strong>lieri</strong></span> 
     </span>
     <span class='ocr_line' id='line_1_12' title="bbox 531 1988 1952 2097; baseline -0.001 -29"><span class='ocrx_word' id='word_1_97' title='bbox 531 1992 703 2082; x_wconf 82' lang='lat' dir='ltr'><strong>iaciebat3</strong></span> <span class='ocrx_word' id='word_1_98' title='bbox 725 1991 866 2069; x_wconf 88' lang='lat' dir='ltr'><strong>sciebat</strong></span> <span class='ocrx_word' id='word_1_99' title='bbox 884 2005 1029 2078; x_wconf 89' lang='lat' dir='ltr'><strong>autem,</strong></span> <span class='ocrx_word' id='word_1_100' title='bbox 1051 2006 1093 2065; x_wconf 88' lang='lat' dir='ltr'><strong>ut</strong></span> <span class='ocrx_word' id='word_1_101' title='bbox 1113 1988 1222 2076; x_wconf 84' lang='lat' dir='ltr'><strong>dixit,</strong></span> <span class='ocrx_word' id='word_1_102' title='bbox 1246 1989 1353 2094; x_wconf 94' lang='lat' dir='ltr'><strong>quod</strong></span> <span class='ocrx_word' id='word_1_103' title='bbox 1365 1988 1459 2097; x_wconf 82' lang='lat' dir='ltr'><strong>layci</strong></span> <span class='ocrx_word' id='word_1_104' title='bbox 1477 2016 1553 2066; x_wconf 89' lang='lat' dir='ltr'><strong>non</strong></span> <span class='ocrx_word' id='word_1_105' title='bbox 1568 2004 1745 2094; x_wconf 88' lang='lat' dir='ltr'><strong>poterant</strong></span> <span class='ocrx_word' id='word_1_106' title='bbox 1762 1988 1952 2067; x_wconf 84' lang='lat' dir='ltr'><strong>absolvere</strong></span> 
     </span>
     <span class='ocr_line' id='line_1_13' title="bbox 531 2105 741 2228; baseline -0.005 -30"><span class='ocrx_word' id='word_1_107' title='bbox 531 2151 552 2198; x_wconf 89' lang='lat' dir='ltr'><strong>a</strong></span> <span class='ocrx_word' id='word_1_108' title='bbox 570 2105 741 2228; x_wconf 88' lang='lat' dir='ltr'><strong>peccatis.</strong></span> 
     </span>
    </p>

    <p class='ocr_par' dir='ltr' id='par_1_5' title="bbox 531 2238 1952 2461">
     <span class='ocr_line' id='line_1_14' title="bbox 587 2238 1952 2358; baseline 0 -29"><span class='ocrx_word' id='word_1_109' title='bbox 587 2255 698 2343; x_wconf 88' lang='lat' dir='ltr'><strong>Item,</strong></span> <span class='ocrx_word' id='word_1_110' title='bbox 720 2252 768 2329; x_wconf 89' lang='lat' dir='ltr'><strong>ad</strong></span> <span class='ocrx_word' id='word_1_111' title='bbox 783 2238 906 2329; x_wconf 75' lang='lat' dir='ltr'><strong>rrum</strong></span> <span class='ocrx_word' id='word_1_112' title='bbox 921 2268 959 2327; x_wconf 92' lang='lat' dir='ltr'><strong>et</strong></span> <span class='ocrx_word' id='word_1_113' title='bbox 979 2275 1001 2327; x_wconf 87' lang='lat' dir='ltr'>v</span> <span class='ocrx_word' id='word_1_114' title='bbox 1020 2248 1217 2357; x_wconf 85' lang='lat' dir='ltr'><strong>respondit</strong></span> <span class='ocrx_word' id='word_1_115' title='bbox 1231 2277 1270 2326; x_wconf 89' lang='lat' dir='ltr'><strong>se</strong></span> <span class='ocrx_word' id='word_1_116' title='bbox 1288 2247 1405 2326; x_wconf 91' lang='lat' dir='ltr'><strong>nichil</strong></span> <span class='ocrx_word' id='word_1_117' title='bbox 1424 2249 1608 2327; x_wconf 90' lang='lat' dir='ltr'><strong>audivisse</strong></span> <span class='ocrx_word' id='word_1_118' title='bbox 1630 2266 1718 2328; x_wconf 86' lang='lat' dir='ltr'><strong>ante</strong></span> <span class='ocrx_word' id='word_1_119' title='bbox 1736 2251 1952 2358; x_wconf 88' lang='lat' dir='ltr'><strong>capcionem</strong></span> 
     </span>
     <span class='ocr_line' id='line_1_15' title="bbox 531 2412 676 2461; baseline -0.007 0"><span class='ocrx_word' id='word_1_120' title='bbox 531 2412 676 2461; x_wconf 90' lang='lat' dir='ltr'><strong>eorum.</strong></span> 
     </span>
    </p>

    <p class='ocr_par' dir='ltr' id='par_1_6' title="bbox 588 2509 1881 2615">
     <span class='ocr_line' id='line_1_16' title="bbox 588 2509 1881 2615; baseline -0.001 -25"><span class='ocrx_word' id='word_1_121' title='bbox 588 2515 699 2601; x_wconf 88' lang='lat' dir='ltr'><strong>Item,</strong></span> <span class='ocrx_word' id='word_1_122' title='bbox 716 2529 890 2606; x_wconf 87' lang='lat' dir='ltr'><strong>contenta</strong></span> <span class='ocrx_word' id='word_1_123' title='bbox 907 2512 947 2587; x_wconf 91' lang='lat' dir='ltr'><strong>in</strong></span> <span class='ocrx_word' id='word_1_124' title='bbox 966 2536 1073 2589; x_wconf 78' lang='lat' dir='ltr'><strong>xxxvi</strong></span> <span class='ocrx_word' id='word_1_125' title='bbox 1089 2526 1128 2586; x_wconf 88' lang='lat' dir='ltr'><strong>et</strong></span> <span class='ocrx_word' id='word_1_126' title='bbox 1146 2535 1222 2586; x_wconf 85' lang='lat' dir='ltr'><strong>vnn</strong></span> <span class='ocrx_word' id='word_1_127' title='bbox 1241 2509 1439 2615; x_wconf 89' lang='lat' dir='ltr'><strong>respondit</strong></span> <span class='ocrx_word' id='word_1_128' title='bbox 1458 2536 1496 2584; x_wconf 91' lang='lat' dir='ltr'><strong>se</strong></span> <span class='ocrx_word' id='word_1_129' title='bbox 1513 2509 1667 2587; x_wconf 87' lang='lat' dir='ltr'><strong>credere</strong></span> <span class='ocrx_word' id='word_1_130' title='bbox 1680 2538 1769 2587; x_wconf 87' lang='lat' dir='ltr'><strong>vera</strong></span> <span class='ocrx_word' id='word_1_131' title='bbox 1786 2540 1881 2591; x_wconf 88' lang='lat' dir='ltr'><strong>esse.</strong></span> 
     </span>
    </p>

    <p class='ocr_par' dir='ltr' id='par_1_7' title="bbox 531 2639 1954 3009">
     <span class='ocr_line' id='line_1_17' title="bbox 586 2639 1954 2745; baseline -0.001 -22"><span class='ocrx_word' id='word_1_132' title='bbox 586 2647 698 2738; x_wconf 87' lang='lat' dir='ltr'><strong>Item,</strong></span> <span class='ocrx_word' id='word_1_133' title='bbox 720 2644 768 2720; x_wconf 89' lang='lat' dir='ltr'><strong>de</strong></span> <span class='ocrx_word' id='word_1_134' title='bbox 789 2643 973 2720; x_wconf 87' lang='lat' dir='ltr'><strong>contentis</strong></span> <span class='ocrx_word' id='word_1_135' title='bbox 993 2643 1032 2716; x_wconf 91' lang='lat' dir='ltr'><strong>in</strong></span> <span class='ocrx_word' id='word_1_136' title='bbox 1051 2667 1097 2718; x_wconf 66' lang='grc' dir='ltr'><strong>ιι</strong></span> <span class='ocrx_word' id='word_1_137' title='bbox 1117 2655 1155 2716; x_wconf 91' lang='lat' dir='ltr'><strong>et</strong></span> <span class='ocrx_word' id='word_1_138' title='bbox 1177 2639 1516 2745; x_wconf 67' lang='lat' dir='ltr'><strong>insequentibus,</strong></span> <span class='ocrx_word' id='word_1_139' title='bbox 1544 2641 1592 2717; x_wconf 91' lang='lat' dir='ltr'><strong>de</strong></span> <span class='ocrx_word' id='word_1_140' title='bbox 1613 2641 1770 2719; x_wconf 87' lang='lat' dir='ltr'><strong>crimine</strong></span> <span class='ocrx_word' id='word_1_141' title='bbox 1790 2644 1954 2721; x_wconf 92' lang='lat' dir='ltr'><strong>sodomi·</strong></span> 
     </span>
     <span class='ocr_line' id='line_1_18' title="bbox 531 2770 1950 2882; baseline -0.001 -31"><span class='ocrx_word' id='word_1_142' title='bbox 531 2776 625 2866; x_wconf 91' lang='lat' dir='ltr'><strong>tico,</strong></span> <span class='ocrx_word' id='word_1_143' title='bbox 645 2774 768 2882; x_wconf 81' lang='lat' dir='ltr'><strong>ydolis</strong></span> <span class='ocrx_word' id='word_1_144' title='bbox 789 2791 827 2849; x_wconf 94' lang='lat' dir='ltr'><strong>et</strong></span> <span class='ocrx_word' id='word_1_145' title='bbox 840 2772 1022 2860; x_wconf 90' lang='lat' dir='ltr'><strong>cordulis,</strong></span> <span class='ocrx_word' id='word_1_146' title='bbox 1038 2770 1233 2875; x_wconf 90' lang='lat' dir='ltr'><strong>respondit</strong></span> <span class='ocrx_word' id='word_1_147' title='bbox 1247 2799 1287 2847; x_wconf 87' lang='lat' dir='ltr'><strong>so</strong></span> <span class='ocrx_word' id='word_1_148' title='bbox 1302 2770 1355 2846; x_wconf 89' lang='lat' dir='ltr'><strong>nil</strong></span> <span class='ocrx_word' id='word_1_149' title='bbox 1373 2771 1486 2860; x_wconf 74' lang='lat' dir='ltr'><strong>scire,</strong></span> <span class='ocrx_word' id='word_1_150' title='bbox 1507 2798 1578 2846; x_wconf 90' lang='lat' dir='ltr'><strong>nec</strong></span> <span class='ocrx_word' id='word_1_151' title='bbox 1593 2771 1771 2849; x_wconf 88' lang='lat' dir='ltr'><strong>credebat</strong></span> <span class='ocrx_word' id='word_1_152' title='bbox 1781 2791 1950 2850; x_wconf 87' lang='lat' dir='ltr'><strong>contenta</strong></span> 
     </span>
     <span class='ocr_line' id='line_1_19' title="bbox 533 2899 1949 3009; baseline 0 -31"><span class='ocrx_word' id='word_1_153' title='bbox 533 2904 574 2978; x_wconf 90' lang='lat' dir='ltr'><strong>in</strong></span> <span class='ocrx_word' id='word_1_154' title='bbox 589 2904 681 3008; x_wconf 47' lang='lat' dir='ltr'><strong>ipsis,</strong></span> <span class='ocrx_word' id='word_1_155' title='bbox 697 2904 862 2980; x_wconf 89' lang='lat' dir='ltr'><strong>articulis</strong></span> <span class='ocrx_word' id='word_1_156' title='bbox 877 2931 956 2980; x_wconf 91' lang='lat' dir='ltr'><strong>esse</strong></span> <span class='ocrx_word' id='word_1_157' title='bbox 976 2930 1078 2993; x_wconf 87' lang='lat' dir='ltr'><strong>vera,</strong></span> <span class='ocrx_word' id='word_1_158' title='bbox 1100 2899 1173 2977; x_wconf 89' lang='lat' dir='ltr'><strong>nisi</strong></span> <span class='ocrx_word' id='word_1_159' title='bbox 1192 2899 1434 2977; x_wconf 91' lang='lat' dir='ltr'><strong>solummodo</strong></span> <span class='ocrx_word' id='word_1_160' title='bbox 1453 2900 1560 3007; x_wconf 87' lang='lat' dir='ltr'><strong>quod</strong></span> <span class='ocrx_word' id='word_1_161' title='bbox 1579 2902 1831 3009; x_wconf 85' lang='lat' dir='ltr'><strong>cingebantur,</strong></span> <span class='ocrx_word' id='word_1_162' title='bbox 1852 2921 1896 2980; x_wconf 90' lang='lat' dir='ltr'><strong>ut</strong></span> <span class='ocrx_word' id='word_1_163' title='bbox 1914 2906 1949 2980; x_wconf 92' lang='lat' dir='ltr'><strong>ei</strong></span> 
     </span>
    </p>
   </div>
   <div class='ocr_carea' id='block_1_3' title="bbox 530 3030 1953 3367">
    <p class='ocr_par' dir='ltr' id='par_1_8' title="bbox 530 3030 1953 3367">
     <span class='ocr_line' id='line_1_20' title="bbox 534 3030 1952 3141; baseline 0.002 -34"><span class='ocrx_word' id='word_1_164' title='bbox 534 3030 607 3107; x_wconf 83' lang='lat' dir='ltr'><strong>fuit</strong></span> <span class='ocrx_word' id='word_1_165' title='bbox 621 3031 764 3107; x_wconf 93' lang='lat' dir='ltr'><strong>dictum</strong></span> <span class='ocrx_word' id='word_1_166' title='bbox 781 3032 821 3107; x_wconf 91' lang='lat' dir='ltr'><strong>in</strong></span> <span class='ocrx_word' id='word_1_167' title='bbox 838 3033 1057 3137; x_wconf 86' lang='lat' dir='ltr'><strong>recepcione</strong></span> <span class='ocrx_word' id='word_1_168' title='bbox 1073 3060 1155 3120; x_wconf 89' lang='lat' dir='ltr'><strong>sua,</strong></span> <span class='ocrx_word' id='word_1_169' title='bbox 1173 3059 1248 3108; x_wconf 92' lang='lat' dir='ltr'><strong>una</strong></span> <span class='ocrx_word' id='word_1_170' title='bbox 1267 3030 1422 3108; x_wconf 91' lang='lat' dir='ltr'><strong>cordula</strong></span> <span class='ocrx_word' id='word_1_171' title='bbox 1440 3059 1555 3137; x_wconf 88' lang='lat' dir='ltr'><strong>super</strong></span> <span class='ocrx_word' id='word_1_172' title='bbox 1573 3033 1743 3110; x_wconf 87' lang='lat' dir='ltr'><strong>camisias</strong></span> <span class='ocrx_word' id='word_1_173' title='bbox 1754 3062 1849 3121; x_wconf 86' lang='lat' dir='ltr'><strong>suas,</strong></span> <span class='ocrx_word' id='word_1_174' title='bbox 1864 3035 1952 3141; x_wconf 84' lang='lat' dir='ltr'><strong>quia</strong></span> 
     </span>
     <span class='ocr_line' id='line_1_21' title="bbox 530 3159 1953 3271; baseline 0.004 -36"><span class='ocrx_word' id='word_1_175' title='bbox 530 3159 704 3266; x_wconf 90' lang='lat' dir='ltr'><strong>jacebant</strong></span> <span class='ocrx_word' id='word_1_176' title='bbox 722 3189 808 3236; x_wconf 90' lang='lat' dir='ltr'><strong>cum</strong></span> <span class='ocrx_word' id='word_1_177' title='bbox 827 3160 901 3236; x_wconf 89' lang='lat' dir='ltr'><strong>eis:</strong></span> <span class='ocrx_word' id='word_1_178' title='bbox 926 3162 1021 3236; x_wconf 87' lang='lat' dir='ltr'><strong>dicta</strong></span> <span class='ocrx_word' id='word_1_179' title='bbox 1036 3178 1161 3238; x_wconf 90' lang='lat' dir='ltr'><strong>tamen</strong></span> <span class='ocrx_word' id='word_1_180' title='bbox 1183 3161 1336 3239; x_wconf 89' lang='lat' dir='ltr'><strong>cordula</strong></span> <span class='ocrx_word' id='word_1_181' title='bbox 1352 3190 1429 3238; x_wconf 89' lang='lat' dir='ltr'><strong>uon</strong></span> <span class='ocrx_word' id='word_1_182' title='bbox 1441 3160 1514 3238; x_wconf 86' lang='lat' dir='ltr'><strong>suit</strong></span> <span class='ocrx_word' id='word_1_183' title='bbox 1525 3161 1596 3238; x_wconf 93' lang='lat' dir='ltr'><strong>sibi</strong></span> <span class='ocrx_word' id='word_1_184' title='bbox 1614 3164 1767 3252; x_wconf 86' lang='lat' dir='ltr'><strong>tradita,</strong></span> <span class='ocrx_word' id='word_1_185' title='bbox 1790 3164 1857 3241; x_wconf 91' lang='lat' dir='ltr'><strong>sed</strong></span> <span class='ocrx_word' id='word_1_186' title='bbox 1877 3166 1953 3271; x_wconf 90' lang='lat' dir='ltr'><strong>ipse</strong></span> 
     </span>
     <span class='ocr_line' id='line_1_22' title="bbox 537 3307 741 3367; baseline 0 -1"><span class='ocrx_word' id='word_1_187' title='bbox 537 3307 628 3367; x_wconf 83' lang='lat' dir='ltr'><strong>emit</strong></span> <span class='ocrx_word' id='word_1_188' title='bbox 648 3319 741 3367; x_wconf 91' lang='lat' dir='ltr'><strong>eam.</strong></span> 
     </span>
    </p>
   </div>
   <div class='ocr_carea' id='block_1_4' title="bbox 532 3421 1954 4965">
    <p class='ocr_par' dir='ltr' id='par_1_9' title="bbox 535 3421 1954 3656">
     <span class='ocr_line' id='line_1_23' title="bbox 589 3421 1954 3528; baseline 0.001 -31"><span class='ocrx_word' id='word_1_189' title='bbox 589 3422 702 3512; x_wconf 84' lang='lat' dir='ltr'><strong>Item,</strong></span> <span class='ocrx_word' id='word_1_190' title='bbox 734 3437 907 3498; x_wconf 90' lang='lat' dir='ltr'><strong>contenta</strong></span> <span class='ocrx_word' id='word_1_191' title='bbox 932 3422 971 3497; x_wconf 90' lang='lat' dir='ltr'><strong>in</strong></span> <span class='ocrx_word' id='word_1_192' title='bbox 997 3447 1158 3510; x_wconf 77' lang='lat' dir='ltr'><strong>nx11-1111,</strong></span> <span class='ocrx_word' id='word_1_193' title='bbox 1188 3422 1235 3496; x_wconf 91' lang='lat' dir='ltr'><strong>de</strong></span> <span class='ocrx_word' id='word_1_194' title='bbox 1263 3421 1378 3498; x_wconf 92' lang='lat' dir='ltr'><strong>modo</strong></span> <span class='ocrx_word' id='word_1_195' title='bbox 1402 3423 1630 3528; x_wconf 89' lang='lat' dir='ltr'><strong>recepcionis</strong></span> <span class='ocrx_word' id='word_1_196' title='bbox 1656 3422 1856 3499; x_wconf 88' lang='lat' dir='ltr'><strong>confessato</strong></span> <span class='ocrx_word' id='word_1_197' title='bbox 1883 3453 1954 3528; x_wconf 91' lang='lat' dir='ltr'><strong>per</strong></span> 
     </span>
     <span class='ocr_line' id='line_1_24' title="bbox 535 3552 1302 3656; baseline 0 -30"><span class='ocrx_word' id='word_1_198' title='bbox 535 3578 639 3642; x_wconf 91' lang='lat' dir='ltr'><strong>eum,</strong></span> <span class='ocrx_word' id='word_1_199' title='bbox 661 3552 856 3656; x_wconf 89' lang='lat' dir='ltr'><strong>respondit</strong></span> <span class='ocrx_word' id='word_1_200' title='bbox 875 3581 913 3629; x_wconf 93' lang='lat' dir='ltr'><strong>se</strong></span> <span class='ocrx_word' id='word_1_201' title='bbox 935 3552 1086 3629; x_wconf 90' lang='lat' dir='ltr'><strong>credere</strong></span> <span class='ocrx_word' id='word_1_202' title='bbox 1105 3580 1191 3627; x_wconf 87' lang='lat' dir='ltr'><strong>vera</strong></span> <span class='ocrx_word' id='word_1_203' title='bbox 1211 3579 1302 3628; x_wconf 87' lang='lat' dir='ltr'><strong>esse.</strong></span> 
     </span>
    </p>

    <p class='ocr_par' dir='ltr' id='par_1_10' title="bbox 534 3679 1951 4180">
     <span class='ocr_line' id='line_1_25' title="bbox 590 3679 1951 3788; baseline 0.004 -33"><span class='ocrx_word' id='word_1_204' title='bbox 590 3682 700 3767; x_wconf 92' lang='lat' dir='ltr'><strong>Item,</strong></span> <span class='ocrx_word' id='word_1_205' title='bbox 720 3683 766 3758; x_wconf 89' lang='lat' dir='ltr'><strong>de</strong></span> <span class='ocrx_word' id='word_1_206' title='bbox 786 3683 969 3758; x_wconf 90' lang='lat' dir='ltr'><strong>contentis</strong></span> <span class='ocrx_word' id='word_1_207' title='bbox 984 3682 1024 3757; x_wconf 93' lang='lat' dir='ltr'><strong>in</strong></span> <span class='ocrx_word' id='word_1_208' title='bbox 1047 3709 1114 3759; x_wconf 79' lang='lat' dir='ltr'><strong>sxv</strong></span> <span class='ocrx_word' id='word_1_209' title='bbox 1135 3699 1173 3759; x_wconf 93' lang='lat' dir='ltr'><strong>et</strong></span> <span class='ocrx_word' id='word_1_210' title='bbox 1191 3708 1253 3761; x_wconf 82' lang='lat' dir='ltr'>v111</span> <span class='ocrx_word' id='word_1_211' title='bbox 1272 3681 1518 3787; x_wconf 90' lang='lat' dir='ltr'><strong>sequentihus</strong></span> <span class='ocrx_word' id='word_1_212' title='bbox 1536 3679 1726 3788; x_wconf 87' lang='lat' dir='ltr'><strong>respondit</strong></span> <span class='ocrx_word' id='word_1_213' title='bbox 1747 3709 1786 3757; x_wconf 89' lang='lat' dir='ltr'><strong>se</strong></span> <span class='ocrx_word' id='word_1_214' title='bbox 1806 3682 1951 3760; x_wconf 89' lang='lat' dir='ltr'><strong>nescire</strong></span> 
     </span>
     <span class='ocr_line' id='line_1_26' title="bbox 534 3811 1951 3919; baseline 0.002 -32"><span class='ocrx_word' id='word_1_215' title='bbox 534 3811 695 3916; x_wconf 87' lang='lat' dir='ltr'><strong>qualiter</strong></span> <span class='ocrx_word' id='word_1_216' title='bbox 714 3811 872 3888; x_wconf 85' lang='lat' dir='ltr'><strong>fuissent</strong></span> <span class='ocrx_word' id='word_1_217' title='bbox 894 3813 1015 3918; x_wconf 88' lang='lat' dir='ltr'><strong>puniti</strong></span> <span class='ocrx_word' id='word_1_218' title='bbox 1036 3813 1066 3887; x_wconf 92' lang='lat' dir='ltr'><strong>si</strong></span> <span class='ocrx_word' id='word_1_219' title='bbox 1086 3841 1164 3889; x_wconf 92' lang='lat' dir='ltr'><strong>non</strong></span> <span class='ocrx_word' id='word_1_220' title='bbox 1185 3811 1359 3890; x_wconf 80' lang='lat' dir='ltr'><strong>fecissent</strong></span> <span class='ocrx_word' id='word_1_221' title='bbox 1378 3812 1442 3889; x_wconf 92' lang='lat' dir='ltr'><strong>illa</strong></span> <span class='ocrx_word' id='word_1_222' title='bbox 1466 3842 1540 3919; x_wconf 89' lang='lat' dir='ltr'><strong>que</strong></span> <span class='ocrx_word' id='word_1_223' title='bbox 1561 3811 1863 3919; x_wconf 87' lang='lat' dir='ltr'><strong>precipiehantur</strong></span> <span class='ocrx_word' id='word_1_224' title='bbox 1880 3814 1951 3899; x_wconf 91' lang='lat' dir='ltr'><strong>eis,</strong></span> 
     </span>
     <span class='ocr_line' id='line_1_27' title="bbox 534 3940 1951 4048; baseline 0.001 -32"><span class='ocrx_word' id='word_1_225' title='bbox 534 3940 592 4017; x_wconf 87' lang='lat' dir='ltr'><strong>vel</strong></span> <span class='ocrx_word' id='word_1_226' title='bbox 608 3942 637 4017; x_wconf 90' lang='lat' dir='ltr'><strong>si</strong></span> <span class='ocrx_word' id='word_1_227' title='bbox 659 3942 910 4031; x_wconf 78' lang='lat' dir='ltr'><strong>revellassent3</strong></span> <span class='ocrx_word' id='word_1_228' title='bbox 933 3943 1051 4019; x_wconf 87' lang='lat' dir='ltr'><strong>credit</strong></span> <span class='ocrx_word' id='word_1_229' title='bbox 1067 3959 1192 4019; x_wconf 89' lang='lat' dir='ltr'><strong>tamen</strong></span> <span class='ocrx_word' id='word_1_230' title='bbox 1207 3945 1312 4048; x_wconf 91' lang='lat' dir='ltr'><strong>quod</strong></span> <span class='ocrx_word' id='word_1_231' title='bbox 1328 3943 1449 4047; x_wconf 89' lang='lat' dir='ltr'><strong>puniti</strong></span> <span class='ocrx_word' id='word_1_232' title='bbox 1464 3942 1638 4033; x_wconf 86' lang='lat' dir='ltr'><strong>luissent,</strong></span> <span class='ocrx_word' id='word_1_233' title='bbox 1657 3970 1728 4018; x_wconf 91' lang='lat' dir='ltr'><strong>nec</strong></span> <span class='ocrx_word' id='word_1_234' title='bbox 1743 3942 1866 4020; x_wconf 86' lang='lat' dir='ltr'><strong>luerat</strong></span> <span class='ocrx_word' id='word_1_235' title='bbox 1885 3944 1951 4021; x_wconf 87' lang='lat' dir='ltr'><strong>sihi</strong></span> 
     </span>
     <span class='ocr_line' id='line_1_28' title="bbox 535 4072 1947 4180; baseline 0.004 -34"><span class='ocrx_word' id='word_1_236' title='bbox 535 4072 739 4149; x_wconf 90' lang='lat' dir='ltr'><strong>inhibitum</strong></span> <span class='ocrx_word' id='word_1_237' title='bbox 764 4074 869 4180; x_wconf 88' lang='lat' dir='ltr'><strong>quod</strong></span> <span class='ocrx_word' id='word_1_238' title='bbox 892 4101 969 4149; x_wconf 88' lang='lat' dir='ltr'><strong>non</strong></span> <span class='ocrx_word' id='word_1_239' title='bbox 989 4074 1232 4150; x_wconf 88' lang='lat' dir='ltr'><strong>confiteretur</strong></span> <span class='ocrx_word' id='word_1_240' title='bbox 1253 4074 1324 4150; x_wconf 91' lang='lat' dir='ltr'><strong>nisi</strong></span> <span class='ocrx_word' id='word_1_241' title='bbox 1353 4073 1529 4150; x_wconf 85' lang='lat' dir='ltr'><strong>fratribus</strong></span> <span class='ocrx_word' id='word_1_242' title='bbox 1549 4073 1707 4161; x_wconf 80' lang='lat' dir='ltr'><strong>ordinis,</strong></span> <span class='ocrx_word' id='word_1_243' title='bbox 1729 4074 1827 4150; x_wconf 91' lang='lat' dir='ltr'><strong>sicut</strong></span> <span class='ocrx_word' id='word_1_244' title='bbox 1852 4075 1947 4151; x_wconf 82' lang='lat' dir='ltr'><strong>dixit</strong></span> 
     </span>
    </p>

    <p class='ocr_par' dir='ltr' id='par_1_11' title="bbox 590 4204 1947 4310">
     <span class='ocr_line' id='line_1_29' title="bbox 590 4204 1947 4310; baseline 0.001 -32"><span class='ocrx_word' id='word_1_245' title='bbox 590 4204 700 4297; x_wconf 91' lang='lat' dir='ltr'><strong>Item,</strong></span> <span class='ocrx_word' id='word_1_246' title='bbox 723 4221 895 4282; x_wconf 87' lang='lat' dir='ltr'><strong>contenta</strong></span> <span class='ocrx_word' id='word_1_247' title='bbox 913 4205 952 4279; x_wconf 93' lang='lat' dir='ltr'><strong>in</strong></span> <span class='ocrx_word' id='word_1_248' title='bbox 971 4231 1109 4290; x_wconf 72' lang='lat' dir='ltr'><strong>exirm,</strong></span> <span class='ocrx_word' id='word_1_249' title='bbox 1133 4231 1155 4283; x_wconf 88' lang='lat' dir='ltr'>v</span> <span class='ocrx_word' id='word_1_250' title='bbox 1176 4221 1213 4280; x_wconf 87' lang='lat' dir='ltr'><strong>et</strong></span> <span class='ocrx_word' id='word_1_251' title='bbox 1233 4204 1482 4310; x_wconf 80' lang='lat' dir='ltr'><strong>v1&#39;respondit</strong></span> <span class='ocrx_word' id='word_1_252' title='bbox 1505 4234 1544 4282; x_wconf 91' lang='lat' dir='ltr'><strong>se</strong></span> <span class='ocrx_word' id='word_1_253' title='bbox 1572 4204 1725 4280; x_wconf 90' lang='lat' dir='ltr'><strong>credere</strong></span> <span class='ocrx_word' id='word_1_254' title='bbox 1751 4233 1839 4280; x_wconf 88' lang='lat' dir='ltr'><strong>vera</strong></span> <span class='ocrx_word' id='word_1_255' title='bbox 1863 4233 1947 4282; x_wconf 90' lang='lat' dir='ltr'><strong>esse.</strong></span> 
     </span>
    </p>

    <p class='ocr_par' dir='ltr' id='par_1_12' title="bbox 532 4332 1947 4700">
     <span class='ocr_line' id='line_1_30' title="bbox 589 4332 1947 4442; baseline 0.002 -34"><span class='ocrx_word' id='word_1_256' title='bbox 589 4332 699 4423; x_wconf 89' lang='lat' dir='ltr'><strong>Item,</strong></span> <span class='ocrx_word' id='word_1_257' title='bbox 722 4366 837 4442; x_wconf 84' lang='lat' dir='ltr'><strong>super</strong></span> <span class='ocrx_word' id='word_1_258' title='bbox 853 4335 1035 4412; x_wconf 88' lang='lat' dir='ltr'><strong>contentis</strong></span> <span class='ocrx_word' id='word_1_259' title='bbox 1049 4335 1089 4410; x_wconf 90' lang='lat' dir='ltr'><strong>in</strong></span> <span class='ocrx_word' id='word_1_260' title='bbox 1105 4361 1245 4414; x_wconf 75' lang='lat' dir='ltr'><strong>Lxxxvu</strong></span> <span class='ocrx_word' id='word_1_261' title='bbox 1265 4352 1303 4411; x_wconf 89' lang='lat' dir='ltr'><strong>et</strong></span> <span class='ocrx_word' id='word_1_262' title='bbox 1322 4363 1419 4415; x_wconf 80' lang='lat' dir='ltr'><strong>xvim</strong></span> <span class='ocrx_word' id='word_1_263' title='bbox 1437 4335 1683 4442; x_wconf 90' lang='lat' dir='ltr'><strong>sequentibus</strong></span> <span class='ocrx_word' id='word_1_264' title='bbox 1699 4337 1896 4441; x_wconf 90' lang='lat' dir='ltr'><strong>respondit</strong></span> <span class='ocrx_word' id='word_1_265' title='bbox 1913 4366 1947 4412; x_wconf 88' lang='lat' dir='ltr'><strong>se</strong></span> 
     </span>
     <span class='ocr_line' id='line_1_31' title="bbox 532 4464 1947 4573; baseline 0.005 -37"><span class='ocrx_word' id='word_1_266' title='bbox 532 4465 675 4541; x_wconf 89' lang='lat' dir='ltr'><strong>nescire</strong></span> <span class='ocrx_word' id='word_1_267' title='bbox 693 4467 764 4543; x_wconf 90' lang='lat' dir='ltr'><strong>nisi</strong></span> <span class='ocrx_word' id='word_1_268' title='bbox 781 4467 886 4573; x_wconf 92' lang='lat' dir='ltr'><strong>quod</strong></span> <span class='ocrx_word' id='word_1_269' title='bbox 904 4494 1016 4570; x_wconf 86' lang='lat' dir='ltr'><strong>supra</strong></span> <span class='ocrx_word' id='word_1_270' title='bbox 1034 4465 1208 4570; x_wconf 89' lang='lat' dir='ltr'><strong>deposuit</strong></span> <span class='ocrx_word' id='word_1_271' title='bbox 1233 4465 1279 4541; x_wconf 91' lang='lat' dir='ltr'><strong>de</strong></span> <span class='ocrx_word' id='word_1_272' title='bbox 1300 4466 1415 4542; x_wconf 92' lang='lat' dir='ltr'><strong>modo</strong></span> <span class='ocrx_word' id='word_1_273' title='bbox 1437 4467 1666 4572; x_wconf 90' lang='lat' dir='ltr'><strong>recepcionis</strong></span> <span class='ocrx_word' id='word_1_274' title='bbox 1686 4494 1770 4557; x_wconf 92' lang='lat' dir='ltr'><strong>sue,</strong></span> <span class='ocrx_word' id='word_1_275' title='bbox 1794 4484 1833 4542; x_wconf 91' lang='lat' dir='ltr'><strong>et</strong></span> <span class='ocrx_word' id='word_1_276' title='bbox 1851 4464 1947 4572; x_wconf 88' lang='lat' dir='ltr'><strong>quod</strong></span> 
     </span>
     <span class='ocr_line' id='line_1_32' title="bbox 533 4593 1781 4700; baseline 0.005 -34"><span class='ocrx_word' id='word_1_277' title='bbox 533 4593 708 4669; x_wconf 87' lang='lat' dir='ltr'><strong>credebat</strong></span> <span class='ocrx_word' id='word_1_278' title='bbox 727 4597 905 4672; x_wconf 88' lang='lat' dir='ltr'><strong>eumdem</strong></span> <span class='ocrx_word' id='word_1_279' title='bbox 925 4597 1084 4672; x_wconf 93' lang='lat' dir='ltr'><strong>modum</strong></span> <span class='ocrx_word' id='word_1_280' title='bbox 1104 4595 1246 4700; x_wconf 91' lang='lat' dir='ltr'><strong>ubique</strong></span> <span class='ocrx_word' id='word_1_281' title='bbox 1266 4596 1400 4672; x_wconf 88' lang='lat' dir='ltr'><strong>servari</strong></span> <span class='ocrx_word' id='word_1_282' title='bbox 1415 4596 1454 4670; x_wconf 91' lang='lat' dir='ltr'><strong>in</strong></span> <span class='ocrx_word' id='word_1_283' title='bbox 1475 4597 1607 4672; x_wconf 90' lang='lat' dir='ltr'><strong>ordine</strong></span> <span class='ocrx_word' id='word_1_284' title='bbox 1627 4596 1667 4672; x_wconf 92' lang='lat' dir='ltr'><strong>in</strong></span> <span class='ocrx_word' id='word_1_285' title='bbox 1687 4595 1781 4672; x_wconf 91' lang='lat' dir='ltr'><strong>aliis.</strong></span> 
     </span>
    </p>

    <p class='ocr_par' dir='ltr' id='par_1_13' title="bbox 532 4722 1943 4965">
     <span class='ocr_line' id='line_1_33' title="bbox 588 4722 1943 4833; baseline 0.002 -39"><span class='ocrx_word' id='word_1_286' title='bbox 588 4722 699 4808; x_wconf 90' lang='lat' dir='ltr'><strong>Item,</strong></span> <span class='ocrx_word' id='word_1_287' title='bbox 721 4741 892 4800; x_wconf 85' lang='lat' dir='ltr'><strong>contenta</strong></span> <span class='ocrx_word' id='word_1_288' title='bbox 912 4727 950 4800; x_wconf 92' lang='lat' dir='ltr'><strong>in</strong></span> <span class='ocrx_word' id='word_1_289' title='bbox 972 4752 1105 4805; x_wconf 83' lang='lat' dir='ltr'><strong>xcv11-c</strong></span> <span class='ocrx_word' id='word_1_290' title='bbox 1133 4726 1326 4831; x_wconf 87' lang='lat' dir='ltr'><strong>respondit</strong></span> <span class='ocrx_word' id='word_1_291' title='bbox 1350 4755 1390 4803; x_wconf 90' lang='lat' dir='ltr'><strong>se</strong></span> <span class='ocrx_word' id='word_1_292' title='bbox 1409 4725 1525 4802; x_wconf 91' lang='lat' dir='ltr'><strong>nichil</strong></span> <span class='ocrx_word' id='word_1_293' title='bbox 1547 4727 1657 4814; x_wconf 92' lang='lat' dir='ltr'><strong>scire,</strong></span> <span class='ocrx_word' id='word_1_294' title='bbox 1676 4727 1767 4833; x_wconf 90' lang='lat' dir='ltr'><strong>quia</strong></span> <span class='ocrx_word' id='word_1_295' title='bbox 1791 4725 1943 4802; x_wconf 82' lang='lat' dir='ltr'><strong>Parisios</strong></span> 
     </span>
     <span class='ocr_line' id='line_1_34' title="bbox 532 4846 1943 4965; baseline 0.005 -42"><span class='ocrx_word' id='word_1_296' title='bbox 532 4846 654 4926; x_wconf 84' lang='lat' dir='ltr'><strong>suerat</strong></span> <span class='ocrx_word' id='word_1_297' title='bbox 678 4851 716 4927; x_wconf 90' lang='lat' dir='ltr'><strong>in</strong></span> <span class='ocrx_word' id='word_1_298' title='bbox 741 4853 889 4944; x_wconf 82' lang='lat' dir='ltr'><strong>ordine3</strong></span> <span class='ocrx_word' id='word_1_299' title='bbox 910 4855 1002 4931; x_wconf 88' lang='lat' dir='ltr'><strong>vidit</strong></span> <span class='ocrx_word' id='word_1_300' title='bbox 1024 4873 1151 4931; x_wconf 90' lang='lat' dir='ltr'><strong>tamen</strong></span> <span class='ocrx_word' id='word_1_301' title='bbox 1177 4856 1214 4931; x_wconf 90' lang='lat' dir='ltr'><strong>in</strong></span> <span class='ocrx_word' id='word_1_302' title='bbox 1238 4856 1334 4932; x_wconf 90' lang='lat' dir='ltr'><strong>dicta</strong></span> <span class='ocrx_word' id='word_1_303' title='bbox 1358 4855 1489 4941; x_wconf 88' lang='lat' dir='ltr'><strong>domo,</strong></span> <span class='ocrx_word' id='word_1_304' title='bbox 1513 4856 1550 4932; x_wconf 92' lang='lat' dir='ltr'><strong>in</strong></span> <span class='ocrx_word' id='word_1_305' title='bbox 1575 4885 1649 4964; x_wconf 89' lang='lat' dir='ltr'><strong>qua</strong></span> <span class='ocrx_word' id='word_1_306' title='bbox 1667 4856 1741 4933; x_wconf 88' lang='lat' dir='ltr'><strong>fuit</strong></span> <span class='ocrx_word' id='word_1_307' title='bbox 1758 4873 1943 4965; x_wconf 86' lang='lat' dir='ltr'><strong>receptus,</strong></span> 
     </span>
    </p>
   </div>
   <div class='ocr_carea' id='block_1_5' title="bbox 0 0 2047 6052">
    <p class='ocr_par' dir='ltr' id='par_1_14' title="bbox 0 0 2047 6052">
     <span class='ocr_line' id='line_1_35' title="bbox 0 0 2047 6052; baseline 0 0"><span class='ocrx_word' id='word_1_308' title='bbox 0 0 2047 6052; x_wconf 95' lang='lat' dir='ltr'><strong> </strong></span> 
     </span>
    </p>
   </div>
  </div>
 </body>
</html>
