4080 6052
543 530 615 603 are
927 510 1125 604 procus
1151 529 1247 601 nus
1273 528 1576 602 iturusne.

540 669 803 757 deliberarent,
815 671 904 778 quia
919 688 1111 779 oporteret
1126 699 1190 748 eos
1205 669 1396 747 dimittere
1409 669 1583 775 proprias
1592 668 1827 761 voluntates,
1847 668 1962 748 levare

540 801 587 876 ad
601 800 828 877 matutinum
844 817 883 877 et
896 801 1017 880 multa
1034 828 1161 908 aspera
1181 800 1383 891 sustinere,
1406 816 1445 876 et
1463 800 1535 906 ipsi
1554 798 1842 905 respondissent
1861 803 1963 907 quod

540 931 667 1008 omnia
685 929 929 1018 sustinerent,
950 930 1038 1009 fecit
1056 933 1181 1037 ipsum
1205 947 1340 1008 testem
1359 931 1487 1037 jurare
1513 928 1618 1036 quod
1641 929 1784 1005 diceret
1806 930 1840 1005 ei
1864 933 1963 1008 veri-

540 1078 654 1138 tatem
667 1061 699 1137 si
715 1077 794 1137 erat
804 1088 947 1150 servus,
968 1062 1202 1173 conjugatus,
1218 1059 1277 1136 vel
1296 1087 1450 1167 corpore
1467 1060 1633 1149 viciatus,
1654 1075 1794 1135 etcum
1808 1088 1963 1166 respou-

541 1190 657 1267 disset
675 1189 780 1297 quod
797 1218 890 1281 non,
906 1191 1067 1269 finaliter
1083 1191 1225 1298 recepit
1243 1218 1324 1283 eos,
1343 1209 1381 1267 et
1397 1189 1485 1267 lecit
1508 1217 1573 1268 eos
1588 1215 1723 1267 vovere
1742 1188 1958 1280 castitatem,

539 1320 815 1411 obedienciam,
839 1339 877 1397 et
895 1322 1016 1400 vivere
1032 1323 1121 1399 sine
1153 1322 1323 1428 proprio,
1358 1337 1396 1397 et
1421 1319 1510 1396 lecit
1532 1320 1662 1425 jurare
1682 1319 1813 1425 ipsum
1831 1338 1964 1398 testem

537 1452 649 1555 quod,
664 1467 763 1528 esset
780 1469 962 1557 perpetuo
976 1482 1103 1531 servus
1118 1451 1282 1529 esclavus
1295 1451 1365 1530 Dei
1388 1469 1425 1528 et
1442 1451 1602 1542 ordinis,
1616 1466 1654 1526 et
1658 1450 1809 1558 juraret
1826 1453 1875 1528 ad
1886 1429 1964 1530 del-

538 1580 772 1660 lendendum
793 1601 830 1660 et
847 1584 1131 1689 anquirendum,
1141 1609 1325 1689 proposse
1337 1610 1417 1671 suu,
1433 1584 1588 1658 Terram
1595 1583 1829 1670 Sanctam3et
1841 1573 1964 1660 dictus

537 1729 707 1816 receptor
725 1711 816 1788 dixit
834 1713 888 1789 eis
906 1730 943 1789 et
960 1714 1066 1818 quod
1080 1729 1269 1790 servarent
1278 1730 1424 1789 secreta
1439 1711 1727 1818 capituliorum,
1745 1728 1779 1787 et
1792 1712 1962 1817 inposuit

538 1841 591 1917 eis
617 1841 832 1931 mantellos,
859 1860 898 1919 et
926 1860 1097 1948 receptor
1123 1861 1162 1920 et
1183 1858 1344 1920 astantes
1368 1840 1524 1918 luerunt
1544 1870 1608 1918 eos
1629 1840 1787 1919 osculati
1816 1840 1855 1917 in
1873 1871 1958 1934 ore;

536 1971 780 2074 postmodum
798 1972 918 2050 dictus
935 1989 1107 2078 receptor
1124 1972 1218 2050 dixit
1237 1973 1291 2050 eis
1312 1973 1418 2080 quod
1439 1971 1649 2048 secundum
1663 1989 1805 2078 puncta
1820 1973 1961 2074 ordinis

537 2128 670 2176 eorum
692 2084 881 2179 debebant
901 2102 1083 2210 abnegare
1102 2103 1239 2180 Deum.
1262 2103 1359 2180 Cum
1387 2118 1514 2178 autem
1540 2103 1619 2208 ipse
1645 2105 1753 2180 testis
1777 2119 1818 2214 et
1842 2102 1960 2182 dictus

536 2230 650 2307 frater
663 2233 851 2310 lohannes
870 2235 917 2312 de
932 2234 1113 2312 Molleriis
1133 2234 1408 2340 aliquantulum
1422 2253 1709 2341 repugnassent,
1729 2234 1960 2312 finaliterin-

534 2361 735 2469 stigacione
755 2362 895 2441 diaboli
914 2381 951 2440 et
969 2364 1105 2441 timore
1125 2364 1250 2456 ducti,
1272 2362 1548 2471 abnegaverunt
1566 2363 1709 2456 Deum3
1728 2382 1860 2471 postea
1879 2394 1960 2470 pre-

535 2492 634 2596 cepit
653 2493 706 2571 eis
723 2497 828 2599 quod
848 2512 1028 2600 spuerent
1045 2524 1159 2600 super
1178 2493 1368 2600 quandam
1387 2521 1548 2585 crucem,
1571 2511 1608 2571 et
1626 2494 1732 2600 spuit
1750 2523 1829 2571 non
1848 2524 1958 2600 super

534 2625 602 2701 sed
613 2623 735 2729 juxta3
756 2643 885 2730 postea
904 2627 1070 2732 precepit
1090 2626 1143 2708 eis
1163 2625 1267 2732 quod
1286 2624 1544 2710 oscularentur
1562 2653 1653 2701 eum
1672 2626 1713 2700 in
1731 2653 1815 2712 ano,
1830 2626 1956 2702 dicens
2004 2669 2007 2675 v

534 2754 640 2858 quod
656 2757 781 2832 omnia
802 2757 870 2833 ista
891 2774 996 2833 erant
1016 2757 1063 2832 de
1080 2755 1415 2861 punctis-ordinis,
1441 2783 1518 2832 non
1538 2771 1668 2831 tamen
1688 2752 1839 2832 fuerunt
1863 2783 1952 2830 eum

535 2883 700 2971 osculati,
723 2885 794 2961 nisi
813 2886 852 2961 in
869 2914 951 2975 ore,
970 2903 1139 2992 utsupra
1160 2885 1269 2978 dixit,
1292 2902 1330 2960 et
1349 2885 1465 2963 dictas
1485 2884 1773 2990 abnegacionem
1792 2901 1830 2960 et
1848 2886 1953 2990 spui-

535 3010 682 3088 cionem
696 3011 895 3092 lecitidem
914 3016 1035 3109 testis,
1056 3045 1120 3093 ore
1141 3043 1217 3092 non
1237 3015 1361 3104 corde,
1385 3032 1423 3091 et
1443 2994 1562 3092 credit
1579 3014 1686 3120 quod
1703 3015 1803 3112 idem
1821 3013 1952 3090 fecerit

535 3139 657 3218 dictus
679 3143 888 3233 lohannes,
913 3175 1000 3222 nam
1021 3175 1064 3221 ex
1082 3145 1188 3222 vultu
1213 3145 1434 3222 ostendebat
1458 3145 1626 3251 predicta
1650 3145 1721 3222 sibi
1746 3145 1950 3253 plurimum

534 3269 747 3374 displicere,
770 3264 816 3349 de
838 3275 993 3350 crimine
1015 3292 1141 3350 autem
1162 3276 1383 3352 sodomitico
1404 3276 1462 3352 vel
1476 3275 1523 3352 de
1540 3275 1614 3353 alio
1634 3276 1764 3352 illicito
1786 3276 1953 3352 nonfuit

533 3400 635 3478 aliud
655 3421 777 3480 actum
798 3405 855 3480 vel
876 3405 1020 3481 dictum
1040 3406 1079 3480 in
1105 3406 1386 3509 recepcionibus
1405 3407 1641 3511 supradictis,
1663 3435 1729 3480 nec
1749 3407 1817 3481 scit
1840 3406 1951 3509 plpra

533 3531 579 3606 de
601 3535 785 3610 contentis
808 3536 847 3610 in
865 3563 928 3611 xur
949 3536 1112 3611 articulis
1133 3537 1359 3612 memoratis.
1382 3538 1488 3627 Item,
1511 3537 1601 3614 dixit
1610 3563 1645 3610 se
1665 3533 1777 3609 luisse
1799 3533 1949 3609 conses-

530 3690 615 3736 sum
633 3665 820 3767 predictos
840 3694 984 3742 errores
1007 3664 1102 3740 inlra
1127 3693 1268 3740 annum
1295 3694 1315 3741 a
1340 3669 1559 3771 recepcione
1588 3694 1650 3741 sua
1673 3662 1823 3738 cuidam
1844 3662 1948 3739 lratri

531 3792 577 3866 de
598 3793 701 3871 Valle
723 3795 946 3886 Scolarium,
969 3795 1077 3901 cujus
1102 3823 1241 3871 nomen
1268 3812 1307 3872 et
1327 3825 1535 3902 cognomen
1561 3797 1720 3900 ignorat,
1745 3792 1785 3866 in
1812 3793 1950 3897 capella

531 3922 666 4002 domus
683 3926 831 4032 Templi
855 3927 900 4001 de
919 3925 1060 4004 Grandi
1079 3926 1176 4002 Silva
1201 3926 1298 4002 dicte
1320 3928 1494 4011 diocesis,
1519 3927 1584 4032 qui
1610 3923 1765 4001 absolvit
1785 3952 1894 4011 eum,
1917 3943 1948 4000 et

529 4055 695 4162 inposuit
716 4057 787 4134 sibi
814 4058 853 4131 in
873 4057 1084 4161 penitencia
1103 4056 1207 4162 quod
1229 4084 1306 4133 xuu
1332 4058 1466 4133 diebus
1483 4057 1640 4170 Veneris
1661 4055 1855 4130 incederet
1874 4055 1946 4129 sine

528 4189 660 4291 pannis
680 4188 806 4274 lineis,
829 4204 867 4262 et
887 4186 1023 4273 laceret
1042 4204 1141 4262 certa
1159 4186 1320 4294 jejunia,
1341 4205 1379 4263 et
1401 4215 1596 4293 nunquam
1624 4202 1722 4262 esset
1746 4186 1785 4260 in
1807 4184 1889 4261 loco
1912 4187 1946 4260 in

528 4347 604 4423 quo
632 4320 718 4395 talia
748 4320 900 4408 fierent,
928 4335 966 4393 et
990 4316 1061 4392 luit
1085 4316 1248 4393 multum
1272 4316 1499 4422 stupefactus
1520 4316 1642 4392 dictus
1663 4315 1790 4403 frater,
1815 4314 1945 4391 auditis

529 4449 719 4527 erroribus
740 4448 974 4554 supradictis.

582 4580 693 4669 Item,
731 4581 778 4655 de
799 4580 982 4656 contentis
1002 4578 1041 4652 in
1062 4605 1137 4654 x1111
1165 4596 1202 4654 et
1227 4577 1404 4654 omnibus
1428 4577 1673 4682 sequentibus
1699 4576 1867 4652 articulis
1893 4601 1944 4648 re-

526 4710 678 4808 spondit
695 4736 732 4785 se
750 4711 864 4786 nichil
884 4713 976 4788 scire
1008 4711 1106 4787 ultra
1124 4710 1191 4815 illa
1208 4706 1288 4817 :que
1326 4737 1437 4814 supra
1466 4710 1656 4813 deposuit,
1690 4709 1765 4784 boc
1798 4723 1940 4811 excepto

525 4836 631 4939 quod
653 4838 732 4942 ipse
759 4839 855 4914 bene
877 4840 1052 4918 credebat
1076 4839 1329 4918 ecclesiasticis
1354 4838 1607 4927 sacramentis,
1635 4855 1673 4914 et
1694 4838 1820 4917 credit
1846 4834 1941 4942 quod
