<?xml version="1.0" encoding="UTF-8"?>
<!DOCTYPE html PUBLIC "-//W3C//DTD XHTML 1.0 Transitional//EN"
    "http://www.w3.org/TR/xhtml1/DTD/xhtml1-transitional.dtd">
<html xmlns="http://www.w3.org/1999/xhtml" xml:lang="en" lang="en">
 <head>
  <title>
</title>
<meta http-equiv="Content-Type" content="text/html;charset=utf-8" />
  <meta name='ocr-system' content='tesseract 3.04.00' />
  <meta name='ocr-capabilities' content='ocr_page ocr_carea ocr_par ocr_line ocrx_word'/>
</head>
<body>
  <div class='ocr_page' id='page_1' title='image "./procsdestemplie02defegoog_0309.png"; bbox 0 0 4080 6052; ppageno 0'>
   <div class='ocr_carea' id='block_1_1' title="bbox 457 526 1483 629">
    <p class='ocr_par' dir='ltr' id='par_1_1' title="bbox 457 526 1483 629">
     <span class='ocr_line' id='line_1_1' title="bbox 457 526 1483 629; baseline 0.014 -14"><span class='ocrx_word' id='word_1_1' title='bbox 457 526 653 619; x_wconf 80' lang='lat' dir='ltr'>raocts</span> <span class='ocrx_word' id='word_1_2' title='bbox 680 545 774 616; x_wconf 81' lang='lat' dir='ltr'>oss</span> <span class='ocrx_word' id='word_1_3' title='bbox 799 544 1099 621; x_wconf 81' lang='lat' dir='ltr'>rsurmsas.</span> <span class='ocrx_word' id='word_1_4' title='bbox 1413 559 1483 629; x_wconf 78' lang='lat' dir='ltr'>aot</span> 
     </span>
    </p>
   </div>
   <div class='ocr_carea' id='block_1_2' title="bbox 70 685 1489 1450">
    <p class='ocr_par' dir='ltr' id='par_1_2' title="bbox 70 685 1489 1450">
     <span class='ocr_line' id='line_1_2' title="bbox 73 685 1489 797; baseline 0.004 -32"><span class='ocrx_word' id='word_1_5' title='bbox 73 707 201 765; x_wconf 82' lang='lat' dir='ltr'>autern</span> <span class='ocrx_word' id='word_1_6' title='bbox 220 705 305 764; x_wconf 88' lang='lat' dir='ltr'>cum</span> <span class='ocrx_word' id='word_1_7' title='bbox 328 713 408 792; x_wconf 85' lang='lat' dir='ltr'>quo</span> <span class='ocrx_word' id='word_1_8' title='bbox 429 704 556 792; x_wconf 86' lang='lat' dir='ltr'>captus</span> <span class='ocrx_word' id='word_1_9' title='bbox 587 685 679 777; x_wconf 87' lang='lat' dir='ltr'>fuit,</span> <span class='ocrx_word' id='word_1_10' title='bbox 705 687 798 763; x_wconf 84' lang='lat' dir='ltr'>dixit</span> <span class='ocrx_word' id='word_1_11' title='bbox 820 685 934 767; x_wconf 85' lang='lat' dir='ltr'>fnisse</span> <span class='ocrx_word' id='word_1_12' title='bbox 962 709 1227 797; x_wconf 86' lang='lat' dir='ltr'>consumptum</span> <span class='ocrx_word' id='word_1_13' title='bbox 1252 720 1320 768; x_wconf 87' lang='lat' dir='ltr'>seu</span> <span class='ocrx_word' id='word_1_14' title='bbox 1344 694 1489 773; x_wconf 84' lang='lat' dir='ltr'>confra-</span> 
     </span>
     <span class='ocr_line' id='line_1_3' title="bbox 72 818 1489 933; baseline 0.007 -40"><span class='ocrx_word' id='word_1_15' title='bbox 72 836 190 904; x_wconf 86' lang='lat' dir='ltr'>ctum,</span> <span class='ocrx_word' id='word_1_16' title='bbox 210 836 248 894; x_wconf 90' lang='lat' dir='ltr'>et</span> <span class='ocrx_word' id='word_1_17' title='bbox 270 847 316 894; x_wconf 79' lang='lat' dir='ltr'>ex</span> <span class='ocrx_word' id='word_1_18' title='bbox 331 834 423 893; x_wconf 85' lang='lat' dir='ltr'>tunc</span> <span class='ocrx_word' id='word_1_19' title='bbox 441 846 519 894; x_wconf 91' lang='lat' dir='ltr'>non</span> <span class='ocrx_word' id='word_1_20' title='bbox 543 819 702 923; x_wconf 82' lang='lat' dir='ltr'>portavit</span> <span class='ocrx_word' id='word_1_21' title='bbox 725 818 959 898; x_wconf 90' lang='lat' dir='ltr'>mantellum.</span> <span class='ocrx_word' id='word_1_22' title='bbox 980 822 1197 933; x_wconf 64' lang='lat' dir='ltr'>Repulsitus</span> <span class='ocrx_word' id='word_1_23' title='bbox 1215 850 1331 929; x_wconf 83' lang='lat' dir='ltr'>quem</span> <span class='ocrx_word' id='word_1_24' title='bbox 1350 841 1489 903; x_wconf 83' lang='lat' dir='ltr'>statum</span> 
     </span>
     <span class='ocr_line' id='line_1_4' title="bbox 70 947 1487 1059; baseline 0.006 -34"><span class='ocrx_word' id='word_1_25' title='bbox 70 948 233 1025; x_wconf 88' lang='lat' dir='ltr'>habebat</span> <span class='ocrx_word' id='word_1_26' title='bbox 249 948 288 1026; x_wconf 88' lang='lat' dir='ltr'>in</span> <span class='ocrx_word' id='word_1_27' title='bbox 307 947 440 1025; x_wconf 81' lang='lat' dir='ltr'>ordine</span> <span class='ocrx_word' id='word_1_28' title='bbox 460 949 626 1054; x_wconf 79' lang='lat' dir='ltr'>Templi,</span> <span class='ocrx_word' id='word_1_29' title='bbox 647 949 842 1055; x_wconf 85' lang='lat' dir='ltr'>respondit</span> <span class='ocrx_word' id='word_1_30' title='bbox 859 953 966 1056; x_wconf 86' lang='lat' dir='ltr'>quod</span> <span class='ocrx_word' id='word_1_31' title='bbox 985 969 1063 1028; x_wconf 84' lang='lat' dir='ltr'>erat</span> <span class='ocrx_word' id='word_1_32' title='bbox 1080 969 1276 1059; x_wconf 82' lang='lat' dir='ltr'>preceptor</span> <span class='ocrx_word' id='word_1_33' title='bbox 1296 954 1342 1030; x_wconf 92' lang='lat' dir='ltr'>de</span> <span class='ocrx_word' id='word_1_34' title='bbox 1359 955 1487 1033; x_wconf 87' lang='lat' dir='ltr'><strong>Monte</strong></span> 
     </span>
     <span class='ocr_line' id='line_1_5' title="bbox 70 1078 1488 1190; baseline 0.006 -34"><span class='ocrx_word' id='word_1_35' title='bbox 70 1081 177 1157; x_wconf 74' lang='lat' dir='ltr'>Boioi</span> <span class='ocrx_word' id='word_1_36' title='bbox 194 1081 423 1158; x_wconf 69' lang='lat' dir='ltr'>senonensis</span> <span class='ocrx_word' id='word_1_37' title='bbox 440 1081 609 1158; x_wconf 82' lang='lat' dir='ltr'>diocesis</span> <span class='ocrx_word' id='word_1_38' title='bbox 628 1082 846 1187; x_wconf 84' lang='lat' dir='ltr'>Requisitus</span> <span class='ocrx_word' id='word_1_39' title='bbox 863 1084 910 1159; x_wconf 93' lang='lat' dir='ltr'>de</span> <span class='ocrx_word' id='word_1_40' title='bbox 927 1100 1026 1160; x_wconf 87' lang='lat' dir='ltr'>etate</span> <span class='ocrx_word' id='word_1_41' title='bbox 1039 1113 1122 1174; x_wconf 88' lang='lat' dir='ltr'>sua,</span> <span class='ocrx_word' id='word_1_42' title='bbox 1139 1078 1335 1190; x_wconf 82' lang='lat' dir='ltr'>res&#39;pondit</span> <span class='ocrx_word' id='word_1_43' title='bbox 1352 1113 1391 1162; x_wconf 90' lang='lat' dir='ltr'>se</span> <span class='ocrx_word' id='word_1_44' title='bbox 1408 1114 1488 1164; x_wconf 85' lang='lat' dir='ltr'>esse</span> 
     </span>
     <span class='ocr_line' id='line_1_6' title="bbox 71 1212 1489 1319; baseline 0.007 -33"><span class='ocrx_word' id='word_1_45' title='bbox 71 1212 218 1287; x_wconf 74' lang='lat' dir='ltr'>circiter</span> <span class='ocrx_word' id='word_1_46' title='bbox 236 1239 282 1289; x_wconf 78' lang='lat' dir='ltr'>cx</span> <span class='ocrx_word' id='word_1_47' title='bbox 301 1239 498 1288; x_wconf 86' lang='lat' dir='ltr'>annorum.</span> <span class='ocrx_word' id='word_1_48' title='bbox 525 1212 742 1319; x_wconf 82' lang='lat' dir='ltr'>Requisitus</span> <span class='ocrx_word' id='word_1_49' title='bbox 767 1214 797 1290; x_wconf 85' lang='lat' dir='ltr'>si</span> <span class='ocrx_word' id='word_1_50' title='bbox 825 1213 913 1290; x_wconf 90' lang='lat' dir='ltr'>alias</span> <span class='ocrx_word' id='word_1_51' title='bbox 937 1214 1059 1292; x_wconf 85' lang='lat' dir='ltr'>fuerat</span> <span class='ocrx_word' id='word_1_52' title='bbox 1084 1215 1314 1293; x_wconf 86' lang='lat' dir='ltr'>examinatus</span> <span class='ocrx_word' id='word_1_53' title='bbox 1333 1217 1372 1292; x_wconf 85' lang='lat' dir='ltr'>in</span> <span class='ocrx_word' id='word_1_54' title='bbox 1392 1217 1489 1296; x_wconf 82' lang='lat' dir='ltr'>facto</span> 
     </span>
     <span class='ocr_line' id='line_1_7' title="bbox 71 1341 1485 1450; baseline 0.005 -33"><span class='ocrx_word' id='word_1_55' title='bbox 71 1341 389 1447; x_wconf 84' lang='lat' dir='ltr'>Templariorum,</span> <span class='ocrx_word' id='word_1_56' title='bbox 409 1342 605 1446; x_wconf 84' lang='lat' dir='ltr'>respondit</span> <span class='ocrx_word' id='word_1_57' title='bbox 627 1343 731 1448; x_wconf 90' lang='lat' dir='ltr'>quod</span> <span class='ocrx_word' id='word_1_58' title='bbox 750 1343 817 1430; x_wconf 86' lang='lat' dir='ltr'>sic,</span> <span class='ocrx_word' id='word_1_59' title='bbox 839 1372 907 1449; x_wconf 89' lang='lat' dir='ltr'>per</span> <span class='ocrx_word' id='word_1_60' title='bbox 927 1345 1145 1450; x_wconf 91' lang='lat' dir='ltr'>episcopum</span> <span class='ocrx_word' id='word_1_61' title='bbox 1162 1344 1485 1436; x_wconf 77' lang='lat' dir='ltr'>Aurelianensem,</span> 
     </span>
    </p>
   </div>
   <div class='ocr_carea' id='block_1_3' title="bbox 67 1471 1497 4826">
    <p class='ocr_par' dir='ltr' id='par_1_3' title="bbox 71 1471 1492 1971">
     <span class='ocr_line' id='line_1_8' title="bbox 73 1471 1487 1579; baseline 0.005 -33"><span class='ocrx_word' id='word_1_62' title='bbox 73 1490 110 1546; x_wconf 91' lang='lat' dir='ltr'>et</span> <span class='ocrx_word' id='word_1_63' title='bbox 131 1471 236 1577; x_wconf 91' lang='lat' dir='ltr'>quod</span> <span class='ocrx_word' id='word_1_64' title='bbox 255 1472 515 1548; x_wconf 87' lang='lat' dir='ltr'>reconciliatus</span> <span class='ocrx_word' id='word_1_65' title='bbox 535 1472 657 1548; x_wconf 82' lang='lat' dir='ltr'>luerat</span> <span class='ocrx_word' id='word_1_66' title='bbox 674 1501 742 1577; x_wconf 90' lang='lat' dir='ltr'>per</span> <span class='ocrx_word' id='word_1_67' title='bbox 762 1473 885 1577; x_wconf 88' lang='lat' dir='ltr'>ipsum</span> <span class='ocrx_word' id='word_1_68' title='bbox 907 1474 1123 1579; x_wconf 91' lang='lat' dir='ltr'>episcopum</span> <span class='ocrx_word' id='word_1_69' title='bbox 1144 1474 1354 1551; x_wconf 81' lang='lat' dir='ltr'>Aurelianis</span> <span class='ocrx_word' id='word_1_70' title='bbox 1364 1523 1385 1566; x_wconf 90' lang='lat'>,·</span> <span class='ocrx_word' id='word_1_71' title='bbox 1393 1494 1431 1553; x_wconf 85' lang='lat' dir='ltr'>et</span> <span class='ocrx_word' id='word_1_72' title='bbox 1448 1479 1487 1553; x_wconf 89' lang='lat' dir='ltr'>in</span> 
     </span>
     <span class='ocr_line' id='line_1_9' title="bbox 71 1601 1488 1709; baseline 0.006 -33"><span class='ocrx_word' id='word_1_73' title='bbox 71 1601 228 1678; x_wconf 87' lang='lat' dir='ltr'>coneilio</span> <span class='ocrx_word' id='word_1_74' title='bbox 255 1603 464 1679; x_wconf 88' lang='lat' dir='ltr'>Senonensi</span> <span class='ocrx_word' id='word_1_75' title='bbox 488 1602 721 1680; x_wconf 80' lang='lat' dir='ltr'>confirmavit</span> <span class='ocrx_word' id='word_1_76' title='bbox 743 1632 847 1679; x_wconf 88' lang='lat' dir='ltr'>suam</span> <span class='ocrx_word' id='word_1_77' title='bbox 875 1603 1163 1694; x_wconf 83' lang='lat' dir='ltr'>confessionem,</span> <span class='ocrx_word' id='word_1_78' title='bbox 1187 1621 1224 1680; x_wconf 91' lang='lat' dir='ltr'>et</span> <span class='ocrx_word' id='word_1_79' title='bbox 1242 1606 1488 1709; x_wconf 85' lang='lat' dir='ltr'>postmodnm</span> 
     </span>
     <span class='ocr_line' id='line_1_10' title="bbox 71 1731 1492 1841; baseline 0.006 -34"><span class='ocrx_word' id='word_1_80' title='bbox 71 1733 158 1807; x_wconf 87' lang='lat' dir='ltr'>rasit</span> <span class='ocrx_word' id='word_1_81' title='bbox 185 1731 354 1810; x_wconf 77' lang='lat' dir='ltr'>barbam.</span> <span class='ocrx_word' id='word_1_82' title='bbox 381 1733 503 1809; x_wconf 79' lang='lat' dir='ltr'>Lectis</span> <span class='ocrx_word' id='word_1_83' title='bbox 528 1750 655 1813; x_wconf 85' lang='lat' dir='ltr'>autem</span> <span class='ocrx_word' id='word_1_84' title='bbox 676 1751 713 1809; x_wconf 88' lang='lat' dir='ltr'>et</span> <span class='ocrx_word' id='word_1_85' title='bbox 736 1733 936 1841; x_wconf 86' lang='lat' dir='ltr'>diligenter</span> <span class='ocrx_word' id='word_1_86' title='bbox 958 1734 1134 1839; x_wconf 82' lang='lat' dir='ltr'>expositis</span> <span class='ocrx_word' id='word_1_87' title='bbox 1155 1735 1225 1810; x_wconf 89' lang='lat' dir='ltr'>sibi</span> <span class='ocrx_word' id='word_1_88' title='bbox 1251 1735 1429 1815; x_wconf 89' lang='lat' dir='ltr'>omnibus</span> <span class='ocrx_word' id='word_1_89' title='bbox 1452 1755 1492 1815; x_wconf 90' lang='lat' dir='ltr'>et</span> 
     </span>
     <span class='ocr_line' id='line_1_11' title="bbox 71 1863 905 1971; baseline 0.004 -34"><span class='ocrx_word' id='word_1_90' title='bbox 71 1863 226 1969; x_wconf 74' lang='lat' dir='ltr'>singtilis</span> <span class='ocrx_word' id='word_1_91' title='bbox 246 1863 426 1952; x_wconf 82' lang='lat' dir='ltr'>articulis,</span> <span class='ocrx_word' id='word_1_92' title='bbox 448 1864 643 1969; x_wconf 88' lang='lat' dir='ltr'>respondit</span> <span class='ocrx_word' id='word_1_93' title='bbox 662 1881 705 1940; x_wconf 92' lang='lat' dir='ltr'>ut</span> <span class='ocrx_word' id='word_1_94' title='bbox 724 1865 905 1971; x_wconf 86' lang='lat' dir='ltr'>sequitur.</span> 
     </span>
    </p>

    <p class='ocr_par' dir='ltr' id='par_1_4' title="bbox 67 1993 1497 4826">
     <span class='ocr_line' id='line_1_12' title="bbox 67 1993 1491 2100; baseline 0.002 -31"><span class='ocrx_word' id='word_1_95' title='bbox 67 2050 69 2055; x_wconf 87' lang='lat'>-</span> <span class='ocrx_word' id='word_1_96' title='bbox 125 1993 174 2069; x_wconf 79' lang='lat' dir='ltr'>Et</span> <span class='ocrx_word' id='word_1_97' title='bbox 192 1993 331 2097; x_wconf 88' lang='lat' dir='ltr'>primo,</span> <span class='ocrx_word' id='word_1_98' title='bbox 357 1995 607 2100; x_wconf 83' lang='lat' dir='ltr'>adprimum,</span> <span class='ocrx_word' id='word_1_99' title='bbox 630 1995 856 2086; x_wconf 89' lang='lat' dir='ltr'>secundum,</span> <span class='ocrx_word' id='word_1_100' title='bbox 884 1996 1044 2071; x_wconf 89' lang='lat' dir='ltr'>tercium</span> <span class='ocrx_word' id='word_1_101' title='bbox 1072 2012 1110 2071; x_wconf 90' lang='lat' dir='ltr'>et</span> <span class='ocrx_word' id='word_1_102' title='bbox 1133 2012 1326 2100; x_wconf 86' lang='lat' dir='ltr'>quartum,</span> <span class='ocrx_word' id='word_1_103' title='bbox 1355 1996 1402 2072; x_wconf 90' lang='lat' dir='ltr'>de</span> <span class='ocrx_word' id='word_1_104' title='bbox 1425 1995 1491 2072; x_wconf 89' lang='lat' dir='ltr'>ab·</span> 
     </span>
     <span class='ocr_line' id='line_1_13' title="bbox 72 2123 1488 2232; baseline 0.005 -36"><span class='ocrx_word' id='word_1_105' title='bbox 72 2123 278 2227; x_wconf 84' lang='lat' dir='ltr'>negacioue</span> <span class='ocrx_word' id='word_1_106' title='bbox 295 2124 451 2215; x_wconf 77' lang='lat' dir='ltr'>Christi,</span> <span class='ocrx_word' id='word_1_107' title='bbox 474 2142 563 2215; x_wconf 79' lang='lat' dir='ltr'>ete,</span> <span class='ocrx_word' id='word_1_108' title='bbox 584 2127 783 2231; x_wconf 73' lang='lat' dir='ltr'>respondit</span> <span class='ocrx_word' id='word_1_109' title='bbox 797 2126 903 2232; x_wconf 86' lang='lat' dir='ltr'>quod</span> <span class='ocrx_word' id='word_1_110' title='bbox 921 2127 961 2201; x_wconf 87' lang='lat' dir='ltr'>in</span> <span class='ocrx_word' id='word_1_111' title='bbox 979 2126 1198 2231; x_wconf 88' lang='lat' dir='ltr'>recepoione</span> <span class='ocrx_word' id='word_1_112' title='bbox 1218 2125 1376 2201; x_wconf 81' lang='lat' dir='ltr'>fratrum</span> <span class='ocrx_word' id='word_1_113' title='bbox 1400 2125 1488 2203; x_wconf 80' lang='lat' dir='ltr'>dicti</span> 
     </span>
     <span class='ocr_line' id='line_1_14' title="bbox 73 2253 1488 2341; baseline 0.004 -14"><span class='ocrx_word' id='word_1_114' title='bbox 73 2253 235 2340; x_wconf 82' lang='lat' dir='ltr'>ordinis,</span> <span class='ocrx_word' id='word_1_115' title='bbox 262 2253 446 2330; x_wconf 85' lang='lat' dir='ltr'>faciebant</span> <span class='ocrx_word' id='word_1_116' title='bbox 469 2283 535 2330; x_wconf 89' lang='lat' dir='ltr'>eos</span> <span class='ocrx_word' id='word_1_117' title='bbox 556 2256 807 2331; x_wconf 88' lang='lat' dir='ltr'>communiter</span> <span class='ocrx_word' id='word_1_118' title='bbox 824 2283 957 2331; x_wconf 87' lang='lat' dir='ltr'>vovere</span> <span class='ocrx_word' id='word_1_119' title='bbox 980 2256 1202 2341; x_wconf 83' lang='lat' dir='ltr'>castitatem,</span> <span class='ocrx_word' id='word_1_120' title='bbox 1230 2255 1488 2332; x_wconf 88' lang='lat' dir='ltr'>obedienciam</span> 
     </span>
     <span class='ocr_line' id='line_1_15' title="bbox 74 2383 1487 2490; baseline -0.001 -30"><span class='ocrx_word' id='word_1_121' title='bbox 74 2402 112 2461; x_wconf 89' lang='lat' dir='ltr'>et</span> <span class='ocrx_word' id='word_1_122' title='bbox 130 2385 251 2463; x_wconf 84' lang='lat' dir='ltr'>vivere</span> <span class='ocrx_word' id='word_1_123' title='bbox 271 2385 352 2460; x_wconf 91' lang='lat' dir='ltr'>sine</span> <span class='ocrx_word' id='word_1_124' title='bbox 371 2386 546 2490; x_wconf 89' lang='lat' dir='ltr'>proprio,</span> <span class='ocrx_word' id='word_1_125' title='bbox 568 2402 607 2479; x_wconf 74' lang='lat' dir='ltr'>et</span> <span class='ocrx_word' id='word_1_126' title='bbox 625 2383 871 2488; x_wconf 79' lang='lat' dir='ltr'>postmodum</span> <span class='ocrx_word' id='word_1_127' title='bbox 891 2383 1073 2490; x_wconf 85' lang='lat' dir='ltr'>abnegare</span> <span class='ocrx_word' id='word_1_128' title='bbox 1097 2384 1254 2459; x_wconf 78' lang='lat' dir='ltr'>Jhesum</span> <span class='ocrx_word' id='word_1_129' title='bbox 1277 2384 1487 2474; x_wconf 84' lang='lat' dir='ltr'>Christum,</span> 
     </span>
     <span class='ocr_line' id='line_1_16' title="bbox 74 2511 1491 2620; baseline -0.002 -30"><span class='ocrx_word' id='word_1_130' title='bbox 74 2516 170 2591; x_wconf 92' lang='lat' dir='ltr'>sicut</span> <span class='ocrx_word' id='word_1_131' title='bbox 189 2515 259 2590; x_wconf 92' lang='lat' dir='ltr'>sihi</span> <span class='ocrx_word' id='word_1_132' title='bbox 284 2514 444 2589; x_wconf 87' lang='lat' dir='ltr'>videtur.</span> <span class='ocrx_word' id='word_1_133' title='bbox 474 2515 539 2590; x_wconf 88' lang='lat' dir='ltr'>Est</span> <span class='ocrx_word' id='word_1_134' title='bbox 561 2530 708 2589; x_wconf 86' lang='lat' dir='ltr'>tantum</span> <span class='ocrx_word' id='word_1_135' title='bbox 727 2513 825 2588; x_wconf 91' lang='lat' dir='ltr'>bene</span> <span class='ocrx_word' id='word_1_136' title='bbox 847 2528 987 2596; x_wconf 88' lang='lat' dir='ltr'>certus,</span> <span class='ocrx_word' id='word_1_137' title='bbox 1013 2528 1056 2586; x_wconf 92' lang='lat' dir='ltr'>ut</span> <span class='ocrx_word' id='word_1_138' title='bbox 1076 2511 1186 2603; x_wconf 78' lang='lat' dir='ltr'>dixit,</span> <span class='ocrx_word' id='word_1_139' title='bbox 1207 2513 1313 2616; x_wconf 90' lang='lat' dir='ltr'>quod</span> <span class='ocrx_word' id='word_1_140' title='bbox 1331 2512 1491 2620; x_wconf 82' lang='lat' dir='ltr'>abnega·</span> 
     </span>
     <span class='ocr_line' id='line_1_17' title="bbox 74 2641 1490 2749; baseline -0.001 -26"><span class='ocrx_word' id='word_1_141' title='bbox 74 2647 166 2723; x_wconf 87' lang='lat' dir='ltr'>bant</span> <span class='ocrx_word' id='word_1_142' title='bbox 190 2644 418 2733; x_wconf 88' lang='lat' dir='ltr'>Dominum,</span> <span class='ocrx_word' id='word_1_143' title='bbox 451 2661 489 2718; x_wconf 90' lang='lat' dir='ltr'>et</span> <span class='ocrx_word' id='word_1_144' title='bbox 516 2642 635 2719; x_wconf 83' lang='lat' dir='ltr'>credit</span> <span class='ocrx_word' id='word_1_145' title='bbox 666 2643 776 2749; x_wconf 86' lang='lat' dir='ltr'>quod·</span> <span class='ocrx_word' id='word_1_146' title='bbox 802 2669 873 2746; x_wconf 65' lang='lat' dir='ltr'>per⁴</span> <span class='ocrx_word' id='word_1_147' title='bbox 896 2642 1021 2717; x_wconf 90' lang='lat' dir='ltr'>Deum</span> <span class='ocrx_word' id='word_1_148' title='bbox 1051 2641 1304 2747; x_wconf 85' lang='lat' dir='ltr'>intelligerent</span> <span class='ocrx_word' id='word_1_149' title='bbox 1334 2643 1490 2722; x_wconf 91' lang='lat' dir='ltr'>Jhesum</span> 
     </span>
     <span class='ocr_line' id='line_1_18' title="bbox 74 2769 1490 2879; baseline -0.001 -26"><span class='ocrx_word' id='word_1_150' title='bbox 74 2775 279 2853; x_wconf 78' lang='lat' dir='ltr'>Christum.</span> <span class='ocrx_word' id='word_1_151' title='bbox 292 2772 509 2878; x_wconf 84' lang='lat' dir='ltr'>Requisitus</span> <span class='ocrx_word' id='word_1_152' title='bbox 522 2772 717 2878; x_wconf 91' lang='lat' dir='ltr'>quomodo</span> <span class='ocrx_word' id='word_1_153' title='bbox 730 2769 870 2847; x_wconf 82' lang='lat' dir='ltr'>sciebat</span> <span class='ocrx_word' id='word_1_154' title='bbox 880 2769 1274 2875; x_wconf 84' lang='lat' dir='ltr'>predicta,&#39;respondit</span> <span class='ocrx_word' id='word_1_155' title='bbox 1290 2774 1396 2877; x_wconf 91' lang='lat' dir='ltr'>qued</span> <span class='ocrx_word' id='word_1_156' title='bbox 1411 2775 1490 2879; x_wconf 89' lang='lat' dir='ltr'>ipse</span> 
     </span>
     <span class='ocr_line' id='line_1_19' title="bbox 77 2898 1490 3007; baseline 0 -28"><span class='ocrx_word' id='word_1_157' title='bbox 77 2907 127 2980; x_wconf 87' lang='lat' dir='ltr'>sic</span> <span class='ocrx_word' id='word_1_158' title='bbox 152 2903 290 2980; x_wconf 84' lang='lat' dir='ltr'>lecerat</span> <span class='ocrx_word' id='word_1_159' title='bbox 320 2903 359 2977; x_wconf 91' lang='lat' dir='ltr'>in</span> <span class='ocrx_word' id='word_1_160' title='bbox 387 2902 607 3007; x_wconf 86' lang='lat' dir='ltr'>recepcione</span> <span class='ocrx_word' id='word_1_161' title='bbox 632 2929 710 2978; x_wconf 88' lang='lat' dir='ltr'>sua.</span> <span class='ocrx_word' id='word_1_162' title='bbox 739 2900 957 3006; x_wconf 71' lang='lat' dir='ltr'>Requisitus</span> <span class='ocrx_word' id='word_1_163' title='bbox 984 2898 1051 2976; x_wconf 90' lang='lat' dir='ltr'>ubi</span> <span class='ocrx_word' id='word_1_164' title='bbox 1079 2917 1119 2976; x_wconf 88' lang='lat' dir='ltr'>et</span> <span class='ocrx_word' id='word_1_165' title='bbox 1135 2929 1156 2975; x_wconf 89' lang='lat' dir='ltr'>a</span> <span class='ocrx_word' id='word_1_166' title='bbox 1175 2929 1252 3007; x_wconf 91' lang='lat' dir='ltr'>quo</span> <span class='ocrx_word' id='word_1_167' title='bbox 1277 2918 1314 2976; x_wconf 93' lang='lat' dir='ltr'>et</span> <span class='ocrx_word' id='word_1_168' title='bbox 1338 2902 1490 3007; x_wconf 88' lang='lat' dir='ltr'>quando</span> 
     </span>
     <span class='ocr_line' id='line_1_20' title="bbox 76 3027 1495 3139; baseline -0.002 -28"><span class='ocrx_word' id='word_1_169' title='bbox 76 3051 249 3139; x_wconf 88' lang='lat' dir='ltr'>receptus</span> <span class='ocrx_word' id='word_1_170' title='bbox 272 3032 394 3109; x_wconf 84' lang='lat' dir='ltr'>luerat</span> <span class='ocrx_word' id='word_1_171' title='bbox 416 3033 460 3107; x_wconf 87' lang='lat' dir='ltr'>in·</span> <span class='ocrx_word' id='word_1_172' title='bbox 479 3031 579 3108; x_wconf 90' lang='lat' dir='ltr'>dicto</span> <span class='ocrx_word' id='word_1_173' title='bbox 607 3031 761 3117; x_wconf 88' lang='lat' dir='ltr'>ordine,</span> <span class='ocrx_word' id='word_1_174' title='bbox 790 3047 835 3109; x_wconf 69' lang='lat' dir='ltr'>et*</span> <span class='ocrx_word' id='word_1_175' title='bbox 851 3028 992 3136; x_wconf 86' lang='lat' dir='ltr'>quibus</span> <span class='ocrx_word' id='word_1_176' title='bbox 1015 3027 1271 3134; x_wconf 88' lang='lat' dir='ltr'>presentibus,</span> <span class='ocrx_word' id='word_1_177' title='bbox 1297 3031 1495 3136; x_wconf 88' lang='lat' dir='ltr'>respondit</span> 
     </span>
     <span class='ocr_line' id='line_1_21' title="bbox 79 3158 1493 3269; baseline 0 -30"><span class='ocrx_word' id='word_1_178' title='bbox 79 3193 119 3239; x_wconf 91' lang='lat' dir='ltr'>se</span> <span class='ocrx_word' id='word_1_179' title='bbox 133 3163 247 3239; x_wconf 83' lang='lat' dir='ltr'>luisse</span> <span class='ocrx_word' id='word_1_180' title='bbox 263 3179 455 3269; x_wconf 87' lang='lat' dir='ltr'>receptum</span> <span class='ocrx_word' id='word_1_181' title='bbox 470 3163 570 3268; x_wconf 93' lang='lat' dir='ltr'>apud</span> <span class='ocrx_word' id='word_1_182' title='bbox 581 3161 795 3249; x_wconf 56' lang='lat' dir='ltr'>Belvacum&#39;,</span> <span class='ocrx_word' id='word_1_183' title='bbox 813 3161 852 3236; x_wconf 87' lang='lat' dir='ltr'>in</span> <span class='ocrx_word' id='word_1_184' title='bbox 866 3160 1005 3266; x_wconf 86' lang='lat' dir='ltr'>capella</span> <span class='ocrx_word' id='word_1_185' title='bbox 1016 3161 1154 3236; x_wconf 91' lang='lat' dir='ltr'>domus</span> <span class='ocrx_word' id='word_1_186' title='bbox 1165 3158 1328 3266; x_wconf 85' lang='lat' dir='ltr'>Templi,</span> <span class='ocrx_word' id='word_1_187' title='bbox 1346 3188 1367 3237; x_wconf 91' lang='lat' dir='ltr'>a</span> <span class='ocrx_word' id='word_1_188' title='bbox 1380 3161 1493 3239; x_wconf 83' lang='lat' dir='ltr'>fratre</span> 
     </span>
     <span class='ocr_line' id='line_1_22' title="bbox 76 3291 1495 3398; baseline -0.001 -28"><span class='ocrx_word' id='word_1_189' title='bbox 76 3293 240 3371; x_wconf 87' lang='lat' dir='ltr'>Roberto</span> <span class='ocrx_word' id='word_1_190' title='bbox 269 3294 316 3370; x_wconf 88' lang='lat' dir='ltr'>de</span> <span class='ocrx_word' id='word_1_191' title='bbox 347 3310 471 3371; x_wconf 85' lang='lat' dir='ltr'>sancto</span> <span class='ocrx_word' id='word_1_192' title='bbox 499 3293 726 3370; x_wconf 84' lang='lat' dir='ltr'>Pantaleone</span> <span class='ocrx_word' id='word_1_193' title='bbox 752 3307 971 3398; x_wconf 79' lang='lat' dir='ltr'>preceptore</span> <span class='ocrx_word' id='word_1_194' title='bbox 1003 3291 1276 3377; x_wconf 71' lang='lat' dir='ltr'>dictitamus,</span> <span class='ocrx_word' id='word_1_195' title='bbox 1303 3291 1342 3365; x_wconf 93' lang='lat' dir='ltr'>in</span> <span class='ocrx_word' id='word_1_196' title='bbox 1369 3292 1495 3397; x_wconf 88' lang='lat' dir='ltr'>vigilia</span> 
     </span>
     <span class='ocr_line' id='line_1_23' title="bbox 75 3418 1492 3531; baseline -0.001 -32"><span class='ocrx_word' id='word_1_197' title='bbox 75 3425 158 3502; x_wconf 76' lang='lat' dir='ltr'>festi</span> <span class='ocrx_word' id='word_1_198' title='bbox 185 3425 357 3502; x_wconf 84' lang='lat' dir='ltr'>omnium</span> <span class='ocrx_word' id='word_1_199' title='bbox 382 3424 616 3501; x_wconf 78' lang='lat' dir='ltr'>Sanctorum·</span> <span class='ocrx_word' id='word_1_200' title='bbox 623 3423 796 3531; x_wconf 82' lang='lat' dir='ltr'>proxime·</span> <span class='ocrx_word' id='word_1_201' title='bbox 811 3421 979 3529; x_wconf 88' lang='lat' dir='ltr'>preteriti</span> <span class='ocrx_word' id='word_1_202' title='bbox 1004 3418 1258 3514; x_wconf 72' lang='lat' dir='ltr'>fuerentur}</span> <span class='ocrx_word' id='word_1_203' title='bbox 1278 3421 1386 3512; x_wconf 85' lang='lat' dir='ltr'>anni,</span> <span class='ocrx_word' id='word_1_204' title='bbox 1405 3446 1492 3525; x_wconf 89' lang='lat' dir='ltr'>pre·</span> 
     </span>
     <span class='ocr_line' id='line_1_24' title="bbox 76 3549 1495 3656; baseline -0.003 -26"><span class='ocrx_word' id='word_1_205' title='bbox 76 3554 244 3631; x_wconf 81' lang='lat' dir='ltr'>sentibus</span> <span class='ocrx_word' id='word_1_206' title='bbox 263 3553 441 3632; x_wconf 77' lang='lat' dir='ltr'>iratribus</span> <span class='ocrx_word' id='word_1_207' title='bbox 459 3553 607 3633; x_wconf 71' lang='lat' dir='ltr'>Garine</span> <span class='ocrx_word' id='word_1_208' title='bbox 620 3555 668 3631; x_wconf 89' lang='lat' dir='ltr'>de</span> <span class='ocrx_word' id='word_1_209' title='bbox 688 3550 990 3633; x_wconf 75' lang='lat' dir='ltr'>Grandillill&#39;arii</span> <span class='ocrx_word' id='word_1_210' title='bbox 1010 3549 1219 3656; x_wconf 87' lang='lat' dir='ltr'>presbitero</span> <span class='ocrx_word' id='word_1_211' title='bbox 1239 3577 1354 3656; x_wconf 91' lang='lat' dir='ltr'>quem</span> <span class='ocrx_word' id='word_1_212' title='bbox 1374 3550 1495 3627; x_wconf 84' lang='lat' dir='ltr'>credit</span> 
     </span>
     <span class='ocr_line' id='line_1_25' title="bbox 77 3666 1493 3788; baseline -0.003 -29"><span class='ocrx_word' id='word_1_213' title='bbox 77 3711 156 3761; x_wconf 88' lang='lat' dir='ltr'>esse</span> <span class='ocrx_word' id='word_1_214' title='bbox 176 3685 215 3759; x_wconf 90' lang='lat' dir='ltr'>in</span> <span class='ocrx_word' id='word_1_215' title='bbox 230 3684 388 3788; x_wconf 87' lang='lat' dir='ltr'>Chipro‚</span> <span class='ocrx_word' id='word_1_216' title='bbox 405 3685 515 3762; x_wconf 88' lang='lat' dir='ltr'>Petro</span> <span class='ocrx_word' id='word_1_217' title='bbox 536 3685 584 3759; x_wconf 94' lang='lat' dir='ltr'>de</span> <span class='ocrx_word' id='word_1_218' title='bbox 602 3682 819 3761; x_wconf 85' lang='lat' dir='ltr'>Cormelllie</span> <span class='ocrx_word' id='word_1_219' title='bbox 831 3666 1030 3767; x_wconf 73' lang='lat' dir='ltr'>serviente,</span> <span class='ocrx_word' id='word_1_220' title='bbox 1048 3680 1216 3756; x_wconf 85' lang='lat' dir='ltr'>Jobenne</span> <span class='ocrx_word' id='word_1_221' title='bbox 1243 3681 1343 3757; x_wconf 89' lang='lat' dir='ltr'>dicto</span> <span class='ocrx_word' id='word_1_222' title='bbox 1364 3679 1400 3756; x_wconf 94' lang='lat' dir='ltr'>le</span> <span class='ocrx_word' id='word_1_223' title='bbox 1423 3680 1493 3758; x_wconf 89' lang='lat' dir='ltr'>Ca·</span> 
     </span>
     <span class='ocr_line' id='line_1_26' title="bbox 78 3809 1493 3919; baseline 0.001 -33"><span class='ocrx_word' id='word_1_224' title='bbox 78 3839 165 3886; x_wconf 82' lang='lat' dir='ltr'>snus</span> <span class='ocrx_word' id='word_1_225' title='bbox 182 3811 376 3898; x_wconf 78' lang='lat' dir='ltr'>serviente,</span> <span class='ocrx_word' id='word_1_226' title='bbox 398 3810 598 3900; x_wconf 86' lang='lat' dir='ltr'>defunctis,</span> <span class='ocrx_word' id='word_1_227' title='bbox 620 3830 660 3889; x_wconf 89' lang='lat' dir='ltr'>et</span> <span class='ocrx_word' id='word_1_228' title='bbox 677 3812 906 3919; x_wconf 85' lang='lat' dir='ltr'>quibusdam</span> <span class='ocrx_word' id='word_1_229' title='bbox 926 3810 1007 3887; x_wconf 89' lang='lat' dir='ltr'>aliis</span> <span class='ocrx_word' id='word_1_230' title='bbox 1027 3809 1074 3887; x_wconf 89' lang='lat' dir='ltr'>dc</span> <span class='ocrx_word' id='word_1_231' title='bbox 1094 3838 1259 3916; x_wconf 91' lang='lat' dir='ltr'>quorum</span> <span class='ocrx_word' id='word_1_232' title='bbox 1273 3809 1493 3888; x_wconf 83' lang='lat' dir='ltr'>nominibus</span> 
     </span>
     <span class='ocr_line' id='line_1_27' title="bbox 78 3939 1493 4045; baseline -0.001 -29"><span class='ocrx_word' id='word_1_233' title='bbox 78 3941 170 4017; x_wconf 78' lang='lat' dir='ltr'>dixit</span> <span class='ocrx_word' id='word_1_234' title='bbox 186 3967 226 4017; x_wconf 90' lang='lat' dir='ltr'>se</span> <span class='ocrx_word' id='word_1_235' title='bbox 246 3967 323 4015; x_wconf 91' lang='lat' dir='ltr'>non</span> <span class='ocrx_word' id='word_1_236' title='bbox 346 3942 551 4028; x_wconf 87' lang='lat' dir='ltr'>recordari,</span> <span class='ocrx_word' id='word_1_237' title='bbox 570 3959 609 4018; x_wconf 92' lang='lat' dir='ltr'>et</span> <span class='ocrx_word' id='word_1_238' title='bbox 627 3943 720 4020; x_wconf 81' lang='lat' dir='ltr'>dixit</span> <span class='ocrx_word' id='word_1_239' title='bbox 741 3968 781 4018; x_wconf 87' lang='lat' dir='ltr'>se</span> <span class='ocrx_word' id='word_1_240' title='bbox 800 3939 914 4018; x_wconf 83' lang='lat' dir='ltr'>fuisse</span> <span class='ocrx_word' id='word_1_241' title='bbox 934 3958 1128 4045; x_wconf 87' lang='lat' dir='ltr'>receptum</span> <span class='ocrx_word' id='word_1_242' title='bbox 1149 3942 1243 4016; x_wconf 90' lang='lat' dir='ltr'>circa</span> <span class='ocrx_word' id='word_1_243' title='bbox 1264 3941 1398 4018; x_wconf 83' lang='lat' dir='ltr'>horam</span> <span class='ocrx_word' id='word_1_244' title='bbox 1416 3957 1493 4016; x_wconf 66' lang='lat' dir='ltr'>ter</span> 
     </span>
     <span class='ocr_line' id='line_1_28' title="bbox 79 4068 1496 4177; baseline 0.001 -32"><span class='ocrx_word' id='word_1_245' title='bbox 79 4071 183 4147; x_wconf 90' lang='lat' dir='ltr'>ciam.</span> <span class='ocrx_word' id='word_1_246' title='bbox 216 4070 431 4176; x_wconf 85' lang='lat' dir='ltr'>Requisitus</span> <span class='ocrx_word' id='word_1_247' title='bbox 461 4071 655 4175; x_wconf 92' lang='lat' dir='ltr'>quomodo</span> <span class='ocrx_word' id='word_1_248' title='bbox 680 4070 923 4177; x_wconf 78' lang='lat' dir='ltr'>abnegaverat</span> <span class='ocrx_word' id='word_1_249' title='bbox 951 4071 1040 4176; x_wconf 85' lang='lat' dir='ltr'>ipse</span> <span class='ocrx_word' id='word_1_250' title='bbox 1058 4069 1271 4156; x_wconf 88' lang='lat' dir='ltr'>Christum,</span> <span class='ocrx_word' id='word_1_251' title='bbox 1299 4068 1496 4174; x_wconf 87' lang='lat' dir='ltr'>respondit</span> 
     </span>
     <span class='ocr_line' id='line_1_29' title="bbox 78 4197 1492 4306; baseline -0.001 -30"><span class='ocrx_word' id='word_1_252' title='bbox 78 4202 188 4306; x_wconf 91' lang='lat' dir='ltr'>quod·</span> <span class='ocrx_word' id='word_1_253' title='bbox 207 4199 345 4277; x_wconf 87' lang='lat' dir='ltr'>tradito</span> <span class='ocrx_word' id='word_1_254' title='bbox 365 4199 439 4276; x_wconf 91' lang='lat' dir='ltr'>sibi</span> <span class='ocrx_word' id='word_1_255' title='bbox 457 4198 636 4276; x_wconf 82' lang='lat' dir='ltr'>mantello</span> <span class='ocrx_word' id='word_1_256' title='bbox 659 4201 779 4276; x_wconf 89' lang='lat' dir='ltr'>dictus</span> <span class='ocrx_word' id='word_1_257' title='bbox 798 4216 996 4305; x_wconf 82' lang='lat' dir='ltr'>preceptor</span> <span class='ocrx_word' id='word_1_258' title='bbox 1013 4198 1181 4304; x_wconf 90' lang='lat' dir='ltr'>precepit</span> <span class='ocrx_word' id='word_1_259' title='bbox 1200 4198 1234 4274; x_wconf 89' lang='lat' dir='ltr'>ei</span> <span class='ocrx_word' id='word_1_260' title='bbox 1253 4199 1358 4304; x_wconf 86' lang='lat' dir='ltr'>quod</span> <span class='ocrx_word' id='word_1_261' title='bbox 1378 4197 1492 4279; x_wconf 83' lang='lat' dir='ltr'>abne-</span> 
     </span>
     <span class='ocr_line' id='line_1_30' title="bbox 79 4322 1494 4436; baseline -0.001 -30"><span class='ocrx_word' id='word_1_262' title='bbox 79 4349 183 4435; x_wconf 83' lang='lat' dir='ltr'>garet</span> <span class='ocrx_word' id='word_1_263' title='bbox 200 4330 409 4418; x_wconf 88' lang='lat' dir='ltr'>Christum,</span> <span class='ocrx_word' id='word_1_264' title='bbox 432 4348 469 4407; x_wconf 88' lang='lat' dir='ltr'>et</span> <span class='ocrx_word' id='word_1_265' title='bbox 492 4331 573 4435; x_wconf 92' lang='lat' dir='ltr'>ipse</span> <span class='ocrx_word' id='word_1_266' title='bbox 591 4328 663 4407; x_wconf 81' lang='lat' dir='ltr'>luit</span> <span class='ocrx_word' id='word_1_267' title='bbox 681 4347 786 4407; x_wconf 86' lang='lat' dir='ltr'>totus</span> <span class='ocrx_word' id='word_1_268' title='bbox 806 4328 1035 4436; x_wconf 86' lang='lat' dir='ltr'>stupefactus</span> <span class='ocrx_word' id='word_1_269' title='bbox 1059 4348 1099 4407; x_wconf 84' lang='lat' dir='ltr'>et</span> <span class='ocrx_word' id='word_1_270' title='bbox 1121 4329 1310 4416; x_wconf 85' lang='lat' dir='ltr'>turbatus,</span> <span class='ocrx_word' id='word_1_271' title='bbox 1333 4322 1494 4405; x_wconf 85' lang='lat' dir='ltr'>etvide-</span> 
     </span>
     <span class='ocr_line' id='line_1_31' title="bbox 78 4458 1494 4569; baseline -0.001 -33"><span class='ocrx_word' id='word_1_272' title='bbox 78 4461 190 4538; x_wconf 89' lang='lat' dir='ltr'>hatur</span> <span class='ocrx_word' id='word_1_273' title='bbox 210 4462 281 4538; x_wconf 86' lang='lat' dir='ltr'>sibi</span> <span class='ocrx_word' id='word_1_274' title='bbox 300 4462 406 4569; x_wconf 85' lang='lat' dir='ltr'>quasi</span> <span class='ocrx_word' id='word_1_275' title='bbox 426 4462 530 4568; x_wconf 88' lang='lat' dir='ltr'>qnod</span> <span class='ocrx_word' id='word_1_276' title='bbox 555 4478 652 4538; x_wconf 91' lang='lat' dir='ltr'>esset</span> <span class='ocrx_word' id='word_1_277' title='bbox 671 4462 898 4547; x_wconf 86' lang='lat' dir='ltr'>incantatus,</span> <span class='ocrx_word' id='word_1_278' title='bbox 921 4461 1091 4538; x_wconf 85' lang='lat' dir='ltr'>nesciens</span> <span class='ocrx_word' id='word_1_279' title='bbox 1111 4458 1182 4537; x_wconf 88' lang='lat' dir='ltr'>sibi</span> <span class='ocrx_word' id='word_1_280' title='bbox 1204 4459 1275 4565; x_wconf 88' lang='lat' dir='ltr'>ipsi</span> <span class='ocrx_word' id='word_1_281' title='bbox 1298 4458 1494 4537; x_wconf 88' lang='lat' dir='ltr'>consulere</span> 
     </span>
     <span class='ocr_line' id='line_1_32' title="bbox 79 4588 1497 4698; baseline -0.001 -33"><span class='ocrx_word' id='word_1_282' title='bbox 79 4619 167 4665; x_wconf 87' lang='lat' dir='ltr'>cum</span> <span class='ocrx_word' id='word_1_283' title='bbox 178 4592 505 4678; x_wconf 47' lang='lat' dir='ltr'>⁴comminarentur</span> <span class='ocrx_word' id='word_1_284' title='bbox 525 4590 651 4668; x_wconf 88' lang='lat' dir='ltr'>eidem</span> <span class='ocrx_word' id='word_1_285' title='bbox 670 4592 831 4698; x_wconf 82' lang='lat' dir='ltr'>graviter</span> <span class='ocrx_word' id='word_1_286' title='bbox 846 4590 918 4668; x_wconf 87' lang='lat' dir='ltr'>nisi</span> <span class='ocrx_word' id='word_1_287' title='bbox 937 4592 1012 4669; x_wconf 90' lang='lat' dir='ltr'>hoc</span> <span class='ocrx_word' id='word_1_288' title='bbox 1029 4589 1182 4678; x_wconf 87' lang='lat' dir='ltr'>faceret,</span> <span class='ocrx_word' id='word_1_289' title='bbox 1208 4590 1315 4666; x_wconf 86' lang='lat' dir='ltr'>etita</span> <span class='ocrx_word' id='word_1_290' title='bbox 1334 4588 1497 4694; x_wconf 86' lang='lat' dir='ltr'>abnega·</span> 
     </span>
     <span class='ocr_line' id='line_1_33' title="bbox 80 4719 1496 4826; baseline 0 -31"><span class='ocrx_word' id='word_1_291' title='bbox 80 4721 132 4796; x_wconf 86' lang='lat' dir='ltr'>vit</span> <span class='ocrx_word' id='word_1_292' title='bbox 152 4748 233 4808; x_wconf 91' lang='lat' dir='ltr'>ore,</span> <span class='ocrx_word' id='word_1_293' title='bbox 255 4749 332 4799; x_wconf 93' lang='lat' dir='ltr'>non</span> <span class='ocrx_word' id='word_1_294' title='bbox 348 4722 481 4809; x_wconf 82' lang='lat' dir='ltr'>corde,</span> <span class='ocrx_word' id='word_1_295' title='bbox 503 4739 548 4798; x_wconf 90' lang='lat' dir='ltr'>ut</span> <span class='ocrx_word' id='word_1_296' title='bbox 570 4722 674 4798; x_wconf 85' lang='lat' dir='ltr'>dixit.</span> <span class='ocrx_word' id='word_1_297' title='bbox 697 4722 842 4798; x_wconf 86' lang='lat' dir='ltr'>Juravit</span> <span class='ocrx_word' id='word_1_298' title='bbox 857 4738 949 4798; x_wconf 91' lang='lat' dir='ltr'>tunc</span> <span class='ocrx_word' id='word_1_299' title='bbox 968 4721 1134 4826; x_wconf 90' lang='lat' dir='ltr'>insuper,</span> <span class='ocrx_word' id='word_1_300' title='bbox 1155 4735 1199 4797; x_wconf 87' lang='lat' dir='ltr'>ut</span> <span class='ocrx_word' id='word_1_301' title='bbox 1218 4719 1326 4808; x_wconf 82' lang='lat' dir='ltr'>dixit,</span> <span class='ocrx_word' id='word_1_302' title='bbox 1343 4747 1383 4796; x_wconf 89' lang='lat' dir='ltr'>se</span> <span class='ocrx_word' id='word_1_303' title='bbox 1405 4743 1496 4796; x_wconf 85' lang='lat' dir='ltr'>con·</span> 
     </span>
    </p>
   </div>
   <div class='ocr_carea' id='block_1_4' title="bbox 81 4847 1362 4957">
    <p class='ocr_par' dir='ltr' id='par_1_5' title="bbox 81 4847 1362 4957">
     <span class='ocr_line' id='line_1_34' title="bbox 81 4847 1362 4957; baseline -0.002 -32"><span class='ocrx_word' id='word_1_304' title='bbox 81 4868 313 4927; x_wconf 87' lang='lat' dir='ltr'>servaturum</span> <span class='ocrx_word' id='word_1_305' title='bbox 332 4851 431 4928; x_wconf 88' lang='lat' dir='ltr'>bona</span> <span class='ocrx_word' id='word_1_306' title='bbox 449 4850 598 4957; x_wconf 90' lang='lat' dir='ltr'>Templi</span> <span class='ocrx_word' id='word_1_307' title='bbox 621 4869 658 4929; x_wconf 92' lang='lat' dir='ltr'>et</span> <span class='ocrx_word' id='word_1_308' title='bbox 677 4868 863 4929; x_wconf 89' lang='lat' dir='ltr'>secretum</span> <span class='ocrx_word' id='word_1_309' title='bbox 882 4849 1132 4957; x_wconf 86' lang='lat' dir='ltr'>capitulorum</span> <span class='ocrx_word' id='word_1_310' title='bbox 1152 4865 1190 4926; x_wconf 89' lang='lat' dir='ltr'>ct</span> <span class='ocrx_word' id='word_1_311' title='bbox 1208 4847 1362 4926; x_wconf 87' lang='lat' dir='ltr'>ordinis.</span> 
     </span>
    </p>
   </div>
   <div class='ocr_carea' id='block_1_5' title="bbox 332 4987 1326 5139">
    <p class='ocr_par' dir='ltr' id='par_1_6' title="bbox 332 4987 1326 5139">
     <span class='ocr_line' id='line_1_35' title="bbox 1278 4987 1326 5046; baseline -0.042 0"><span class='ocrx_word' id='word_1_312' title='bbox 1278 4987 1326 5046; x_wconf 79' lang='lat'>37.</span> 
     </span>
     <span class='ocr_line' id='line_1_36' title="bbox 332 5100 345 5139; baseline 0 0"><span class='ocrx_word' id='word_1_313' title='bbox 332 5100 345 5139; x_wconf 81' lang='lat' dir='ltr'>t</span> 
     </span>
    </p>
   </div>
   <div class='ocr_carea' id='block_1_6' title="bbox 0 0 2054 6052">
    <p class='ocr_par' dir='ltr' id='par_1_7' title="bbox 0 0 2054 6052">
     <span class='ocr_line' id='line_1_37' title="bbox 0 0 2054 6052; baseline 0 0"><span class='ocrx_word' id='word_1_314' title='bbox 0 0 2054 6052; x_wconf 95' lang='lat' dir='ltr'> </span> 
     </span>
    </p>
   </div>
  </div>
 </body>
</html>
