4080 6052
302 567 376 639 sao
688 538 882 632 rnocns
908 556 1003 629 uns
1028 554 1332 637 canuslnus.

357 707 467 791 Item,
495 701 542 777 de
571 699 749 777 omnibus
773 700 855 777 aliis
880 716 918 776 et
942 697 1100 804 singulis
1126 697 1293 775 articulis
1318 709 1447 772 contra
1473 694 1653 771 ordinem
1678 694 1731 772 lo·

302 833 523 942 quentibus,
541 831 737 936 respondit
756 859 795 907 se
815 828 931 905 nichil
949 829 1062 918 scire,
1080 846 1120 915 et
1138 830 1297 906 asseruit
1315 827 1421 934 quod
1432 829 1532 907 bene
1548 826 1729 905 credebat

303 948 541 1043 sacramentis
564 962 688 1040 altaris
709 978 746 1038 et
765 959 941 1037 credebat
960 958 1064 1065 quod
1083 959 1144 1037 dii
1165 958 1297 1036 iratres
1315 959 1414 1039 bene
1432 958 1650 1048 crederent;
1671 958 1728 1035 di·

305 1097 458 1176 cebatur
483 1111 609 1169 tamen
639 1093 694 1169 eis
713 1092 818 1199 quod
845 1091 968 1168 statim
992 1119 1061 1197 pro
1085 1090 1261 1196 professis
1289 1091 1538 1178 habebantur,
1565 1106 1606 1166 et
1623 1089 1729 1196 quod

308 1254 440 1303 eorum
460 1222 699 1329 recepcioues
723 1221 864 1298 fiebant
884 1219 1011 1326 januis
1040 1220 1190 1312 clausis,
1213 1248 1282 1296 nec
1308 1239 1415 1298 erant
1441 1238 1636 1328 presentes
1656 1220 1727 1297 nisi

304 1358 436 1433 fratres
453 1352 613 1443 ordinis,
626 1370 664 1429 et
681 1352 719 1427 in
737 1351 956 1458 receptione
974 1379 1042 1428 sua
1052 1350 1145 1427 dixit
1161 1351 1196 1427 ei
1209 1369 1381 1457 receptor
1398 1350 1562 1459 quod-in
1578 1351 1727 1457 signum

235 1550 242 1576 ,
306 1485 483 1563 castitatis
500 1482 662 1560 debebat
677 1483 772 1589 signi
790 1481 901 1588 [cicqi
912 1480 942 1587 7]
957 1509 1032 1557 una
1045 1480 1201 1558 cordula
1216 1510 1330 1587 super
1344 1510 1489 1588 pannos
1506 1481 1628 1559 lineos
1641 1509 1728 1556 cum

307 1616 446 1722 quibus
461 1614 652 1721 jacebant,
675 1630 713 1688 et
731 1612 836 1718 quod
856 1611 1013 1717 illaque
1033 1610 1175 1688 fiebant
1192 1611 1231 1686 in
1251 1612 1423 1718 capitulis
1441 1640 1521 1690 non
1538 1610 1727 1689 audebant

189 1804 192 1812 .
307 1745 470 1821 revelare
493 1742 742 1830 secularibus,
769 1771 839 1819 nec
858 1742 974 1817 eciam
996 1740 1071 1818 illis
1090 1740 1268 1820 fratribus
1292 1744 1358 1848 qui
1382 1771 1461 1820 non
1485 1739 1729 1819 interfuerant

309 1875 495 1980 capitulis;
513 1891 552 1949 et
570 1874 600 1950 si
620 1872 809 1961 iecissent,
827 1872 986 1949 inissent
997 1871 1138 1978 puniti,
1161 1888 1200 1948 et
1217 1890 1392 1979 poterant
1408 1871 1578 1950 confiteri
1589 1870 1728 1976 quibus

309 2005 501 2090 volebant;
532 2003 599 2078 sed
627 2019 686 2078 ter
711 2002 987 2079 confitebantur
1015 2001 1055 2077 in
1084 2030 1183 2078 anno
1212 2003 1411 2108 capellanis
1450 2031 1602 2089 eorum3
1643 1999 1731 2077 elle-

310 2134 455 2211 mosine
476 2147 603 2208 autem
617 2131 758 2208 {iebant
769 2148 828 2208 ter
847 2131 885 2208 in
904 2132 1113 2209 ebdomada
1131 2134 1356 2239 generaliter
1370 2136 1408 2210 in
1423 2134 1516 2211 locis
1536 2134 1578 2209 in
1593 2132 1730 2239 quibua

312 2263 385 2340 fuit
403 2278 672 2353 commoratus,
695 2280 733 2339 et
751 2262 870 2339 credit
889 2264 995 2368 quod
1011 2263 1076 2341 illa
1095 2292 1170 2369 que
1191 2260 1349 2369 magnus
1369 2264 1545 2371 Magister
1566 2263 1730 2341 ordinas·

311 2411 369 2470 set
385 2392 483 2469 ultra
503 2421 605 2469 mare
626 2420 712 2469 cum
724 2409 909 2469 conventu
926 2420 1013 2480 suo,
1027 2392 1187 2470 fuissent
1206 2412 1346 2470 servata
1366 2395 1456 2471 citra
1475 2421 1597 2485 marc,
1615 2409 1654 2469 et
1669 2421 1730 2468 au·

312 2524 453 2600 diverat
483 2522 556 2598 dici
586 2524 690 2627 quod
720 2549 878 2627 magnus
904 2522 1080 2629 Magister
1108 2540 1147 2598 et
1173 2522 1235 2599 olii
1261 2524 1384 2629 magni
1413 2522 1558 2599 ordinis
1588 2521 1732 2599 fuerant

311 2651 470 2731 confessi
495 2651 642 2755 aliquos
662 2677 819 2727 errores.
842 2650 1057 2755 Requisitus
1076 2652 1105 2728 si
1127 2653 1267 2730 sciebat
1286 2652 1433 2758 aliquos
1454 2679 1603 2730 errores
1621 2651 1731 2729 fiiime

313 2781 351 2855 in
379 2779 479 2857 dicto
498 2779 648 2867 ordine,
675 2779 872 2884 respondit
897 2778 935 2853 in
962 2780 1193 2886 perricuium
1215 2799 1253 2857 et
1276 2781 1586 2886 dampnacionem
1609 2781 1729 2857 anime

314 2936 380 2985 sue
394 2911 499 3015 qnod
518 2938 612 2997 non,
627 2937 696 2984 nec
712 2909 855 3015 aliquid
873 2909 1064 2987 audiverat
1081 2912 1129 2987 de
1145 2912 1321 3015 predictis
1338 2912 1533 2990 erroribus
1546 2928 1627 2988 aute
1647 2940 1730 3016 cap-

315 3063 460 3112 eronem
481 3064 626 3113 eorum.

371 3167 480 3254 Item,
499 3166 703 3270 requisitus
719 3168 749 3242 si
768 3168 819 3243 sic
833 3167 1056 3273 deposuerat
1070 3199 1195 3274 prece,
1213 3189 1406 3277 precepto,
1423 3173 1577 3258 timore,
1590 3200 1729 3261 amore,

314 3295 419 3385 odio,
436 3296 494 3372 vel
510 3296 668 3371 comodo
685 3297 881 3400 temporali
898 3298 1026 3376 habito
1044 3299 1101 3376 vel
1117 3301 1309 3392 habendo,
1320 3303 1514 3407 respondit
1524 3304 1628 3406 quod
1640 3330 1730 3387 non,

314 3425 383 3501 sed
414 3455 482 3530 pro
517 3426 669 3502 veritate
701 3427 859 3503 dicenda
882 3429 965 3504 :c'ui
985 3428 1058 3504 suit
1078 3431 1291 3536 injunctum
1321 3462 1389 3537 per
1414 3433 1528 3508 dictos
1555 3432 1730 3506 dominos

315 3557 602 3646 commissarios,
623 3557 660 3630 in
677 3557 812 3632 virtute
826 3558 1029 3661 juramenti
1049 3563 1193 3665 prestiti
1207 3591 1274 3666 per
1292 3591 1395 3650 eum,
1410 3560 1512 3665 quod
1529 3587 1604 3634 non
1623 3586 1730 3635 reve-

313 3687 407 3762 laret
420 3687 517 3762 hanc
533 3714 639 3762 suain
657 3688 935 3791 deposicionem
954 3719 1152 3796 quousque
1173 3693 1430 3768 attestacioncs
1448 3691 1588 3766 inerint
1606 3689 1730 3795 pubii-

315 3832 405 3892 cate.
428 3817 470 3891 In
494 3845 569 3922 qua
588 3817 752 3921 quidem.
765 3820 1001 3896 attestacionc
1024 3821 1116 3896 dixit
1134 3851 1174 3898 se
1193 3823 1287 3897 velie
1308 3823 1520 3927 persistere,
1542 3820 1730 3926 quidquid

314 3947 520 4053 contingat,
537 3947 654 4051 magis
669 3947 792 4022 anime
808 3976 921 4052 quarn
940 3951 1085 4054 corpori
1102 3951 1142 4025 in
1155 3952 1227 4028 hoc
1243 3948 1372 4029 voians
1389 3951 1620 4057 prospicere,
1638 3950 1727 4027 sicut

314 4075 417 4150 dixit.
522 4103 524 4107 ·

370 4205 457 4279 Acta
477 4203 631 4281 fuerunt
649 4205 721 4281 hoc
742 4206 803 4282 die
824 4224 861 4283 et
880 4208 962 4284 ioco
976 4209 1170 4313 predictis,
1183 4211 1420 4315 presentibus
1435 4211 1615 4317 magistro
1632 4209 1728 4285 Ami·

313 4332 369 4408 sio
392 4351 430 4408 et
457 4336 709 4411 Floriamoute
742 4337 940 4413 Dondedci
965 4356 1004 4414 et
1028 4339 1110 4415 aliis
1138 4340 1291 4417 notariis
1316 4369 1428 4444 supra
1451 4339 1589 4416 ultimo
1614 4339 1727 4416 nomi·

312 4462 423 4554 natis,
440 4463 511 4539 hoc
527 4465 627 4542 salvo
646 4465 751 4569 quod
764 4465 885 4541 dictus
904 4468 1135 4553 Bertraudus
1146 4469 1351 4546 Humbaldi
1369 4487 1455 4573 post
1473 4469 1724 4573 recepcionem

308 4591 613 4694 juramentorum
629 4625 649 4670 a
663 4597 770 4672 dictis
789 4596 968 4685 testibus,
991 4627 1069 4675 non
1088 4619 1275 4706 expectata
1294 4600 1383 4676 dicti
1396 4601 1576 4677 Johannis
1594 4597 1723 4678 exami-

314 4720 485 4808 nacione,
501 4727 661 4800 recessit.
