4080 6052
474 547 1119 639 rsoctsossruursruss.
1190 660 1195 669 ‚
1434 570 1506 641 oss

10 724 12 729 '
92 738 180 784 eum
194 723 288 813 quot
302 707 415 783 Pater
430 722 546 783 noster
561 705 704 782 diceret
726 734 796 812 pro
814 707 917 783 horis
933 706 1025 792 suis,
1058 723 1096 781 ct
1119 703 1283 810 qualiter
1303 726 1447 810 regeret
1471 738 1510 783 se

74 840 126 920 in
140 826 352 926 ordine‚'et
375 838 546 942 exposuit
570 839 605 914 ei
626 865 754 914 causas
777 854 932 943 propter
952 864 1044 943 quas
1066 853 1213 941 poterat
1231 836 1388 940 perdere
1409 839 1511 915 habi·

86 989 184 1060 tum,
198 987 236 1046 et
248 957 361 1046 vitare
371 996 487 1074 penas
503 970 715 1046 secundum
727 969 896 1076 regulam
915 995 1059 1045 eorum.
1077 969 1165 1044 Post
1177 995 1252 1074 que
1264 969 1368 1044 duxit
1385 970 1509 1074 ipsum

87 1118 221 1177 testem
234 1100 282 1176 ad
295 1099 499 1205 quamdam
516 1128 719 1187 cameram,
737 1116 775 1177 et
789 1100 955 1204 precepit
970 1100 1004 1175 ei
1026 1097 1129 1206 quod
1148 1097 1348 1205 abnegaret
1360 1099 1507 1188 Deum,

86 1248 124 1307 et
139 1229 244 1335 quod
267 1246 418 1333 spueret
442 1257 554 1333 supra
570 1230 773 1334 quamdam
798 1256 947 1306 crucem
967 1228 1130 1337 ligneam
1157 1257 1269 1334 quam
1296 1230 1397 1306 idem
1422 1261 1508 1336 pre-

85 1377 214 1464 ceptor
233 1359 385 1436 tenebat
405 1360 443 1434 in
464 1389 601 1450 manu;
623 1377 660 1436 et
682 1389 768 1436 cum
792 1360 869 1465 ipse
894 1360 1000 1436 testis
1029 1358 1284 1462 respondisset
1305 1360 1409 1464 quod
1436 1362 1508 1436 hoc

86 1489 192 1575 nullo
212 1491 327 1567 modo
349 1490 502 1575 faceret,
534 1509 572 1567 et
597 1490 705 1595 quod
732 1490 838 1594 prius
853 1490 1063 1565 dimitteret
1081 1488 1307 1565 mantellum
1340 1491 1503 1577 ordinis,

85 1621 206 1697 dictus
229 1638 402 1726 receptor:
425 1619 516 1697 dixit
545 1620 579 1695 ei
602 1620 707 1727 quod
739 1649 816 1698 non
839 1605 985 1726 poterat
1014 1620 1205 1697 dimittere
1230 1619 1373 1697 dictum
1400 1652 1504 1697 man-

83 1750 216 1828 tellum
233 1781 277 1827 ex
289 1781 365 1858 quo
380 1753 503 1857 ipsum
520 1769 786 1857 assumpserat,
799 1779 869 1828 nec
885 1752 984 1827 exire
999 1751 1171 1826 ordinem
1184 1780 1333 1842 eorum,
1349 1770 1387 1827 et
1399 1726 1504 1857 qirod
1605 1826 1607 1830 .

85 1883 283 1986 oportebat
306 1910 395 1958 eum
421 1883 586 1987 predicta
612 1881 750 1967 lacere,
777 1880 866 1986 quia
889 1897 997 1956 erant
1028 1879 1075 1956 de
1102 1881 1252 1984 punctis
1275 1881 1436 1971 ordinis,
1466 1903 1503 1959 et

86 2012 190 2116 quod
217 2040 295 2088 non
328 2012 444 2088 exiret
470 2011 607 2087 dictam
637 2038 821 2088 cameram
850 2038 1048 2117 quousque
1079 2010 1243 2116 predicta
1272 2011 1434 2103 lecisset,
1467 2034 1504 2090 et

85 2171 171 2219 cum
192 2145 270 2249 ipse
293 2145 399 2222 testis
418 2143 665 2249 responderet
688 2172 726 2218 se
752 2141 858 2219 nullo
883 2143 1000 2220 modo
1027 2142 1193 2248 predicta
1218 2141 1422 2233 facturum,
1453 2148 1504 2219 in-

85 2273 196 2350 clusit
219 2275 341 2379 ipsum
362 2275 402 2350 in
423 2275 519 2352 dicta
540 2302 686 2352 camera
711 2272 889 2349 recedens
914 2273 960 2348 ab
989 2301 1050 2362 eo,
1080 2273 1181 2347 etin
1210 2272 1307 2349 dicta
1333 2274 1394 2348 die
1425 2306 1499 2351 non
1600 2284 1605 2291 '

83 2404 170 2481 fecit
190 2405 261 2481 sibi
282 2406 483 2483 ministrari
500 2406 573 2482 nisi
592 2432 730 2510 panem
759 2419 796 2478 et
817 2431 969 2508 aquam.
991 2404 1100 2478 Mane
1119 2430 1221 2476 vero·
1236 2404 1424 2508 sequenti,
1446 2436 1504 2480 re-

85 2536 194 2613 diens
216 2536 264 2612 ad
281 2538 404 2642 ipsum
424 2537 463 2611 in
481 2536 579 2611 dicte
595 2563 755 2625 camera,
777 2535 945 2640 precepit
960 2536 994 2611 ei
1015 2535 1143 2611 denuo
1164 2534 1270 2639 quod
1282 2531 1420 2612 laceret
1439 2537 1504 2612 ab·

84 2668 387 2774 negocionemet
405 2667 638 2772 spuicionem
659 2667 864 2773 predictas,
887 2666 1119 2742 comminans
1144 2666 1178 2745 ei
1198 2666 1303 2772 quod
1329 2666 1398 2742 nisi
1430 2668 1501 2742 boc

83 2797 235 2889 faceret,
253 2814 351 2875 esset
371 2798 558 2902 perditus;
580 2816 618 2874 et
642 2799 734 2874 tunc
760 2798 839 2901 ipse
862 2797 968 2873 testis
994 2797 1129 2873 timore
1158 2796 1310 2885 ductus,
1332 2813 1375 2873 ut
1392 2797 1499 2887 dixit,

82 2927 277 3038 abnegavit
291 2930 415 3006 Deum
434 2958 498 3005 ore
514 2958 591 3005 non
613 2930 743 3016 corde,
762 2945 801 3004 et
817 2929 919 3035 spuit
937 2956 1016 3004 non
1031 2956 1142 3033 supra
1157 2929 1224 3004 scd
1236 2927 1341 3034 juxta
1363 2930 1500 3005 dictam

82 3088 242 3136 crucem.
269 3059 324 3134 De
345 3059 482 3135 osculis
510 3060 737 3149 inhonestis,
759 3060 917 3135 crimine
934 3059 1158 3136 sodomitico
1184 3057 1242 3134 vel
1263 3057 1344 3135 aliis
1361 3059 1501 3135 illicitis

82 3218 158 3267 non
179 3188 252 3266 fuit
270 3188 419 3266 locutus
440 3189 581 3291 eidem,
602 3218 670 3265 nec
689 3193 788 3295 ipse,
807 3218 877 3267 nec
897 3190 1007 3279 alius,
1032 3218 1100 3265 nec
1125 3188 1217 3264 vidit
1233 3187 1348 3264 alium
1370 3192 1497 3294 recipi.
1526 3166 1527 3170 Ἰ

80 3321 249 3427 Precepit
263 3323 445 3411 autemei
465 3322 587 3398 dictus
605 3337 776 3424 receptor
794 3321 898 3427 quod
926 3321 973 3396 de
998 3318 1176 3424 predictis
1197 3317 1337 3395 illicitis
1356 3322 1498 3396 nemini

81 3451 310 3556 loqueretur,
332 3454 420 3559 quia
433 3454 462 3530 si
480 3455 552 3529 hoc
577 3451 730 3537 laceret,
750 3467 848 3529 esset
867 3451 1050 3555 perditus.
1078 3448 1353 3525 Nicbilominus
1368 3466 1495 3526 tamen

79 3581 172 3657 infra
190 3583 362 3661 triduum
388 3585 509 3661 dictus
532 3582 639 3659 testis
659 3581 733 3658 fuit
752 3579 945 3659 confessus
969 3580 1016 3655 de
1041 3578 1219 3682 predictis
1243 3579 1433 3656 erroribus
1456 3583 1495 3656 in

80 3712 179 3788 dicta
203 3714 318 3790 domo
345 3715 502 3790 domiuo
527 3713 691 3788 lohanni
725 3711 772 3787 de
797 3710 974 3816 Grangia,
994 3710 1186 3814 quondam
1206 3727 1297 3786 tunc
1317 3710 1497 3786 archidia-

80 3871 175 3918 cono
194 3841 395 3928 Melden'si‚
417 3842 483 3947 qui
501 3858 653 3918 venerat
672 3841 720 3916 ad
734 3840 872 3919 dictam
884 3841 1058 3927 domum,
1080 3858 1118 3917 et
1135 3841 1293 3918 absolvit
1308 3869 1397 3917 eum
1420 3860 1499 3918 stu·
1620 3819 1633 3937 ζ

79 3974 246 4078 pelactus
268 3972 432 4050 multum
453 4001 539 4048 cum
561 3972 761 4068 audivisset
780 3973 965 4078 predicta,
989 3990 1027 4049 et
1046 3973 1227 4079 imposuit
1245 3971 1316 4049 sibi
1337 3973 1376 4048 in
1399 3976 1498 4077 peni-

77 4104 199 4180 tencia
214 4104 320 4209 quod
333 4102 499 4209 predicta
519 4101 716 4192 revelaret,
739 4120 777 4180 et
796 4131 882 4180 cum
901 4104 979 4208 ipse
994 4102 1102 4180 testis
1121 4102 1373 4206 respondisset
1392 4107 1497 4211 quod

45 4268 55 4285 ·
79 4237 150 4311 hoc
166 4233 272 4312 nullo
288 4235 403 4312 modo
422 4249 549 4340 posset
566 4232 687 4309 lacere
704 4234 784 4311 sine
804 4232 974 4339 periculo
995 4233 1161 4339 corporis
1180 4233 1258 4321 sui,
1280 4233 1374 4310 dixit
1392 4237 1495 4340 quod

77 4364 229 4441 nolebat
244 4367 350 4472 quod
367 4393 405 4441 se
421 4381 581 4470 poneret
597 4364 637 4440 in
656 4363 905 4469 periculoset
920 4365 1082 4472 injunxit
1101 4364 1171 4441 sibi
1190 4363 1294 4470 quod
1309 4365 1497 4472 jejunaret

76 4523 121 4571 xc
138 4495 274 4573 diebus
291 4498 330 4573 in
351 4525 446 4604 pane
464 4514 501 4573 et
516 4525 611 4601 aqua
631 4496 727 4573 inlra
739 4523 786 4573 xx
802 4496 1043 4602 septimanas,
1060 4513 1097 4573 et
1116 4497 1220 4603 quod
1239 4523 1316 4572 non
1334 4514 1499 4601 portaret

77 4626 267 4701 camisiam
287 4628 332 4704 de
351 4627 501 4704 duobus
520 4629 647 4715 annis,
672 4656 795 4734 quam
809 4628 1062 4735 penitenciam
1087 4627 1303 4733 complevit,
1330 4644 1374 4704 ut
1390 4627 1494 4704 dixit.

24 4828 32 4843 ,
75 4756 290 4864 Requisitus
306 4761 338 4836 si
358 4759 477 4837 credit
500 4758 607 4864 quod
622 4757 943 4864 predictadllicita
960 4758 1169 4836 confessata
1187 4786 1255 4864 per
1274 4785 1362 4865 eum
1378 4758 1495 4837 inter-

75 4907 258 4966 venerunt
289 4890 326 4966 in
354 4889 638 4996 recepcionibus
662 4890 823 4967 aliorum
847 4888 906 4966 vel
934 4906 1021 4996 post
1030 4949 1047 4977 ,.
1075 4889 1272 4995 respondit
1295 4888 1402 4995 quod
1429 4879 1504 4962 ne·'
