4080 6052
308 547 383 622 esa
693 524 892 626 Procas,
916 543 1010 615 nas
1037 541 1337 615 TEMPLIERS.

306 686 416 764 vendi
436 713 545 774 eum,
565 686 631 762 sed
651 685 797 763 remisit
808 685 931 791 ipsum
950 683 999 759 ad
1015 681 1164 760 fratrem
1185 680 1437 766 Guillelmurn
1454 681 1629 785 priorem
1646 708 1729 756 con-

307 836 439 909 ventus
462 816 618 897 fratrum
639 816 830 894 Minorum
847 815 894 892 de
911 813 1084 904 Divione,
1113 812 1336 900 habentem,
1364 826 1408 889 ut
1432 809 1647 900 dicebatur,
1666 840 1728 916 po-

307 967 478 1026 testatem
510 946 785 1054 episcopalem,
808 945 874 1053 qui
901 943 1059 1021 absolvit
1090 971 1180 1021 eum
1211 941 1250 1021 in
1282 940 1437 1023 ecclesia
1469 940 1722 1045 predictorum

308 1081 462 1156 fratrum
484 1080 673 1156 Minorum
698 1080 746 1155 de
764 1077 922 1155 Divione
946 1074 1194 1181 Lingoneusis
1220 1072 1399 1164 diocesis,
1422 1071 1606 1178 imposita
1624 1072 1722 1178 peni-

309 1208 427 1286 tencia
447 1208 552 1315 quod
572 1224 739 1313 portaret
758 1206 923 1283 cilicium
943 1233 1014 1311 per
1028 1221 1106 1282 tres
1125 1232 1263 1294 ann0s;
1285 1220 1426 1281 etcum
1447 1219 1636 1308 portasset
1653 1201 1724 1279 lere

308 1369 530 1447 perannum
550 1357 588 1415 et
613 1367 658 1417 ex
684 1340 755 1416 hoc
781 1337 942 1415 nimium
962 1337 1186 1444 gravaretur,
1207 1333 1330 1415 dictus
1348 1332 1467 1417 frater
1487 1334 1726 1413 commutavit

309 1471 446 1546 dictam
477 1469 744 1573 penitenciam,
772 1482 811 1544 et
834 1466 1000 1571 precepit
1026 1465 1061 1543 ei
1091 1465 1198 1571 quod
1220 1463 1412 1571 jejunaret
1441 1481 1591 1569 septem
1623 1465 1727 1542 annis

308 1600 418 1678 sestis
435 1598 535 1675 feriis
551 1599 591 1674 in
607 1626 704 1704 pane
718 1616 756 1675 et
770 1625 881 1702 aqua,
898 1595 1004 1701 quod
1017 1593 1235 1701 complevit,
1247 1610 1299 1674 ⁴ut
1313 1593 1418 1673 dixit.
1436 1592 1579 1673 Debito
1593 1595 1720 1685 modo,

309 1748 349 1804 ut
371 1730 403 1804 ei
428 1727 587 1817 videtur,
615 1756 747 1805 eorum
775 1726 984 1803 sacerdotes
1014 1725 1263 1806 celebrabant.
1294 1724 1431 1805 Statim
1459 1752 1528 1830 pm
1552 1722 1720 1830 professis

309 1860 556 1937 habebantur.
586 1856 828 1936 Clandestine
854 1855 1141 1960 recipiebantur,
1167 1855 1255 1961 quia
1280 1854 1466 1933 nolebant
1486 1854 1590 1962 quud
1610 1856 1720 1961 aliqui

308 1991 446 2065 scirent
460 2005 599 2065 secreta
618 2015 762 2064 eorum.
787 1987 1002 2093 injunctum
1017 1985 1089 2063 fuit
1108 1986 1179 2063 sibi
1199 1986 1279 2064 sine
1292 1984 1514 2091 juramento
1535 1985 1638 2091 quod
1652 2014 1724 2063 non

309 2120 488 2197 revelaret
512 2135 652 2196 secreta
674 2116 922 2222 capitulorum
950 2145 1019 2195 nec
1041 2118 1202 2194 modurn
1228 2116 1478 2221 recepcionis‚
1507 2116 1627 2195 eciam
1657 2116 1724 2194 illis

308 2249 483 2325 fratribus
502 2249 568 2354 qui
594 2277 670 2324 non
695 2247 908 2338 adfuerant,
933 2247 1089 2327 credens
1104 2247 1209 2354 quod
1229 2248 1332 2325 idem
1347 2247 1618 2355 injungeretur
1631 2249 1723 2339 aliis,

308 2396 345 2455 et
363 2379 468 2484 quod
488 2379 647 2456 scientes
663 2406 807 2456 errores
830 2376 984 2456 fuerunt
1005 2376 1255 2485 negligentes,
1277 2377 1364 2482 quia
1387 2405 1469 2454 non
1489 2398 1725 2459 correxerunt

309 2539 372 2586 eos
390 2539 458 2585 nec
474 2509 794 2587 denunciaverunt
813 2509 988 2586 Ecclesie.
1009 2508 1244 2586 Elemosinas
1259 2526 1297 2585 et
1319 2509 1620 2614 hospitalitatem
1639 2511 1725 2591 vidit

307 2641 569 2718 convenienter
584 2640 665 2717 fieri
683 2658 721 2717 et
740 2641 874 2718 servari
889 2639 929 2716 in
945 2639 1123 2717 domibus
1140 2640 1285 2719 ordinis
1304 2640 1343 2719 in
1363 2639 1506 2746 quibus
1535 2640 1608 2719 luit
1629 2671 1725 2720 com·

308 2788 485 2847 moratus.
504 2772 726 2877 Preceptum
747 2769 818 2848 fuit
837 2770 872 2847 ei
889 2770 994 2876 quod
1011 2798 1079 2875 per
1095 2770 1253 2849 modurn
1274 2770 1420 2849 licitum
1440 2772 1648 2878 acquireret
1663 2801 1719 2849 or·

308 2900 405 2988 dini,
430 2917 467 2975 et
486 2901 605 2977 credit
623 2900 728 3006 quod
750 2900 851 2977 idem
875 2899 955 2977 aliis
974 2899 1241 3006 preciperetur.
1263 2899 1415 2978 Audivit
1442 2902 1518 2981 dici
1540 2903 1639 3009 quod
1658 2931 1717 2981 eo-

292 3057 391 3143 ¹rum
406 3030 579 3133 capitulia
593 3030 688 3107 clam
702 3031 828 3136 januis
843 3030 978 3110 clausis
989 3029 1226 3111 tenebantur.
1241 3032 1374 3109 Credit
1388 3034 1498 3139 quod
1514 3052 1619 3115 totus
1632 3021 1737 3113 ordo¹

307 3174 485 3233 servasset
500 3159 603 3262 <quod
624 3189 779 3264 magnus
794 3161 967 3268 Magister
982 3190 1068 3238 curn
1086 3179 1270 3239 conventu
1284 3161 1488 3240 statuisset.
1504 3167 1611 3244 Nunc
1622 3195 1723 3272 grau-

308 3289 367 3362 dia
387 3288 573 3376 scandala,
596 3290 757 3395 suspicio
778 3309 815 3366 et
833 3289 984 3367 infamia
1004 3308 1091 3369 sunt
1110 3310 1234 3370 exorta
1248 3311 1376 3370 contra
1395 3295 1584 3373 ordinem.
1600 3297 1723 3376 Credit

307 3420 408 3522 quod
427 3417 552 3494 illicita
571 3419 773 3496 consessata
793 3449 860 3525 per
875 3450 964 3497 eum
981 3440 1104 3500 essent
1121 3440 1208 3498 nota
1226 3421 1404 3502 fratribus
1420 3425 1577 3513 ordinis,
1596 3446 1720 3505 contra

306 3578 419 3653 quem
442 3550 584 3626 audivit
602 3551 674 3626 dici
701 3552 920 3659 Magistrum
942 3569 979 3629 et
999 3552 1091 3629 alios
1114 3553 1259 3658 aliquos
1280 3584 1437 3645 errores,
1459 3557 1576 3632 nescit
1601 3586 1713 3662 quos,

308 3678 418 3754 luisse
440 3679 649 3768 consess0s3
671 3681 716 3755 ad
737 3682 842 3787 cujus
863 3682 1006 3759 ordinis
1027 3682 1316 3773 deffensionem,
1340 3686 1440 3762 malo
1456 3686 1593 3764 ductus
1607 3689 1720 3764 cousi-

306 3807 375 3894 lio,
399 3838 436 3883 se
459 3809 662 3896 obtulerat3

363 3941 435 4014 Nec
454 3940 505 4015 sic
525 3969 649 4044 prece,
671 3959 866 4046 precept0,
890 3942 1041 4033 timore,
1065 3973 1207 4035 amore,
1230 3946 1335 4034 odio,
1357 3949 1417 4023 vel
1437 3951 1643 4054 temporali
1663 3980 1720 4026 co-

307 4069 418 4143 modo
436 4069 563 4144 habito
581 4070 639 4145 vel
654 4069 828 4147 babendo
846 4072 1086 4176 deposuerat,
1103 4075 1198 4151 sicut
1213 4076 1314 4152 dixit.
1335 4077 1407 4155 Cui
1425 4077 1500 4155 fuit
1515 4080 1720 4186 injunctum

197 4278 201 4285 ,
237 4215 249 4257 ··
305 4199 408 4300 quod
426 4228 501 4273 non
521 4200 700 4277 revelaret
714 4202 809 4278 hanc
824 4231 930 4278 suam
949 4203 1227 4310 deposicionern
1246 4236 1446 4314 quousque
1467 4206 1722 4319 attestaciones

304 4326 445 4402 luerint
462 4330 661 4433 publicata.

363 4591 485 4665 Frater
505 4593 661 4670 Auricus
682 4593 728 4669 de
748 4595 935 4672 Favarolis
952 4596 1130 4684 serviens,
1153 4598 1397 4702 Lingonensis
1422 4602 1603 4698 diocesis,
1623 4609 1721 4684 testis

304 4745 413 4820 supra
439 4719 606 4820 juratus,
638 4724 973 4831 quadragenarius,
1004 4756 1080 4803 non
1107 4728 1291 4806 defferens
1311 4733 1538 4810 mantellum
1564 4739 1717 4822 ordinis,

303 4847 390 4951 quia
411 4847 532 4951 ipsum
554 4856 891 4931 accommodaverat
912 4857 1062 4934 cuidam
1081 4858 1181 4935 fratri
1204 4889 1279 4937 non
1303 4861 1480 4953 habenti,
1505 4886 1544 4944 et
1572 4889 1715 4948 extunc
