4148 6052
327 531 395 607 roa
708 512 905 605 procas
929 529 1024 601 oss
1051 526 1354 600 renaturus.

320 694 480 760 ratores,
502 701 590 748 cum
603 700 681 749 non
699 672 863 749 habeant
880 669 1111 777 presenciam
1122 668 1182 745 vel
1194 695 1419 746 consensum
1431 666 1596 774 Magistri
1611 685 1652 745 et
1661 697 1749 747 con

321 821 471 892 ventus;
491 803 559 879 sed
583 803 630 878 ad
658 801 917 880 defensionem
938 799 1081 877 ordinis
1099 799 1347 904 personaliter
1365 827 1404 876 se
1428 797 1539 876 offert
1561 798 1744 905 quilibet,

323 932 533 1040 supplicans
542 931 647 1038 quod
656 933 696 1009 in
707 932 865 1010 concilio
877 930 1057 1037 generali,
1071 928 1130 1006 vel
1142 929 1373 1037 ubicumque
1383 930 1430 1007 de
1441 945 1539 1006 statu
1550 928 1747 1036 religionis

324 1063 557 1152 tractabitur,
585 1090 665 1141 esse
691 1064 849 1168 possint,
871 1062 960 1169 quia
981 1061 1048 1167 qui
1075 1087 1152 1137 non
1178 1076 1358 1166 poterunt
1385 1086 1466 1137 esse
1485 1086 1554 1164 per
1574 1086 1615 1136 se
1646 1061 1748 1166 ipsos

326 1223 412 1271 cum
430 1191 571 1268 fuerint
585 1192 624 1268 in
643 1191 755 1299 plena
777 1191 964 1279 libertate,
986 1190 1034 1266 ad
1053 1219 1168 1297 quam
1182 1205 1317 1296 petunt
1339 1216 1377 1265 se
1395 1188 1556 1276 restitui,
1575 1214 1748 1294 procura

325 1341 425 1401 tores
444 1323 673 1401 constituent
692 1325 740 1400 de
759 1322 936 1399 fratribus
955 1321 1013 1398 sui
1034 1321 1197 1410 ordinis,
1218 1321 1283 1427 qui
1301 1319 1456 1397 nomine
1471 1319 1642 1425 ipsorum
1659 1348 1748 1426 pro-

326 1470 533 1559 sequentur
554 1453 602 1529 ad
622 1450 880 1529 defensionem
898 1451 1109 1557 religionis3
1129 1449 1238 1527 aliter
1256 1477 1344 1527 non.
1366 1451 1414 1524 Et
1430 1448 1552 1554 placet
1566 1450 1621 1526 eis
1638 1452 1748 1557 quod

327 1584 397 1659 hac
420 1582 585 1687 presenti
615 1583 677 1659 die
701 1582 832 1688 prefati
851 1596 930 1660 rur*
947 1580 1079 1659 francs
1102 1584 1145 1659 R.
1172 1584 1219 1659 de
1239 1581 1400 1671 Pruino,
1421 1581 1461 1657 P.
1488 1580 1535 1657 de
1559 1581 1746 1675 bononia,

330 1713 375 1792 G.
403 1713 450 1790 de
470 1712 736 1791 Chambonnet
755 1732 794 1792 et
810 1714 1038 1791 Bernandus
1058 1712 1106 1790 de
1127 1711 1289 1816 Sartiges
1306 1727 1521 1818 proponant
1544 1739 1668 1789 coram
1690 1713 1749 1790 di-

329 1844 395 1919 ctis
420 1839 584 1920 dominis
603 1843 866 1920 commissoriis
885 1842 1074 1949 quidquid
1097 1841 1188 1918 boni
1217 1857 1397 1948 potenmt
1417 1841 1465 1918 ad
1491 1839 1748 1919 defensionem

330 1973 420 2050 dicti
439 1973 603 2060 ordinis,
625 1991 663 2050 et
682 1974 712 2050 si
734 1973 877 2079 aliquid
893 1991 1020 2050 contra
1033 1972 1234 2049 utilitatem
1249 1989 1288 2047 et
1305 1971 1490 2048 honorem
1504 1971 1591 2051 dicti
1603 1972 1751 2050 ordinis

329 2101 494 2178 lacerent
508 2103 568 2178 vel
583 2101 766 2194 dicerent,
788 2131 865 2180 non
879 2101 1063 2179 haberant
1078 2119 1218 2191 ratum,
1235 2127 1305 2178 nec
1319 2100 1459 2178 habere
1471 2101 1624 2180 vellent

386 2230 534 2307 Deinde
564 2232 784 2309 accessimus
812 2261 889 2308 una
912 2261 999 2309 cum
1022 2231 1200 2337 predictis
1229 2245 1307 2308 1111⁰¹
1332 2229 1508 2308 fratribus
1537 2230 1586 2309 ad
1612 2231 1748 2309 dictam

332 2359 491 2437 domum
509 2360 688 2438 lohanuis
711 2361 748 2438 le
768 2362 901 2448 Grant,
923 2361 971 2439 ad
989 2379 1134 2467 portam
1154 2361 1268 2438 sancti
1288 2360 1493 2447 Eustachii,
1514 2360 1582 2438 ubi
1607 2360 1750 2440 detine-

330 2489 468 2567 bantur
481 2517 573 2570 xxxv
589 2489 720 2569 fratres
738 2493 913 2597 predicti,
933 2520 1028 2599 quos
1040 2519 1180 2570 ¹omnes
1197 2489 1350 2567 insimul
1368 2509 1613 2597 congregatos
1624 2493 1750 2601 requi·

331 2621 484 2697 sivimus
503 2638 541 2697 et
560 2622 886 2727 interrogavimus,
908 2637 952 2696 ut
975 2621 1066 2697 alios
1085 2648 1197 2725 supra
1214 2619 1416 2697 inmediate
1436 2621 1698 2727 precedentes,
1715 2640 1753 2701 et

332 2752 386 2827 eis
407 2751 569 2828 diximus
584 2768 622 2826 et
638 2750 925 2856 significavimus
940 2778 984 2826 ea
998 2777 1072 2856 que
1086 2767 1124 2826 et
1139 2749 1220 2826 aliis
1240 2751 1443 2828 inmediate
1462 2750 1752 2857 precedentibus

334 2880 557 2955 dixeramus.
574 2881 669 2972 Qui,
686 2880 814 2958 habito
835 2881 933 2957 inter
952 2907 991 2956 se
1011 2896 1050 2955 et
1069 2909 1155 2956 cum
1176 2880 1284 2957 dictis
1294 2894 1373 2957 11110‘
1385 2879 1563 2960 fratribus
1577 2882 1749 2971 consilio,

335 3008 510 3083 dixerunt
529 3025 568 3084 et
585 3011 863 3113 responderunt
879 3009 920 3087 id
939 3011 1041 3087 idem
1061 3011 1166 3117 quod
1180 3010 1383 3088 inmediate
1402 3011 1663 3125 precedentes,
1678 3015 1751 3092 hoc

335 3136 462 3213 addito
487 3136 592 3241 quod
610 3137 732 3242 placet
751 3141 854 3245 quod
878 3142 947 3217 hac
966 3140 1028 3217 die
1049 3157 1087 3217 et
1110 3141 1199 3218 alias
1222 3143 1537 3248 quandocumque
1564 3143 1656 3223 dicti
1674 3158 1752 3223 1111‘

335 3263 465 3344 iratres
483 3286 695 3373 proponant
713 3297 838 3346 coram
858 3270 966 3348 dictis
986 3271 1151 3349 dominis
1172 3273 1433 3351 commissariis
1453 3274 1643 3380 quidquid
1662 3275 1750 3353 boni

335 3413 512 3502 poterunt
533 3398 580 3475 ad
596 3384 853 3478 de'lensionem
874 3401 962 3478 dicti
984 3402 1143 3494 ordinis,
1159 3419 1198 3478 et
1210 3401 1240 3478 si
1256 3401 1399 3509 aliquid
1409 3421 1537 3479 eontra
1553 3402 1751 3483 utilitatem

337 3543 374 3602 et
388 3528 573 3605 bonorem
594 3529 684 3607 dicti
706 3532 851 3611 ordinis
869 3531 1034 3612 facerent
1051 3533 1111 3612 vel
1126 3534 1309 3624 dicerent,
1326 3560 1403 3610 non
1414 3532 1600 3613 habereut
1612 3554 1749 3625 ratum,

336 3684 406 3733 nec
426 3657 564 3735 habere
589 3660 739 3738 vellent.

392 3786 540 3865 Deinde
567 3791 739 3869 venimus
764 3792 813 3870 ad
836 3793 994 3872 domum
1018 3794 1212 3874 Guillelmi
1244 3797 1292 3872 de
1317 3794 1462 3902 latingi
1490 3796 1530 3871 in
1558 3795 1753 3904 quadrivio

337 3916 536 4011 Guilbore,
559 3919 625 3996 ubi
646 3938 843 4001 erant1111⁰‘
861 3923 1013 4016 iratres,
1026 3926 1200 4003 videlicet
1211 3925 1342 4004 fratres
1356 3927 1481 4034 Drago
1496 3926 1544 4004 de
1560 3926 1750 4015 Cortalda,

336 4048 419 4125 Ber.
438 4048 485 4125 de
505 4051 797 4158 Montepessato,
813 4054 1042 4133 Guillelmus
1061 4056 1109 4133 de
1124 4058 1256 4146 Noers,
1276 4056 1477 4135 Arnaudns
1494 4054 1690 4136 Guillelmi
1707 4057 1754 4134 de

339 4179 435 4268 Lon,
454 4209 549 4286 quos
561 4185 824 4290 requisivimus
841 4204 879 4263 et
899 4187 1225 4294 interrogavimus,
1244 4204 1288 4264 ut
1306 4187 1398 4265 alios
1416 4187 1618 4265 inmediate
1631 4212 1757 4292 prece

340 4305 487 4396 dentes,
507 4327 546 4387 et
563 4313 618 4390 eis
643 4315 805 4394 diximus
824 4334 862 4394 et
878 4317 1168 4426 significavimus
1188 4345 1265 4423 que
1285 4335 1324 4394 et
1341 4318 1424 4395 aliis
1442 4317 1646 4396 inmediate
1671 4344 1756 4424 pre-

339 4439 560 4519 cedentibus
580 4443 803 4524 dixeramus.
819 4448 912 4541 Qui,
934 4448 1063 4527 habito
1083 4451 1182 4525 inter
1203 4475 1242 4525 se
1258 4466 1399 4526 etcum
1419 4448 1526 4526 dictis
1541 4461 1624 4563 ,¹¹¹¹oe
1637 4446 1756 4525 fratri·

338 4565 411 4645 bus
421 4570 596 4660 consilio,
611 4576 785 4654 dixerunt
804 4594 843 4655 et
854 4581 1133 4685 responderunt
1146 4578 1186 4656 id
1201 4579 1304 4656 idem
1317 4596 1356 4657 et
1370 4580 1506 4658 eodem
1522 4578 1638 4656 modo
1653 4577 1755 4686 quod

341 4693 401 4770 alii
423 4696 625 4777 inmediate
644 4709 899 4808 precedentes.

393 4825 483 4904 Post
492 4827 578 4922 hec,
594 4830 673 4938 ipsa
688 4837 750 4914 die
761 4839 900 4932 Martis,
917 4866 965 4920 vu
978 4842 1040 4919 die
1050 4844 1223 4920 videlicet
1236 4843 1377 4921 mensis
1385 4841 1535 4950 Aprilis,
1549 4839 1752 4919 redivimus
