4080 6052
521 533 569 604 aa
905 503 1100 596 paocns
1126 522 1220 594 nas
1246 522 1547 596 ennarrans.

522 667 808 777 ercepcionibus
825 682 863 742 et
881 664 1184 741 excusacionibus
1201 663 1278 739 suis
1295 690 1365 740 suo
1382 662 1465 741 loco
1488 681 1526 739 et
1541 680 1711 769 tempore
1730 692 1941 769 proponen-

524 802 596 889 dis,
621 800 716 876 etin
736 795 913 875 omnibus
933 793 1082 900 dejure
1103 821 1184 870 suo.

580 929 638 1005 Ad
662 956 735 1034 que
762 926 848 1003 dicti
871 924 1015 1000 domini
1038 921 1281 999 commissarii
1303 921 1580 1027 responderunt
1602 921 1706 1028 quod
1728 951 1806 1000 non
1826 923 1942 1000 habe-

523 1058 614 1134 bant
636 1073 857 1163 potestatem
881 1053 1065 1132 liberandi
1092 1052 1269 1129 eumdem
1290 1080 1312 1127 a
1330 1080 1492 1142 carcere,
1511 1050 1579 1128 sed
1604 1052 1729 1128 solum
1752 1051 1940 1129 habebant

522 1206 745 1294 potestatem
765 1165 980 1291 inquirendi
1000 1200 1129 1259 contra
1146 1199 1270 1259 totum
1291 1181 1463 1259 ordinem
1480 1181 1645 1287 Templi,
1666 1200 1704 1259 et
1720 1182 1939 1261 obtulerrmt

525 1321 558 1395 ei
589 1318 708 1425 quod,
735 1317 1080 1425 quocienscumque
1108 1312 1269 1390 voluerit
1296 1313 1422 1391 venire
1452 1340 1577 1390 coram
1607 1313 1677 1403 eis,
1702 1314 1773 1420 ipsi
1806 1315 1940 1392 sacient

526 1478 614 1525 eum
634 1448 769 1525 adduci
790 1445 837 1522 ad
855 1442 1087 1550 presenciam
1108 1442 1330 1520 eorumdem
1352 1460 1390 1519 et
1408 1442 1532 1547 ipsum
1551 1441 1714 1520 libenter
1731 1443 1889 1523 audient
1903 1462 1942 1523 et

517 1579 699 1683 benigne.

581 1709 671 1784 Post
693 1709 780 1793 hee,
801 1705 944 1782 ibidem
967 1703 1121 1781 veniens
1140 1701 1252 1779 frater
1270 1703 1492 1809 Radulphus
1510 1703 1558 1780 de
1577 1703 1753 1783 Gisiacho
1772 1722 1941 1811 receptor

529 1839 566 1912 in
593 1839 803 1943 Campanea
834 1863 960 1912 coram
987 1834 1095 1911 dictis
1121 1832 1285 1910 dominis
1313 1834 1577 1912 commissariis
1601 1852 1828 1940 protestatus
1851 1835 1939 1927 luit,

528 1968 631 2075 quod
651 1970 730 2073 ipse
755 1967 871 2044 nichil
890 1966 971 2042 vult
988 1994 1057 2043 nec
1081 1965 1242 2041 intendit
1261 1965 1384 2043 dicere
1405 1984 1534 2043 contra
1553 1966 1748 2044 dominum
1767 1984 1940 2044 nostrum

529 2125 722 2173 summum
746 2096 980 2203 pontificem,
1003 2093 1062 2171 rel
1090 2087 1298 2184 eeclesiam,
1333 2094 1392 2170 rel
1415 2097 1555 2201 Regem
1578 2097 1821 2184 Francorum,
1847 2095 1943 2174 libe-

529 2255 591 2305 ros
613 2256 679 2304 seu
702 2227 834 2304 fratres
857 2253 962 2315 suos,
986 2243 1113 2302 tamen
1139 2223 1233 2300 dixit
1249 2223 1368 2328 quod,
1385 2225 1416 2301 si
1432 2225 1590 2329 predicti
1607 2226 1750 2303 domini
1774 2229 1943 2306 commis

529 2357 614 2433 sarii
638 2356 776 2433 vellent
799 2357 924 2461 ipsum
947 2355 1145 2430 restituere
1169 2352 1325 2458 pristine
1354 2350 1534 2446 libertati,
1561 2371 1599 2432 et
1618 2382 1761 2461 ponere
1788 2357 1941 2434 omnino

531 2502 631 2562 extra
650 2510 804 2562 omnem
822 2484 1045 2589 prisionem,
1068 2499 1106 2560 et
1127 2482 1325 2559 restituere
1345 2481 1416 2559 sibi
1438 2484 1563 2559 omnia
1581 2483 1683 2561 bona
1700 2485 1849 2591 Templi
1870 2514 1942 2594 que

529 2614 682 2691 tenebat
704 2632 875 2719 tempore
900 2641 977 2719 qno
1001 2611 1073 2689 luit
1096 2628 1240 2716 captus,
1262 2613 1341 2716 ipse
1366 2612 1547 2691 offerebat
1570 2643 1610 2692 se
1629 2633 1800 2721 paratum
1819 2616 1943 2694 venire

532 2772 656 2819 coram
682 2743 752 2831 eis,
779 2740 1108 2847 quocienscunque
1136 2736 1357 2818 mandarent
1384 2742 1438 2831 ei3
1471 2760 1509 2818 et
1536 2743 1690 2850 insuper
1719 2763 1944 2852 protestatur

532 2871 637 2977 quod
654 2898 785 2946 omnes
802 2871 984 2961 raciones,
1005 2889 1042 2947 et
1059 2870 1301 2979 allegaciones
1318 2900 1360 2948 ac
1377 2874 1636 2953 excusaciones
1652 2877 1728 2954 sint
1742 2877 1814 2955 sibi
1832 2877 1943 2964 salve,

532 2999 616 3076 loco
638 3016 676 3075 et
693 3016 862 3105 tempore
883 3001 1115 3104 opportunis.

590 3130 680 3204 Acta
704 3128 858 3206 luerunt
883 3129 954 3206 hec
979 3130 1156 3236 predictis
1181 3131 1243 3208 die
1271 3148 1308 3208 et
1333 3131 1434 3220 loco,
1458 3133 1697 3237 presentibus
1720 3164 1782 3214 me
1805 3136 1946 3215 Floria·

533 3278 662 3337 monte
681 3261 879 3338 Dondedei
901 3279 938 3337 et
957 3259 1038 3337 aliis
1057 3261 1210 3339 notariis
1229 3291 1340 3366 supra
1359 3262 1529 3368 proximo
1549 3265 1760 3343 nominatis.

592 3520 783 3608 Posthac,
807 3521 867 3596 die
888 3521 993 3597 Lune
1014 3523 1202 3627 sequenti,
1224 3549 1297 3628 qne
1321 3521 1394 3599 luit
1416 3548 1504 3599 xxm
1525 3523 1604 3602 dies
1621 3525 1760 3601 mensis
1779 3525 1944 3601 Februa-

534 3648 598 3735 rii,
626 3667 881 3727 convenerunt
903 3651 942 3725 in
968 3651 1107 3755 capella
1133 3651 1230 3728 dicte
1255 3651 1339 3729 aule
1364 3652 1558 3729 adherenti
1581 3652 1669 3729 dicti
1693 3653 1838 3730 domini
1863 3658 1946 3732 Nar·

535 3779 714 3856 bonensis
747 3797 785 3856 et
815 3782 1101 3871 Lemovicensis,
1133 3783 1320 3869 Matheus,
1345 3782 1588 3860 Tridentinus
1610 3800 1648 3860 et
1675 3784 1946 3891 Magalonensis

535 3909 809 3999 archidiaconi;
846 3928 882 3985 et
911 3908 1065 3986 luerunt
1093 3912 1235 3987 ibidem
1269 3940 1394 3988 coram
1426 3913 1479 3990 eis
1512 3913 1664 3991 adducti
1695 3914 1828 3994 [ratres
1860 3918 1946 3996 sub-

535 4041 678 4144 scripti,
702 4040 766 4146 qui
791 4039 942 4115 adducti
961 4039 1074 4117 luisse
1099 4040 1319 4117 dicebantur
1338 4042 1385 4119 de
1405 4043 1590 4150 Moysiaco
1612 4047 1848 4124 Caturcensis
1873 4048 1946 4123 dio

536 4169 627 4244 cesis
641 4201 649 4243 :
665 4171 838 4248 videlicet
862 4170 993 4248 fratres
1017 4173 1126 4280 Hugo
1144 4173 1198 4282 ⁶de
1223 4172 1389 4251 Calvioni
1414 4173 1523 4250 miles
1546 4176 1808 4262 Ruthenensis,
1830 4177 1870 4251 P.
1898 4178 1945 4252 de

536 4296 696 4375 Telheto
724 4302 919 4409 presbyter
937 4304 1225 4393 Lemovicensis,
1247 4304 1286 4379 P.
1315 4303 1363 4380 de
1387 4304 1626 4383 Castanherio
1644 4304 1865 4410 Agonensis,
1888 4306 1947 4384 Ar·

535 4426 671 4506 naldus
694 4432 741 4507 de
764 4430 926 4509 Portcllo
946 4430 1147 4537 Aquensis,
1166 4433 1369 4510 Sichardus
1386 4432 1529 4511 Alberti
1551 4434 1597 4512 de
1616 4435 1795 4523 Tholosa,
1818 4453 1858 4513 et
1875 4436 1946 4514 Du-

536 4558 677 4634 randus
695 4559 742 4634 de
758 4561 913 4638 Viveriis
933 4564 1135 4638 Lectorane
1156 4562 1373 4640 diocesium.
1391 4565 1466 4656 Qui
1486 4564 1723 4671 singulariter
1744 4582 1782 4642 et
1805 4594 1946 4672 separa-

537 4683 605 4756 tim
622 4685 850 4794 interrogati,
866 4692 896 4766 si
909 4691 1083 4769 volebant
1097 4691 1239 4769 dictum
1254 4694 1427 4771 ordinem
1443 4694 1657 4786 defendere,
1671 4698 1945 4804 responderunt

540 4812 643 4919 quod
663 4815 724 4892 sic.
