4080 6052
479 532 674 627 rnocts
700 552 795 626 nus
822 550 1123 625 rnurnrnns.
1437 555 1508 626 ιιι

148 702 257 786 Item,
285 697 332 772 ad
353 721 450 774 xcvu
474 696 670 801 respondit
689 694 794 800 quod
814 693 853 769 in
874 693 1051 770 domibus
1069 694 1116 770 de
1137 693 1256 771 Salice
1280 709 1318 770 et
1342 693 1389 768 de
1415 695 1511 771 Mar·

92 831 166 917 rin,
189 830 226 904 in
247 827 387 934 quibus
405 825 528 904 suerat
547 841 816 915 commoratus,
842 824 936 901 vidit
962 824 1058 900 [ieri
1074 824 1338 901 convenienter
1357 820 1513 899 ellemo-

90 962 202 1050 sinas,
233 976 270 1035 et
298 957 590 1064 hospitalitatem
610 957 762 1046 servari,
787 973 826 1034 et
846 955 966 1033 credit
990 955 1095 1062 quod
1116 955 1218 1032 idem
1235 953 1346 1032 fieret
1372 954 1411 1028 in
1431 951 1512 1030 aliis

90 1087 267 1166 domibus
285 1089 440 1164 ordinis.

146 1220 258 1305 Item,
276 1247 390 1325 super
409 1219 594 1296 contentis
612 1220 651 1294 in
663 1243 791 1311 xcvru,
808 1245 885 1298 vurr
903 1236 941 1296 et
958 1246 978 1296 c
996 1216 1191 1325 respondit
1211 1244 1251 1293 se
1269 1213 1386 1290 nichil
1402 1213 1510 1302 scire,

93 1367 131 1425 et
149 1350 254 1454 quod
274 1378 350 1426 non
374 1349 551 1425 credebat
569 1350 672 1454 quod
696 1376 764 1455 per
788 1351 929 1454 nephas
947 1366 1101 1454 possent
1120 1347 1328 1453 acquirere,
1359 1361 1397 1420 et
1415 1343 1512 1420 bene

93 1478 233 1554 sciebat
254 1480 359 1584 quod
380 1479 453 1554 hoc
476 1477 608 1555 fuisset
626 1495 837 1584 peccatum,
859 1497 898 1554 et
923 1480 1039 1555 eciam
1057 1495 1210 1584 propter
1229 1478 1300 1554 hoc
1321 1455 1511 1580 degerere.
1588 1498 1596 1521 ι

148 1611 259 1696 Item,
280 1638 394 1715 super
414 1611 599 1687 contentis
620 1610 658 1686 in
677 1639 711 1689 cr
729 1628 800 1688 etv
817 1609 1064 1717 sequentibus
1080 1609 1277 1715 respondit
1294 1606 1399 1712 quod
1419 1605 1515 1681 clam

90 1740 314 1817 tenebantur
335 1741 516 1846 capitula,
541 1759 578 1818 et
599 1743 672 1821 hoc
691 1741 784 1819 vidit
803 1758 1002 1847 antequam
1021 1758 1119 1817 esset
1137 1738 1251 1816 frater
1268 1737 1446 1824 Parisius3
1467 1733 1514 1810 de

92 1869 258 1947 excubiis
277 1871 395 1947 nichil
412 1873 542 1947 sciens.

149 2002 259 2087 Item,
287 2017 461 2076 contenta
489 2001 529 2076 in
556 2027 628 2078 cvu
648 2017 687 2078 et
708 2027 762 2079 ιιιι
785 1999 1032 2107 sequentibus
1061 1997 1256 2106 respondit
1275 2015 1318 2073 ut
1337 2023 1449 2103 supra
1475 2021 1514 2070 se

96 2156 171 2205 non
192 2130 344 2205 credere
365 2157 445 2206 esse
464 2159 561 2206 vera.

150 2261 261 2346 Item,
284 2278 457 2337 contenta
476 2261 516 2337 in
541 2287 612 2338 oxu
636 2278 673 2337 et
692 2287 755 2336 ιιιιι
772 2261 967 2367 respondit
981 2289 1020 2336 se
1041 2261 1193 2337 credere
1213 2287 1299 2334 vera
1319 2284 1411 2333 esse.

106 2436 109 2440 ·
152 2392 263 2481 Item,
290 2390 337 2465 ad
360 2416 459 2467 cxrur
489 2407 527 2465 et
552 2416 591 2466 ιιι
616 2407 816 2495 sequentes
844 2389 1039 2495 respondit
1061 2388 1165 2494 quod
1186 2387 1417 2493 negligentes
1437 2383 1519 2460 fue-

96 2535 195 2610 rant,
217 2522 285 2597 sed
304 2520 422 2596 nescit
441 2520 592 2626 quando
611 2547 758 2597 errores
776 2518 1010 2624 inceperunt.

153 2652 263 2737 Item,
284 2650 332 2724 ad
354 2677 462 2728 cxvur
485 2666 522 2726 et
541 2675 642 2727 xvrru
665 2647 860 2754 respondit
878 2648 985 2755 quod
999 2648 1110 2724 multi
1127 2648 1313 2724 exiverant
1327 2644 1518 2735 ordinem,

98 2780 214 2857 nescit
231 2795 357 2854 tamen
382 2779 488 2886 quod
513 2794 669 2885 propter
693 2777 883 2868 feditates,
900 2795 949 2854 et
972 2779 1093 2856 credit
1115 2779 1221 2886 quod
1240 2777 1411 2856 scandala
1430 2776 1518 2853 inde

99 2925 222 2986 essent
241 2926 377 2985 exorta.

154 3039 264 3126 Item,
287 3039 335 3114 ad
354 3063 437 3123 cxx,
458 3062 534 3124 ιιιιι,
556 3065 582 3115 ιι
602 3053 641 3114 et
658 3064 698 3114 ιιι
722 3036 917 3143 respondit
936 3065 975 3114 se
995 3037 1147 3114 credere
1172 3038 1277 3144 quod
1299 3038 1436 3116 modus
1459 3066 1520 3114 re-

101 3167 286 3271 cepcionis
306 3167 533 3244 consessatus
551 3196 620 3273 pep
638 3196 727 3246 eum
748 3186 845 3246 esset
862 3185 975 3246 notus
991 3168 1169 3247 fratribus
1186 3168 1345 3260 ordinis,
1365 3169 1521 3247 sednon

101 3298 294 3374 extraneis.

156 3429 266 3516 Item,
298 3445 469 3504 contenta
505 3428 544 3504 in
573 3455 714 3517 cxxrur,
739 3458 776 3521 v,
802 3458 838 3511 vt
864 3447 902 3508 et
921 3431 1058 3508 ultimo
1086 3431 1282 3536 respondit
1304 3456 1343 3506 se
1368 3429 1519 3504 credere

100 3583 184 3632 vera
209 3585 305 3649 esse,
330 3576 514 3664 quantum
538 3558 588 3635 ad
613 3587 759 3637 errores
788 3559 1012 3637 confessatos
1037 3589 1106 3666 per
1131 3588 1231 3638 eum.
1258 3561 1367 3648 Item,
1394 3557 1521 3662 requi-

101 3687 194 3762 situs
216 3688 247 3762 si
271 3688 324 3764 sic
349 3689 575 3792 deposuerat
599 3716 729 3793 prece,
753 3707 947 3796 precepto,
975 3718 1118 3777 amore,
1145 3692 1298 3779 timore,
1326 3687 1431 3777 odio,
1458 3713 1520 3763 co-

102 3816 218 3890 modo
242 3814 443 3919 temporali
460 3816 589 3893 habito
610 3817 669 3893 vel
686 3817 880 3909 habendo,
902 3819 1097 3924 respondit
1115 3820 1220 3925 quod
1241 3846 1334 3908 non,
1359 3815 1426 3893 sed
1448 3844 1519 3921 pro

103 3943 254 4019 veritate
276 3944 450 4032 dicenda,
477 3962 514 4020 et
537 3944 609 4020 luit
633 3947 667 4021 ei
690 3975 759 4052 per
783 3947 901 4024 dictos
926 3949 1099 4025 dominos
1124 3947 1396 4026 commissarios
1421 3945 1520 4023 inhi-

103 4072 243 4163 bitum,
263 4073 301 4148 in
321 4073 458 4149 virtute
473 4073 679 4188 juramenti
703 4078 849 4182 prestiti
872 4106 942 4183 per
966 4105 1071 4167 eum,
1098 4079 1202 4185 quod
1229 4106 1305 4156 non
1327 4075 1522 4154 revellaret

104 4203 200 4278 banc
218 4231 325 4280 suam
345 4202 640 4312 deposicionem,
665 4233 863 4314 quousque
887 4208 1144 4287 attestaciones
1163 4207 1303 4285 suerint
1321 4205 1525 4311 publicam.-

160 4461 313 4537 Eisdem
342 4461 402 4537 die
428 4477 467 4537 et
489 4461 573 4537 loco
601 4459 755 4539 luerunt
784 4464 936 4542 adducti
964 4466 1011 4543 ad
1038 4466 1270 4572 presenciam
1300 4468 1522 4548 eorumdem

106 4591 349 4668 dominorum
370 4591 727 4685 commissariorum,
748 4594 797 4671 ad
815 4593 1015 4674 serendum
1031 4597 1290 4675 testimonium
1310 4598 1350 4673 in
1370 4597 1524 4704 negocio

106 4721 190 4809 isto,
210 4718 340 4796 fratres
353 4722 542 4798 Iohannes
563 4722 609 4798 de
627 4721 771 4801 Branlis
788 4726 973 4830 presbiter
984 4728 1222 4816 senonensis,
1239 4727 1527 4805 Bar-tholomeus

107 4850 154 4927 de
182 4847 326 4932 Glevon
349 4850 608 4938 Nivemensis,
627 4853 857 4962 Reginaldus
877 4857 923 4934 de
948 4858 984 4935 la
1010 4859 1168 4964 Lopiera
1187 4859 1437 4965 Nivemensis,
1457 4858 1527 4962 Sy-

193 4987 298 5052 rsocis
317 5010 369 5053 nrs
390 5010 562 5055 τιιιιιιιιιι.
573 5025 616 5039 -
627 5012 647 5052 ι.
1314 5001 1355 5065 ts
