4080 6052
483 626 488 637 „
527 549 602 619 aaa
919 525 1113 619 raucus
1138 543 1233 616 uus
1258 543 1557 616 sensurus.

527 684 805 790 archiepiscopo
829 686 1052 774 Turonensi,
1078 682 1231 792 mando
1255 682 1476 761 examinavit
1500 711 1606 767 eum,
1627 706 1697 756 nec
1721 679 1848 758 credit
1868 710 1955 759 vera

530 846 609 897 esse
629 845 704 923 que
724 815 763 893 in
785 815 893 893 dictis
912 816 1077 894 articulis
1096 815 1347 894 continentur.

587 950 701 1035 Item,
717 963 921 1054 requisitus
930 975 1044 1054 super
1055 971 1156 1025 uva
1138 972 1228 1025 -ιιιι
1243 944 1423 1033 articulis,
1438 944 1486 1023 de
1498 942 1637 1052 ydolis
1654 959 1738 1031 etc,
1746 874 1956 1050 respondit

532 1107 571 1156 se
588 1076 765 1155 nichil
717 1106 827 1167 scire,
848 1106 919 1154 nec
937 1077 1120 1155 audivisse
1138 1075 1228 1166 dici,
1249 1075 1322 1155 nisi
1336 1105 1357 1153 a
1372 1076 1472 1153 dicto
1485 1074 1781 1181 archiepiscopo,
1799 1075 1956 1183 quando

534 1207 749 1315 inquirebat
770 1237 856 1285 cum
881 1236 945 1300 eo,
968 1237 1038 1287 nec
1062 1207 1183 1286 credit
1206 1207 1312 1314 quod
1338 1223 1463 1287 essent
1488 1206 1588 1285 dicta
1604 1204 1717 1313 ydola
1738 1206 1779 1283 iu
1801 1204 1952 1295 ordine,

534 1339 622 1445 quia
642 1339 791 1417 estimat
809 1338 959 1445 quodsi
980 1355 1119 1429 essent,
1135 1338 1215 1445 ipse
1233 1337 1398 1417 scivisset
1414 1337 1472 1414 vel
1489 1337 1692 1415 audivisset
1708 1334 1836 1442 aliqua
1851 1336 1954 1414 inde.

589 1471 697 1557 Item,
708 1486 912 1576 requisitus
922 1497 1036 1575 super
1045 1493 1143 1548 ιιιιι
1129 1496 1201 1547 ιιι
1210 1469 1386 1557 articulis,
1397 1469 1446 1547 de
1457 1468 1622 1547 cordarhs
1624 1466 1957 1574 ,responditquod

536 1601 574 1675 in
590 1599 810 1705 recepcionc
830 1628 897 1678 sua
913 1598 986 1677 luit
1002 1599 1073 1677 sibi
1089 1616 1310 1706 preceptum
1327 1599 1376 1677 ab
1394 1599 1542 1706 illoqui
1560 1599 1704 1704 recepit
1722 1576 1831 1686 euin,
1850 1598 1956 1704 quod

535 1727 693 1807 haberet
714 1757 830 1807 unam
862 1729 1056 1807 cordulam
1080 1757 1167 1807 cum
1193 1758 1269 1836 qua
1292 1730 1457 1837 cingeret
1486 1757 1527 1807 se
1552 1756 1668 1834 super
1695 1728 1892 1817 mmiaam,
1917 1746 1956 1805 et

536 1875 704 1964 portaret
723 1888 806 1937 eam
825 1859 872 1937 de
899 1861 960 1936 die
982 1877 1021 1937 et
1047 1860 1095 1938 de
1122 1877 1231 1939 nocte
1258 1861 1296 1937 in
1322 1861 1473 1968 signum
1498 1859 1695 1951 castitatis,
1683 1858 1788 1937 ·alia
1803 1858 1895 1937 dixit
1913 1888 1955 1936 se

534 1988 690 2067 nescire.
1480 2023 1483 2027 “

594 2122 708 2212 Item,
723 2147 839 2225 super
852 2147 940 2209 ιιιι,
957 2147 996 2201 ιιι
1014 2138 1057 2199 et
1072 2147 1112 2205 ιιι
1122 2120 1303 2212 articulis,
1316 2120 1511 2228 respondit
1523 2148 1563 2197 se
1578 2119 1849 2226 crederequod
1859 2147 1958 2198 com-

537 2249 704 2327 muniter
717 2248 850 2327 fratres
867 2250 1102 2356 recipiuntur
1121 2252 1161 2328 in
1180 2251 1313 2330 ordine
1332 2268 1448 2359 prout
1469 2249 1646 2355 deposuit
1668 2248 1845 2329 soluisse
1858 2279 1958 2331 rece-

538 2398 664 2486 ptum,
687 2399 726 2459 et
751 2409 829 2459 non
854 2381 979 2471 aliter,
996 2382 1069 2461 alia
1090 2383 1186 2461 dixit
1204 2412 1244 2463 se
1264 2385 1409 2462 nescire
1433 2383 1481 2460 de
1501 2381 1687 2459 contentis
1704 2381 1746 2459 in
1763 2381 1856 2489 ipsis
1874 2385 1958 2462 arti·

535 2513 638 2590 culis.

594 2646 708 2731 Item,
728 2648 934 2752 requisitus
958 2675 1073 2753 super
1092 2672 1175 2736 axv,
1198 2672 1235 2725 vr
1252 2664 1292 2724 ot
1315 2672 1366 2724 vu
1385 2645 1566 2734 articulis,
1587 2644 1786 2752 respondit
1802 2673 1844 2723 se
1862 2674 1958 2723 nun·

538 2799 653 2876 quam
681 2773 833 2865 vidisse,
865 2775 923 2852 vel
957 2776 1162 2865 audivisse,
1193 2776 1300 2882 quod
1334 2774 1469 2882 aliquis
1499 2752 1616 2852 luerit
1653 2750 1873 2854 interiectus
1897 2777 1955 2854 vel

540 2901 789 2980 incarceratus
818 2907 908 3011 quia
935 2906 1061 2985 noluit
1087 2907 1217 2985 fecisse
1243 2907 1413 3014 predicta
1439 2905 1642 2984 consessata
1664 2935 1736 3013 per
1758 2934 1864 2998 eum,
1889 2936 1957 2986 uec

538 3031 644 3136 quod
665 3031 801 3139 aliquis
821 3038 1045 3114 recusaverit
1063 3037 1194 3114 lacere.
1214 3040 1417 3145 Postquam
1429 3055 1561 3115 tamen
1576 3038 1733 3116 larenmt
1750 3041 1862 3146 capti,
1888 3068 1955 3117 au·

538 3159 630 3236 divit
650 3161 723 3237 dici
743 3164 896 3269 quodsi
916 3165 1052 3270 aliquis
1070 3186 1291 3260 recusasset,
1315 3169 1413 3245 male
1433 3169 1627 3246 accidisset
1645 3168 1693 3246 ei.

593 3293 704 3380 Item,
721 3294 925 3399 requisitus
938 3324 1054 3401 super
1068 3324 1257 3387 uxvru,1x,
1272 3326 1357 3389 axx,
1375 3326 1387 3376 1
1405 3317 1444 3377 et
1461 3328 1488 3377 ιι
1505 3299 1685 3391 articulis,
1704 3301 1900 3405 respondit
1915 3274 1953 3378 se

537 3423 681 3500 nescire
699 3424 771 3500 nisi
788 3425 896 3530 quod
909 3454 1024 3531 supra
1039 3427 1215 3534 deposuit
1233 3417 1283 3506 de
1300 3459 1340 3507 se
1358 3430 1456 3535 ipso,
1479 3431 1599 3508 credit
1619 3449 1743 3507 tamen
1767 3430 1872 3534 quod
1885 3430 1951 3535 ju-

534 3570 660 3629 rarent
680 3582 756 3630 non
777 3553 938 3631 revelare
959 3557 1143 3661 predicta,
1164 3587 1233 3635 nec
1255 3560 1445 3637 audebant
1463 3561 1567 3667 loqui
1589 3562 1684 3637 inter
1700 3585 1739 3636 se
1761 3558 1808 3634 de
1831 3560 1949 3638 modo

534 3684 764 3790 recepcionis
778 3713 929 3777 eorum,
951 3688 1044 3763 etsi
1062 3686 1223 3766 luissent
1240 3689 1356 3768 locuti
1382 3709 1420 3768 et
1439 3693 1656 3798 superiores
1675 3717 1806 3769 eorum
1825 3692 1949 3769 scivis-

536 3832 636 3900 sent,
660 3815 780 3892 credit
796 3816 902 3922 quod
921 3816 1210 3896 incarcerassent
1227 3849 1308 3907 eos,
1326 3840 1365 3898 et
1381 3823 1503 3899 credit
1524 3823 1642 3899 eciam
1661 3821 1768 3929 quod
1786 3838 1885 3900 esset
1903 3825 1948 3902 de

533 3946 681 4049 punctis
699 3947 960 4053 ordinisquod
977 3948 1107 4026 nullus
1122 3950 1278 4029 deberet
1289 3952 1453 4030 revelare
1470 3954 1649 4058 predicta.

591 4077 704 4166 Item,
726 4078 931 4185 requisitus
950 4107 1064 4184 super
1083 4107 1192 4158 mur
1211 4084 1385 4172 articulo,
1399 4052 1596 4191 respondit
1612 4114 1654 4162 se
1675 4084 1861 4163 audivisse
1879 4085 1945 4163 dici

532 4204 732 4286 adominis
747 4208 954 4287 Guillelmo
970 4212 1135 4289 Britonis
1155 4232 1193 4290 et
1209 4215 1310 4291 Luca
1331 4217 1378 4293 de
1398 4218 1573 4323 Caynone
1593 4215 1823 4323 presbyteris
1843 4217 1946 4295 dona·

528 4335 577 4411 tis
596 4337 761 4443 Templi,
779 4343 1098 4421 commorantibus
1117 4344 1157 4420 in
1170 4345 1269 4422 dicta
1286 4346 1402 4425 domo
1416 4347 1465 4424 de
1485 4347 1607 4424 insula
1625 4346 1830 4439 Bochardi‚
1844 4345 1945 4455 qnod

527 4491 602 4541 non
634 4467 823 4547 debebant
851 4473 1021 4550 confiteri
1050 4474 1122 4552 nisi
1147 4475 1325 4555 fratribus
1347 4478 1406 4555 vel
1433 4479 1580 4556 donatis
1606 4477 1835 4585 preshyteris
1858 4477 1942 4554 dicti

398 4626 407 4639 ·
526 4595 678 4672 ordinis.
695 4598 811 4676 Aliud
829 4602 922 4679 dixit
940 4633 980 4681 se
996 4605 1152 4684 nescire.

579 4724 691 4812 Item,
710 4729 914 4831 requisitus
933 4763 1047 4840 super
1061 4764 1181 4829 mlv,
1198 4765 1221 4816 v
1237 4758 1321 4818 ctu
1331 4741 1510 4830 artiutlis,
1524 4741 1720 4847 respondit
1732 4768 1773 4818 se
1788 4739 1935 4818 credere

523 4870 695 4931 contenta
715 4885 753 4933 ιιι
773 4886 827 4934 ers
840 4887 924 4936 vera
939 4891 1031 4942 esse.
