4080 6052
521 551 590 620 rra
901 526 1097 619 Procas
1117 543 1218 616 oss
1245 544 1545 618 TEMPLIERS.

516 705 620 794 capta
638 704 676 763 et
692 669 842 763 detenta
855 715 924 792 per
939 716 1069 793 regem
1084 687 1314 762 Francorum
1328 685 1461 762 minus
1474 686 1575 793 justa
1585 712 1717 774 -causa,
1740 685 1788 761 ad
1807 689 1934 793 requi·

517 819 696 895 sicionem
710 816 818 893 beate
833 817 1011 923 gloriosse
1025 815 1188 922 Virginis
1205 814 1334 892 matris
1349 832 1416 893 tue
1435 833 1473 892 et
1487 817 1660 893 societate
1678 816 1825 908 celeste,
1845 846 1931 894 cum

518 947 648 1025 fratres
663 963 701 1024 et
713 946 814 1023 bona
827 947 966 1025 liberes
981 963 1019 1023 et
1031 974 1237 1033 conserves,
1255 962 1299 1022 tu
1316 947 1382 1051 qui
1401 975 1441 1023 es
1456 947 1600 1038 veritas,
1616 947 1792 1033 Domine,
1808 964 1845 1024 et
1861 949 1932 1024 scis

519 1107 588 1155 nos
608 1106 687 1155 esse
708 1077 959 1163 innoscentes‚
979 1074 1090 1153 facias
1109 1075 1277 1164 liberari,
1299 1092 1344 1152 ut
1362 1076 1447 1152 vota
1470 1069 1596 1182 nostra
1616 1093 1653 1153 et
1676 1064 1851 1153 mandata
1869 1095 1934 1155 tua

519 1208 558 1284 in
577 1206 788 1285 humilitate
808 1213 1019 1296 teneamus,
1041 1223 1079 1284 et
1101 1205 1215 1283 tuu'm'
1237 1201 1405 1284 sanctum
1430 1207 1627 1283 servicium
1647 1224 1685 1283 et
1702 1207 1932 1285 voluntatem

518 1357 621 1415 tuam
644 1337 834 1415 faciemus.
855 1339 997 1418 Verbas
1021 1337 1167 1443 iniquas
1191 1365 1268 1414 non
1291 1365 1395 1415 veras
1420 1355 1547 1415 contra
1566 1365 1634 1414 nos
1659 1338 1848 1443 oppositas
1867 1367 1936 1444 per

519 1497 645 1576 graves
664 1469 922 1575 oppressiones
943 1485 982 1546 et
1000 1468 1118 1566 malas
1133 1464 1399 1546 tribulaciones
1420 1468 1612 1572 (miserere
1633 1468 1933 1573 deprecaciones)

519 1629 611 1706 quas
629 1600 726 1705 passi
746 1599 904 1687 luimus,
926 1616 965 1676 et
982 1600 1051 1703 pro
1071 1615 1206 1703 pavore
1231 1592 1522 1705 condempnacio
1543 1600 1725 1704 corporis,
1746 1615 1785 1675 et
1809 1584 1934 1676 omnia

520 1746 684 1834 exparte
701 1729 844 1807 domini
862 1731 959 1835 Pape
976 1728 1086 1806 nobis
1106 1728 1219 1814 dicta,
1243 1756 1324 1806 esse
1342 1730 1556 1807 incarcerati
1577 1729 1845 1835 perpetualiter
1865 1756 1933 1836 pro

520 1859 711 1937 debilitate
731 1861 850 1937 carnis
869 1858 1027 1936 ulterius
1046 1858 1122 1964 pati
1139 1887 1217 1935 non
1235 1860 1422 1964 possimus
1442 1851 1641 1938 mendaces
1661 1860 1842 1943 dictasde
1868 1845 1933 1938 ore

519 2018 606 2066 cum
623 2018 758 2096 magno
777 1990 907 2066 dolore
925 2007 1052 2065 contra
1070 1990 1315 2066 conscienciae
1333 2018 1409 2066 non
1427 1991 1609 2082 obstante,
1630 2008 1668 2068 et
1681 1973 1840 2096 provide·
1850 2018 1932 2080 nos,

518 2119 698 2207 Domine,
717 2136 755 2195 et
776 2147 929 2196 omnem
950 2119 1135 2225 populum
1154 2136 1265 2196 tuum
1284 2109 1539 2198 Christianum
1557 2138 1595 2198 et
1612 2121 1783 2198 docuisse
1802 2103 1934 2197 volun-

518 2265 633 2325 tatem
661 2265 763 2325 tuam
792 2248 929 2338 lacere,
956 2266 995 2325 et
1022 2249 1238 2353 Philippum
1261 2277 1390 2354 regem
1416 2266 1604 2338 nostrum,
1631 2268 1807 2355 nepotem
1835 2249 1933 2327 beati

519 2358 716 2466 Ludovici,
737 2394 906 2455 sanctum
931 2376 1181 2454 confessorem
1200 2394 1328 2466 tuum,
1350 2380 1410 2455 cui
1436 2380 1543 2457 dedis
1563 2407 1632 2485 pro
1657 2409 1724 2457 sua
1744 2380 1844 2457 bona
1863 2383 1934 2458 vita

519 2526 556 2585 et
572 2508 704 2585 merita
722 2507 760 2583 in
777 2536 893 2614 regno
911 2537 980 2585 suo
998 2526 1167 2614 tempore
1185 2536 1316 2613 pacem
1334 2526 1372 2586 et
1388 2511 1446 2586 sui
1463 2511 1576 2586 vitam
1596 2510 1828 2586 consimilem
1847 2539 1933 2588 con-

518 2655 739 2744 sequantur,
762 2656 800 2714 et
819 2667 950 2715 omnes
969 2667 1092 2744 reges,
1111 2637 1312 2744 principes,
1338 2638 1512 2727 barones,
1541 2637 1695 2726 milites,
1725 2638 1864 2728 dones;
1898 2660 1936 2718 et

519 2769 729 2873 omnesqui
748 2784 836 2844 sunt
852 2769 978 2846 statuti
993 2796 1062 2873 pro
1076 2767 1195 2845 facere
1212 2787 1250 2847 et
1263 2796 1406 2847 servare
1418 2767 1622 2876 justiciam,
1639 2764 1753 2871 prout
1766 2785 1808 2844 tu
1825 2770 1880 2845 vis
1896 2789 1935 2847 et

517 2897 697 3001 precepis,
713 2898 831 3002 ipsam
846 2899 1069 3004 appendant,
1089 2897 1233 2988 faciant,
1251 2900 1397 3005 paciant
1412 2915 1450 2975 et
1466 2902 1684 2975 conservent
1701 2916 1738 2974 et
1753 2899 1851 2976 inter
1869 2929 1934 2978 eos

519 3042 557 3100 et
573 3026 611 3100 in
630 3025 732 3100 omni
750 3026 892 3131 populo
909 3027 1122 3104 Christiano
1139 3057 1269 3133 pacem
1288 3047 1326 3107 et
1342 3029 1561 3116 claritatem,
1581 3044 1619 3104 et
1633 3027 1839 3133 predictam
1860 3047 1933 3107 ter-

518 3184 598 3231 ram
622 3171 785 3232 sanctam
810 3185 897 3232 cum
921 3157 1031 3234 nobis
1055 3160 1263 3264 acquirere,
1288 3177 1326 3236 et
1348 3177 1459 3237 tuum
1483 3175 1653 3237 sanctum
1678 3159 1873 3235 servicium
1896 3179 1933 3237 et

519 3313 649 3390 operas
672 3302 756 3362 tuas
779 3303 920 3363 sanctas
945 3285 1080 3376 facere,
1108 3305 1146 3365 et
1169 3317 1300 3365 omnes
1323 3308 1511 3394 parentes,
1540 3307 1578 3366 et
1599 3287 1869 3379 benefactores,
1897 3308 1934 3367 et

518 3415 818 3521 predecessores,
836 3434 874 3492 et
890 3416 1021 3493 fratres
1039 3435 1185 3495 nostros
1202 3419 1301 3494 vivos
1317 3448 1358 3494 ac
1371 3419 1567 3496 defunctos
1581 3419 1694 3494 vitam
1710 3436 1747 3494 et
1762 3419 1930 3524 requiem

518 3546 793 3650 sempiternam.
811 3547 884 3639 Qui
902 3547 990 3623 vivis
1008 3563 1046 3623 et
1062 3576 1193 3654 regnas
1210 3550 1314 3626 Deus
1331 3576 1400 3652 per
1420 3548 1544 3624 omnia
1562 3549 1687 3625 secula
1707 3548 1927 3626 seculorum.

518 3674 649 3752 Amen.

574 3808 654 3883 Non
674 3836 758 3884 sum
779 3807 915 3913 dignus
934 3809 1142 3914 requirere,
1164 3807 1231 3885 sed
1251 3806 1544 3884 misericordiam
1565 3827 1603 3886 et
1620 3811 1833 3888 humanitas
1850 3828 1928 3898 tua,

519 3953 556 4012 et
584 3935 692 4014 beata
718 3938 877 4045 gloriosa
910 3955 1028 4015 mater
1056 3955 1136 4027 tua,
1175 3954 1322 4014 avocata
1356 3955 1496 4027 nostra,
1529 3957 1567 4016 et
1592 3941 1766 4018 societate
1798 3942 1932 4018 celeste

517 4095 585 4171 pro
605 4070 715 4148 nobis
738 4071 931 4177 requirant
955 4086 992 4146 et
1011 4070 1223 4176 impetrent.
1245 4069 1377 4146 Amen.
1399 4070 1552 4149 Paratus
1576 4074 1615 4148 in
1641 4070 1816 4147 omnihus
1841 4071 1932 4148 ohe-

519 4194 615 4284 dire,
637 4226 705 4275 nec
723 4199 778 4276 fui
798 4201 837 4276 in
858 4201 1084 4278 contrarium
1104 4228 1267 4278 sensum.
1291 4200 1423 4276 Sancta
1440 4203 1571 4289 Maria,
1598 4215 1715 4273 mater
1734 4198 1820 4285 Dei,
1842 4199 1931 4303 piis-

517 4323 625 4412 sima,
646 4327 839 4432 gloriosse,
862 4347 984 4406 sancta
1003 4332 1074 4408 Dei
1095 4332 1269 4436 genitrix,
1291 4331 1458 4440 preciosa
1481 4331 1582 4434 virgo
1602 4353 1766 4430 semper,
1796 4330 1928 4418 Maria,

517 4458 726 4535 errancium
747 4461 862 4547 salus,
891 4461 986 4535 inte
1006 4463 1240 4564 sperancium
1266 4460 1501 4545 consolatrix,
1524 4455 1739 4546 desolatrix,
1763 4455 1929 4536 defensa-

514 4587 586 4660 trix
602 4606 837 4691 peccatorum
854 4590 999 4667 virtutis
1016 4593 1320 4680 restaurancium,
1340 4587 1503 4677 consule,
1524 4584 1683 4662 defende
1702 4616 1771 4665 nos
1791 4606 1829 4666 et
1844 4589 1928 4665 reli-

515 4712 666 4818 gionem
684 4732 809 4804 tuam,
831 4745 899 4820 per
918 4748 1032 4823 quem
1051 4718 1230 4796 dilectum
1250 4738 1417 4797 sanctum
1441 4715 1691 4793 confessorem
1711 4735 1819 4795 tuum
1840 4718 1927 4795 bea-

513 4861 594 4921 tum
619 4844 852 4921 Bernardum
876 4845 948 4921 suit
970 4848 1078 4932 sacta,
1106 4864 1144 4923 et
1170 4877 1255 4924 cum
1280 4848 1372 4926 alios
1395 4845 1533 4953 probos
1557 4848 1654 4923 viros
1679 4847 1727 4923 de
1752 4849 1926 4925 mandato
