4080 6052
339 549 412 620 520
579 600 582 619 ‚
725 526 1369 620 raoctsnasrsnrmsns,

336 704 422 763 rant
436 686 605 764 confessi.
630 688 844 794 Requisitus
861 689 892 764 si
912 682 1102 770 obtulerat
1117 714 1156 761 se
1174 685 1399 763 deffensioni
1419 683 1584 773 ordinis,
1608 710 1762 788 respon-

218 842 226 861 ·
339 817 396 893 dit
414 817 520 923 quod
538 817 608 909 sic,
630 835 785 924 propter
804 818 946 893 malum
965 814 1165 893 consilium
1185 815 1290 921 quod
1308 831 1400 892 tunc
1415 813 1594 891 habebat.
1677 857 1679 861 >

393 948 608 1054 Requisitus
622 949 652 1024 si
669 949 721 1025 sic
735 949 960 1055 deposuerat
970 974 1096 1052 prece,
1112 963 1304 1052 precepto,
1320 947 1474 1032 timore,
1488 972 1634 1034 amore,
1650 942 1753 1030 odio,

338 1077 395 1154 vel
410 1077 573 1154 comodo
592 1078 792 1183 temporali
813 1076 943 1155 habito
960 1075 1017 1153 vel
1034 1075 1225 1163 babendo,
1242 1076 1438 1181 respondit
1452 1076 1563 1183 quod
1579 1102 1671 1161 non,
1685 1074 1753 1150 sed

338 1236 406 1312 pro
431 1209 585 1286 veritate
608 1209 778 1287 dicenda.
800 1209 872 1287 Cui
893 1207 964 1284 fuit
988 1207 1202 1314 injunctum
1227 1207 1331 1312 quod
1353 1236 1430 1285 non
1453 1205 1641 1285 revelaret
1660 1205 1753 1281 benc

337 1365 444 1414 suam
469 1338 745 1444 deposicionem
764 1365 962 1444 quousque
978 1331 1237 1414 attestaciones
1256 1336 1628 1444 suerintpuhlieate.

393 1599 546 1676 Eisdem
574 1601 635 1676 die
658 1618 695 1676 et
720 1598 804 1676 loco
825 1598 897 1675 fuit
916 1598 1100 1675 adductus
1120 1598 1169 1674 ad
1188 1601 1419 1704 presenciam
1440 1599 1666 1676 eorumdem
1686 1596 1752 1675 do-

339 1730 530 1805 minorum
558 1729 899 1806 commissariorum
927 1727 1038 1804 frater
1065 1727 1254 1805 lohannes
1288 1730 1336 1806 de
1365 1727 1554 1829 Cormele·
1575 1727 1747 1811 serviens,

338 1859 617 1937 suessionensis
638 1859 812 1947 diocesis,
841 1874 1038 1965 preceptor
1063 1858 1111 1934 de
1135 1859 1319 1965 Moysiaoo
1346 1858 1556 1937 Meldensis
1582 1857 1748 1948 diocesis,

250 2054 256 2063 ,
337 1992 440 2067 testis
459 2020 573 2094 supra
583 1993 750 2097 juratus,
767 2007 810 2066 ut
829 1989 1036 2094 deponeret
1051 1988 1194 2066 dictum
1210 2017 1340 2075 suum,
1359 2016 1437 2066 non
1457 1986 1649 2065 defferens
1664 2015 1754 2064 man·

336 2120 471 2195 tellum
492 2120 652 2207 ordinis,
675 2120 763 2226 quia
784 2118 975 2196 dimiserat
989 2120 1114 2225 ipsum
1133 2148 1208 2196 una
1228 2148 1315 2195 cum
1333 2119 1430 2207 aliis,
1452 2118 1494 2194 in
1513 2117 1677 2196 coneilio
1693 2118 1753 2196 Se

338 2252 512 2338 nonensi,
535 2250 779 2356 postmodum
806 2249 887 2326 radi
912 2248 1050 2329 lecerat
1072 2250 1144 2327 sibi
1173 2250 1349 2340 barbam,
1374 2247 1484 2328 etatis
1512 2249 1753 2356 quadraginta

336 2382 449 2459 unius
464 2410 650 2459 annorum
670 2381 728 2458 vel
748 2383 859 2472 circa,
879 2411 967 2460 cum
988 2409 1064 2487 quo
1083 2380 1162 2466 suit,
1176 2379 1418 2487 inquisitum,
1436 2378 1636 2458 absolutus
1655 2395 1694 2461 et
1707 2406 1755 2457 re

336 2513 553 2590 conciliatus
575 2512 728 2590 Carnoti
749 2541 817 2617 per
837 2512 1035 2589 dominum
1057 2512 1274 2618 episcopum
1287 2512 1561 2589 Carnutensem
1576 2511 1643 2616 qui
1658 2538 1755 2588 nunc

336 2661 401 2721 est.
415 2645 536 2722 Lectis
556 2661 682 2720 autem
701 2661 739 2720 et
756 2643 957 2749 diligenter
977 2643 1151 2749 expositis
1168 2642 1240 2720 sibi
1260 2641 1440 2720 omnibus
1464 2657 1504 2719 et
1523 2640 1684 2748 singulis
1699 2669 1755 2717 ar·

215 2767 216 2770 ¹
334 2775 474 2863 ticulis‚
491 2775 685 2880 respondit
697 2775 745 2850 ad
756 2802 831 2862 eos,
848 2791 886 2851 et
898 2774 1021 2878 primo
1034 2773 1082 2849 ad
1093 2773 1235 2880 primos
1247 2772 1468 2861 tresdecim,
1481 2772 1749 2876 protestacione

335 2931 402 3007 per
421 2906 544 3009 ipsum
565 2924 602 2982 et
629 2905 721 2983 alios
744 2904 839 2982 sacta
857 2905 1008 3010 quando
1023 2904 1244 3010 juraverunt
1264 2903 1440 3010 repetita,
1458 2901 1544 3008 quia
1559 2901 1750 2978 nesciebat

336 3060 405 3108 nec
424 3035 602 3111 credebat
622 3054 795 3115 contenta
819 3037 858 3112 in
881 3035 991 3112 dictis
1010 3062 1073 3112 mn
1093 3034 1259 3112 articulis
1280 3063 1359 3112 esse
1379 3061 1480 3124 vera,
1503 3031 1591 3137 quia
1608 3031 1753 3108 viderat

335 3164 375 3237 in
391 3162 490 3238 dicto
506 3164 638 3240 ordine
654 3167 767 3270 recipi
782 3166 945 3270 aliquos,
963 3166 1003 3240 in
1019 3192 1183 3271 quorum
1199 3164 1484 3270 recepcionibus
1501 3162 1622 3240 nichil
1634 3160 1753 3240 fuerat

334 3291 470 3368 factum
489 3293 548 3369 vel
567 3295 708 3370 dictum
728 3294 903 3371 illicitum
921 3292 979 3370 vel
994 3295 1239 3378 inhonestum
1259 3295 1364 3402 quod
1379 3295 1458 3399 ipse
1476 3293 1585 3370 testis
1609 3293 1752 3370 sciverit

334 3423 391 3496 vel
412 3424 594 3500 audiverit
614 3424 702 3508 diei,
722 3425 894 3500 videlicet
916 3424 1069 3500 lratrem
1085 3425 1268 3502 Milonem
1285 3425 1332 3501 de
1355 3442 1482 3501 sancto
1503 3424 1631 3500 Fiacro
1649 3451 1748 3528 pres-

333 3552 522 3659 byterum,
545 3556 592 3629 de
610 3556 714 3661 cujus
735 3555 806 3629 vita
821 3555 877 3629 vel
895 3571 1015 3631 morte
1037 3583 1113 3631 non
1130 3554 1242 3631 habet
1258 3553 1542 3640 certitudinem,
1560 3552 1597 3626 in
1608 3549 1744 3655 capella

334 3684 468 3760 domus
489 3685 639 3788 Templi
659 3685 705 3761 de
726 3686 912 3790 Moysiaco
933 3687 1160 3789 supradicte,
1181 3714 1247 3791 per
1269 3684 1420 3761 fratrem
1439 3682 1681 3788 Radulpbum
1700 3681 1745 3758 de

333 3813 478 3890 Gisiaco
507 3833 765 3919 preceptorem
796 3816 1023 3921 Campanie,
1057 3833 1193 3892 testem
1221 3844 1331 3919 supra
1361 3813 1637 3902 exaurinatum,
1667 3827 1748 3888 sunt

333 3961 416 4019 octo
441 3946 528 4019 anni
553 3945 609 4019 vel
631 3946 740 4029 circa,
765 3947 1003 4048 presentibus
1028 3946 1206 4022 fratribus
1228 3945 1382 4022 Alberto
1404 3944 1451 4020 de
1477 3916 1624 4050 lleyaiis
1650 3969 1745 4048 pres·

331 4073 478 4179 bytero,
508 4092 544 4149 et
564 4074 738 4152 Gnidone
760 4076 805 4150 de
827 4077 1020 4164 Oratorio‚
1043 4076 1258 4162 deffunctis,
1287 4092 1324 4151 et
1350 4076 1502 4151 fratrem
1530 4073 1681 4151 Addam
1699 4071 1740 4148 de

331 4204 484 4279 Pontivo
515 4223 662 4293 namur,
696 4207 803 4310 cujus
833 4233 1040 4312 cognomen
1069 4208 1229 4314 ignorat,
1263 4204 1513 4291 deffunctum,
1548 4232 1666 4309 quem
1694 4229 1746 4278 re-

331 4335 444 4436 cepit,
471 4353 559 4409 sunt
587 4363 633 4411 vu
657 4336 743 4409 anni
769 4335 899 4439 elapsi,
926 4338 965 4411 in
989 4337 1130 4442 capella
1153 4337 1289 4413 domus
1309 4334 1459 4440 Templi
1488 4334 1536 4410 de
1564 4333 1741 4412 Sablone-

331 4463 393 4538 riis
420 4465 697 4542 Suessionensis
723 4466 895 4554 diocesis,
922 4467 1034 4545 frater
1061 4468 1249 4544 lohannes
1277 4468 1325 4542 de
1353 4468 1517 4573 Sernayo
1550 4481 1742 4570 preceptor

329 4591 476 4667 ballivie
501 4595 546 4667 de
574 4597 770 4700 Moysiaco,
794 4596 1024 4688 deffunctus;
1049 4598 1286 4703 presentibus
1303 4596 1480 4673 fratribus
1499 4594 1680 4674 Gnidone
1700 4594 1741 4671 de

331 4720 515 4810 Oratorio,
544 4725 752 4815 deffunctO,
774 4746 810 4801 et
835 4728 916 4804 aliis
937 4730 983 4804 de
1007 4728 1145 4838 quibus
1159 4757 1236 4804 non
1259 4727 1488 4803 recordatur.
1509 4726 1617 4805 Vidit
1632 4726 1741 4803 eciam

330 4853 441 4953 recipi
471 4880 536 4953 per
559 4853 710 4930 l'ratrem
730 4859 926 4963 Hugonem
952 4860 998 4933 de
1020 4860 1235 4947 Penrando‚
1262 4877 1350 4934 sunt
1368 4886 1429 4934 sex
1449 4858 1537 4934 anni
1560 4857 1619 4934 vel
1635 4857 1735 4942 circa,
