4080 6052
333 534 407 610 sot
702 513 914 608 'rnocns
940 532 1035 603 nus
1062 528 1363 602 rnurmrns.

387 680 499 767 Item,
526 678 575 753 ad
599 700 787 756 xxxin-vlu·
807 670 1003 783 respondit
1030 700 1068 748 se
1096 672 1351 778 non'credere
1379 669 1484 776 quod
1512 667 1634 777 aliqui
1661 670 1754 782 layci

330 822 485 914 possent
509 802 700 885 absolvere
721 837 743 883 a
761 807 936 915 peccatis,
951 818 1241 908 verumptamen
1265 801 1360 877 dixit
1382 827 1422 877 se
1442 797 1632 879 audivisse
1654 806 1755 909 apud

330 940 530 1018 Divionem
549 939 588 1015 in
609 939 724 1017 domo
741 937 891 1044 Templi
911 953 970 1013 ter
987 932 1046 1010 vel
1065 948 1199 1040 quater
1217 960 1239 1008 a
1258 931 1487 1039 quibusdam
1511 959 1556 1009 ex
1576 931 1753 1013 fratribus

330 1070 420 1146 dicti
443 1070 604 1158 ordinis,
629 1067 677 1146 de
703 1096 870 1176 quorum
892 1063 1112 1143 nominihus
1137 1061 1230 1139 dixit
1255 1091 1293 1139 se
1318 1089 1396 1139 non
1420 1062 1628 1155 recordari,
1650 1067 1752 1172 qnod

331 1231 489 1309 magnus
508 1200 686 1307 Magister
706 1227 839 1277 eorum
860 1195 1217 1305 poterntabsolvere
1238 1224 1259 1271 a
1277 1195 1449 1302 peccatis.

385 1334 497 1421 Item,
515 1332 562 1408 ad
576 1357 791 1417 xxx-xxxin,
809 1331 856 1407 de
873 1326 1029 1417 osculis,
1046 1325 1243 1433 respondit
1257 1354 1296 1404 se
1312 1326 1429 1402 nichil
1446 1326 1540 1404 scire
1556 1327 1631 1405 nisi
1649 1330 1750 1436 qnod

330 1490 442 1568 supra
462 1462 649 1566 deposuit.
1687 1466 1694 1473 '

386 1592 497 1681 Item,
515 1590 563 1666 ad
585 1616 750 1670 mmm-v
766 1591 968 1698 respondit
981 1618 1021 1667 se
1040 1589 1195 1667 credere
1214 1616 1299 1665 vcra
1315 1617 1395 1666 esse
1412 1606 1589 1666 contenta
1605 1589 1644 1665 in
1660 1590 1750 1695 ipsis

330 1720 507 1809 articulis,
524 1721 614 1828 quia
625 1722 704 1829 ipse
715 1723 905 1830 juraverat
916 1721 1107 1799 non-exire
1125 1720 1269 1797 dictum
1285 1720 1475 1807 ordinem,
1489 1737 1529 1797 et
1542 1717 1660 1797 fixerat
1673 1718 1747 1796 sibi

331 1851 475 1929 dictum
494 1852 534 1927 in
553 1852 773 1959 reoepcione
794 1881 861 1930 sua
881 1851 986 1959 quod
1005 1878 1075 1957 pro
1095 1849 1262 1957 professo
1281 1848 1504 1926 habebatur.

386 1984 496 2073 Item,
519 1984 567 2058 ad
586 2009 859 2063 xxxvi-xxxvrur
884 1980 1080 2087 respondit
1103 2010 1142 2058 se
1169 1981 1324 2057 credere
1345 1997 1520 2059 contenta
1534 1980 1574 2057 in
1596 1980 1651 2058 eis
1666 2006 1750 2057 vera

331 2138 427 2198 esse,
449 2111 591 2189 scilicet
615 2112 719 2219 quod
739 2111 969 2191 clandestine
989 2111 1127 2188 fierent
1149 2112 1405 2217 reoepciones,
1426 2112 1516 2218 quia
1539 2110 1593 2187 ita
1612 2109 1749 2188 lactum

199 2234 206 2248 ⁸
329 2238 453 2317 suerat
474 2241 627 2348 quando
656 2242 735 2348 ipse
764 2241 837 2319 fuit
861 2258 1057 2347 receptus,
1079 2241 1246 2318 credens
1279 2240 1382 2347 quod
1413 2269 1457 2318 ex
1485 2241 1560 2319 hoc
1589 2241 1747 2348 suspicio

330 2388 459 2448 contra
479 2373 623 2449 dictum
642 2374 816 2451 ordinem
835 2372 1053 2450 haberetur.

383 2502 495 2588 Item,
512 2503 560 2597 ed
579 2529 723 2591 xxx-xxv,
740 2503 787 2580 de
801 2503 957 2579 crimine
978 2501 1218 2593 sodomitico,
1235 2501 1431 2608 respondit
1447 2530 1488 2579 se
1505 2501 1625 2587 nichil
1640 2503 1745 2588 scire,

329 2647 366 2706 et
384 2632 490 2738 quod
509 2660 587 2710 non
608 2633 786 2710 credebat
803 2650 977 2710 contenta
997 2633 1037 2708 in
1057 2632 1149 2738 ipsis
1168 2632 1333 2709 articulis
1352 2660 1433 2710 esse
1450 2661 1550 2711 vera.

385 2762 494 2849 Item,
518 2763 567 2841 ad
585 2788 774 2853 xxti-xvxi,
796 2763 844 2840 de
868 2762 1007 2869 ydolis,
1031 2761 1125 2838 dixit
1144 2791 1184 2838 se
1205 2762 1323 2839 nichil
1349 2762 1443 2840 scire
1470 2792 1540 2842 nec
1557 2780 1641 2841 ante
1664 2792 1746 2868 oap-

329 2887 477 2965 cionem
501 2918 635 2968 eorum
660 2892 861 2985 audivisse,
887 2909 927 2969 et
950 2893 1055 2998 quod
1079 2919 1157 2969 non
1182 2891 1359 2971 credebat
1382 2909 1557 2973 contenta
1585 2893 1623 2970 in
1655 2894 1744 3000 ipsis

329 3019 494 3094 articulis
514 3049 593 3098 esse
613 3050 711 3099 vere.

384 3148 494 3236 Item,
524 3152 571 3228 ad
601 3178 776 3230 cvm-xxx
805 3156 1000 3259 respondit
1030 3158 1135 3262 quod
1164 3157 1202 3232 in
1231 3157 1450 3262 reoepcione
1480 3186 1550 3235 sua
1579 3157 1653 3234 fuit
1679 3157 1746 3235 sibi

328 3296 547 3384 preceptum
557 3283 786 3389 quodsuper
800 3285 989 3360 camisiam
1006 3313 1113 3362 suam
1131 3286 1297 3392 cingeret
1313 3313 1429 3363 unam
1445 3315 1578 3364 zonam
1597 3288 1647 3365 de
1665 3288 1744 3373 lilo,

328 3424 366 3481 et
387 3436 469 3484 eam
495 3412 655 3516 portavit
677 3441 746 3517 per
771 3441 929 3500 annum,
952 3431 995 3490 ut
1020 3416 1128 3506 dixit,
1151 3417 1307 3492 credens
1332 3415 1434 3523 quod
1457 3414 1561 3491 idem
1580 3414 1746 3493 Iacerent

328 3536 405 3625 alii,
429 3556 473 3613 ut
492 3540 600 3628 dixit3
622 3569 818 3649 nunquam
836 3560 979 3634 tamen,
1001 3562 1046 3621 ut
1071 3544 1179 3633 dixit,
1202 3544 1249 3620 de
1273 3545 1467 3651 ydolorum
1493 3543 1612 3648 capita
1633 3544 1744 3623 dictis

327 3667 492 3744 cordulis
512 3671 724 3777 cingeretur
742 3671 843 3779 [sic],
866 3702 935 3750 nec
955 3675 1024 3750 scit
1042 3675 1185 3781 aliquid
1206 3674 1309 3751 aliud
1330 3675 1377 3751 de
1395 3672 1583 3780 predictis.

268 3807 281 3829 ⁸
383 3800 494 3887 Item,
515 3803 564 3878 ad
583 3829 739 3892 xxxx-uu,
762 3803 809 3880 de
831 3804 946 3882 modo
967 3806 1212 3911 receptionis,
1233 3804 1430 3912 respondit
1447 3833 1486 3882 se
1507 3806 1652 3884 nescire
1674 3809 1743 3885 nisi

326 3930 432 4034 quod
452 3958 565 4038 supra
585 3932 772 4039 deposuit.

380 4062 492 4153 Item,
512 4063 561 4141 ad
579 4074 715 4144 xxvssvn
739 4066 934 4172 respondit
948 4094 987 4143 se
1006 4068 1150 4144 nescire
1161 4069 1190 4145 si
1208 4067 1367 4145 luissent
1384 4067 1571 4147 interfecti
1590 4069 1651 4147 vel
1673 4098 1744 4147 cer·

325 4191 399 4264 ceri
420 4194 617 4300 mancipati
638 4196 810 4274 nolentes
830 4197 997 4303 predicta
1015 4198 1152 4289 Iacere,
1175 4227 1244 4276 nec
1263 4199 1421 4288 audivit,
1443 4215 1488 4275 ut
1509 4199 1621 4289 dixit,
1643 4199 1742 4311 quod
1806 4294 1811 4325 ⁴

325 4317 459 4425 aliquis
478 4343 631 4431 propter
650 4328 831 4432 premissa
850 4326 965 4406 luerit
984 4347 1113 4436 eaptus
1132 4329 1190 4406 vel
1210 4329 1440 4409 interfectus.

380 4452 491 4541 Item,
518 4456 566 4531 ad
594 4484 825 4537 xxviii-xxxxi
853 4461 1049 4566 respondit
1075 4490 1114 4538 se
1138 4461 1284 4568 jurasse
1314 4463 1420 4566 quod
1449 4462 1741 4543 nonrevcllaret

325 4598 466 4657 secreta
484 4584 628 4664 ordinis
648 4605 687 4665 et
705 4588 957 4694 capitulorum
975 4620 1046 4669 nec
1073 4590 1231 4668 modum
1251 4594 1482 4699 receptionis
1501 4622 1587 4682 sue,
1610 4611 1650 4671 et
1668 4620 1739 4670 cre·

326 4704 383 4781 dit
406 4711 511 4814 quod
536 4715 640 4792 idem
661 4718 826 4797 facerent
851 4721 929 4813 alii,
953 4723 1081 4801 dicens
1103 4752 1142 4800 se
1163 4723 1346 4802 audivisse
1371 4726 1477 4831 quod
1499 4726 1531 4802 si
1552 4725 1665 4832 aliqui
1684 4750 1738 4797 re-

326 4837 539 4932 vellassent,
561 4842 721 4924 fuissent
740 4836 964 4930 incarcerati.
