4080 6052
450 552 648 646 rnocts
671 571 765 644 nns
790 565 1092 642 rnurmnas.
1406 565 1475 639 521

63 710 101 786 in
123 712 263 818 capella
284 713 381 789 dicte
399 714 535 790 domus
557 713 705 817 Templi
727 712 775 787 de
796 710 1040 800 Sabloneriis,
1063 709 1215 785 fratrem
1241 709 1479 784 Motonetum

65 842 111 918 de
130 843 309 931 Pruvino,
330 845 396 948 qui
419 844 714 949 aposthataverat
736 871 756 918 a
779 841 1053 931 dicto·ordine,
1071 857 1156 916 ante
1181 866 1313 914 eorum
1335 837 1480 942 capcio-

62 997 166 1062 nem,
191 973 428 1078 presentibus
449 972 626 1050 fratribus
650 972 850 1079 Radulpho
874 973 920 1048 de
945 970 1025 1048 Gisi
1050 989 1088 1047 et
1116 970 1292 1048 Gnidone
1321 968 1368 1043 de
1394 966 1481 1044 Ora-

62 1102 158 1179 torio
180 1102 376 1208 predictis;
403 1102 530 1208 plures
553 1129 631 1179 non
654 1103 746 1179 vidit
771 1101 906 1207 recipi,
937 1129 1007 1178 nec
1034 1098 1206 1176 interfuit
1229 1096 1311 1174 aliis
1337 1097 1480 1202 magnis

63 1230 240 1336 capitulis·
248 1258 391 1310 eorum.
407 1233 627 1336 Ipseautem
641 1233 745 1310 testis
760 1249 933 1338 receptus
947 1230 1069 1307 fuerat
1082 1258 1149 1337 per
1168 1229 1311 1304 dictum
1327 1226 1478 1303 fratrem
1546 1302 1549 1307 .

63 1353 305 1466 Radirlphum
327 1362 374 1438 de
395 1361 490 1449 Gisi,
516 1365 555 1438 in
578 1362 718 1469 capella
742 1363 878 1438 domus
902 1361 1052 1466 Templi
1081 1360 1127 1435 de
1148 1358 1336 1436 Cherruto
1362 1357 1482 1433 Seno-

64 1490 191 1567 nensis
210 1491 384 1581 diocesis,
407 1492 469 1567 die
489 1493 618 1569 Martis
633 1509 718 1597 post
739 1491 876 1568 festum
897 1490 996 1566 beati
1017 1487 1184 1566 Barnabe
1204 1486 1375 1592 proximo
1396 1513 1482 1591 pre-

62 1619 215 1697 teritum
247 1620 401 1698 fuerunt
424 1648 474 1699 x11
503 1623 591 1698 anni
615 1622 674 1698 vel
695 1622 806 1711 circa,
829 1619 1070 1726 presentibus
1094 1616 1271 1694 iratribus
1290 1616 1480 1692 Ponsardo

64 1751 112 1826 de
136 1749 233 1841 Gisi,
256 1751 468 1842 deffuncto,
489 1752 660 1859 Remigio
687 1769 775 1827 nato
796 1751 844 1826 de
864 1750 1046 1837 Plasiaco,
1069 1749 1177 1855 cujus
1197 1774 1408 1855 cognomen
1429 1747 1483 1851 ig-

65 1897 190 1967 norat,
216 1894 256 1957 et
282 1881 448 1987 quodam
475 1882 690 1987 Flamingo,
720 1881 827 1985 cujus
855 1906 996 1954 nomen
1021 1896 1059 1953 et
1083 1903 1293 1984 cognomen
1319 1877 1479 1982 ignorat,
1521 1938 1526 1951 .

66 2009 282 2100 deffunctis,
300 2011 340 2085 in
357 2012 458 2087 hunc
476 2011 653 2086 modum:
672 2037 759 2085 nam
779 2038 865 2086 cum
881 2008 1053 2114 peciisset
1069 2024 1127 2083 ter
1141 2033 1277 2110 panem
1298 2020 1335 2079 et
1346 2032 1479 2112 aquam

68 2141 226 2231 ordinis,
251 2158 289 2217 et
316 2142 478 2219 finaliter
502 2143 758 2232 concessisset,
778 2140 866 2218 fecit
891 2169 978 2217 eum
1001 2166 1133 2216 vovere
1159 2156 1196 2214 et
1212 2138 1341 2246 jurare
1372 2164 1483 2240 supra

68 2270 270 2376 quemdam
283 2270 424 2348 librum
439 2289 629 2377 apertum,
646 2271 685 2348 in
705 2300 783 2379 quo
798 2289 878 2348 erat
891 2298 1025 2376 ymago
1043 2268 1237 2358 Crucifixi,
1260 2268 1481 2349 castitatem,

69 2400 347 2490 obedienciam,
368 2403 489 2479 vivere
512 2405 593 2479 sine
617 2403 790 2508 proprio,
811 2418 849 2477 et
871 2427 1014 2477 servare
1039 2414 1181 2476 secreta
1203 2397 1357 2473 ordinis.
1379 2398 1490 2472 Post-

70 2531 226 2609 modum
249 2533 429 2638 imposuit
447 2533 519 2610 sibi
543 2532 784 2624 mantellum,
812 2532 952 2637 etipse
979 2548 1018 2606 et
1041 2529 1171 2606 fratres
1196 2542 1356 2604 astantes
1376 2553 1484 2602 oscu-

70 2661 132 2737 lati
152 2660 306 2738 fuerunt
326 2689 414 2738 eum
435 2665 474 2738 in
499 2689 577 2739 ore.
602 2663 850 2739 Postmodum
873 2660 1043 2768 precepit
1063 2659 1096 2737 ei
1114 2659 1217 2766 quod
1237 2674 1398 2734 servaret
1417 2654 1486 2730 bo-

70 2819 139 2870 nos
154 2821 245 2870 usus
259 2810 299 2869 et
314 2793 433 2870 bonas
449 2795 742 2871 consuetudines
767 2793 926 2879 ordinis,
949 2809 987 2869 et
1003 2792 1107 2898 quod
1120 2793 1261 2899 jaceret
1276 2816 1362 2864 cum
1376 2785 1488 2862 cami-

70 2923 137 3010 sia,
154 2908 192 3000 et
204 2925 365 3031 qualiter
381 2926 523 3002 diceret
540 2927 651 3003 Pater
668 2942 782 3003 noster
795 2953 864 3030 pro
881 2922 984 3000 horis
1004 2922 1096 3010 suis,
1112 2937 1150 2998 et
1164 2919 1326 3028 qualiter
1340 2932 1487 3024 gereret

71 3080 110 3129 se
132 3053 172 3127 in
192 3053 337 3130 ordine.
356 3055 570 3160 Requisitus
592 3056 622 3131 si
645 3056 685 3130 in
702 3055 800 3131 dicta
823 3055 1043 3160 recepcione
1067 3082 1133 3132 sua
1155 3057 1404 3131 intervenerat
1423 3045 1488 3121 ali-

72 3182 166 3286 quid
181 3183 421 3262 inhonestum
434 3183 492 3259 vel
508 3184 699 3272 illicitum,
713 3201 752 3263 et
765 3186 975 3292 specialiter
987 3186 1034 3263 de
1047 3188 1231 3264 contentis
1244 3189 1283 3265 in
1298 3190 1408 3269 dictis
1426 3226 1489 3275 xm

73 3312 253 3402 articulis,
272 3314 397 3391 noluit
419 3316 664 3421 respondere,
690 3318 756 3393 sed
780 3315 894 3421 peciit
911 3316 1015 3423 quod
1037 3318 1125 3395 dicti
1146 3319 1291 3396 domini
1312 3324 1487 3398 commis-

72 3443 156 3520 sarii
178 3445 376 3551 separatim
400 3447 647 3551 loquerentur
667 3476 753 3524 cum
774 3476 819 3524 eo
838 3449 886 3524 ad
907 3466 1068 3554 partem,
1085 3450 1191 3555 quod
1205 3452 1409 3528 concedere
1427 3482 1486 3529 no·

73 3571 243 3664 luerunt;
259 3591 297 3651 et
312 3604 398 3652 cum
408 3576 553 3653 videret
563 3576 629 3682 [ur]
645 3577 811 3654 multum
821 3579 957 3654 timere
967 3594 1121 3683 propter
1134 3597 1322 3657 tormenta
1337 3611 1412 3688 que
1428 3582 1485 3657 di-

73 3703 179 3779 cebat
193 3733 232 3780 se
248 3705 428 3783 hactenus
446 3735 664 3812 perpessum
677 3705 793 3785 ltrisse
808 3708 984 3796 Parisius,
1002 3727 1086 3815 post
1101 3738 1233 3788 eornm
1250 3712 1481 3819 cuprionem,

73 3834 112 3907 in
128 3831 266 3937 quibus
278 3834 434 3938 quidem
448 3837 648 3914 tormentis
661 3836 808 3914 dicebat
822 3866 861 3915 se
877 3857 1038 3944 quatuor
1054 3841 1185 3919 dentes
1199 3845 1426 3947 perdidisse,
1448 3862 1485 3920 et

75 3963 216 4040 diceret
233 3963 337 4070 quod
354 3963 450 4041 forte
466 3992 543 4042 non
558 3966 825 4044 recordabatur
839 3968 950 4075 plene
971 3971 1018 4047 de
1036 3961 1196 4077 hiisque
1212 3971 1349 4051 lecerat
1368 3976 1407 4051 in
1423 4004 1487 4052 sua

74 4094 312 4199 recepcione,
328 4111 382 4185 et·
394 4110 542 4198 peteret
555 4097 761 4174 terminum
779 4098 828 4174 ad
842 4098 992 4205 plenius
1012 4099 1319 4192 deliberandum,
1342 4133 1488 4181 conces

75 4240 204 4300 serunt
225 4225 276 4311 ei,
299 4225 546 4331 precipientes
571 4227 605 4303 ei
630 4229 735 4334 quod
758 4228 820 4306 die
845 4230 1002 4307 crastina
1027 4232 1169 4310 rediret
1189 4234 1237 4310 ad
1258 4262 1323 4311 eos
1342 4238 1389 4313 ad
1412 4265 1491 4342 per-

75 4352 275 4431 ficiendam
305 4356 584 4462 deposicionem
609 4358 833 4463 predictam,
858 4378 896 4438 et
925 4381 1173 4470 preceperunt
1200 4365 1253 4457 ei,
1284 4365 1322 4440 in
1353 4366 1491 4444 virtute

69 4483 274 4590 juramenti
298 4485 444 4590 prestiti
464 4513 533 4591 per
552 4487 735 4576 eundem,
757 4489 862 4595 quud
886 4519 964 4569 non
984 4492 1166 4570 revelaret
1185 4495 1280 4572 hanc
1297 4524 1403 4573 suam
1425 4499 1488 4574 de·

75 4611 324 4716 posicionem,
346 4631 385 4691 et
402 4616 506 4722 quod
532 4645 609 4694 non
628 4635 774 4723 peteret
797 4620 845 4697 ab
864 4621 992 4727 aliquo
1018 4623 1216 4701 consilium
1236 4626 1399 4732 qualiter
1423 4629 1490 4706 de-

76 4760 234 4847 poneret
250 4760 287 4819 et
308 4743 468 4850 qualiter
494 4748 740 4854 responderet
759 4750 804 4827 ad
827 4751 965 4828 dictam
993 4753 1327 4864 interrogacionem
1357 4757 1490 4836 factam

161 4877 331 4943 sanusne
342 4900 597 4945 retrusus-r.
1327 4893 1367 4957 66
