4080 6052
432 612 440 628 ,
466 523 663 618 raeces
689 541 784 612 urs
809 540 1111 613 ratramnus.
1394 472 1494 614 ἰιι

82 687 235 764 liariter
248 682 556 761 ellemosinamin
570 680 793 771 ebdomada,
805 695 844 757 et
856 678 1089 785 hospitalitas
1103 678 1365 756 convenienter
1381 706 1502 756 serva·

81 818 191 894 batur
203 815 363 892 ibidem.

136 950 247 1038 Item,
269 945 318 1021 ad
337 970 424 1022 ct-vr
444 942 641 1049 respondit
660 971 700 1019 se
720 940 838 1017 nichil
864 941 974 1031 scire,
997 939 1084 1047 quia
1109 966 1186 1015 non
1208 936 1428 1016 interfuerat
1447 968 1504 1015 ca-

82 1077 224 1182 pitulis,
248 1077 316 1153 sed
338 1076 420 1182 ejus
441 1073 611 1180 reeepcio
635 1071 728 1149 sacta
752 1072 875 1150 luerat
895 1073 1009 1162 clam,
1038 1070 1172 1147 clausis
1187 1069 1313 1176 januis
1334 1087 1371 1146 et
1390 1069 1504 1147 nullis

81 1206 336 1314 presentibus,
356 1205 427 1283 nisi
444 1202 621 1281 fratribus
634 1202 787 1281 ordinis.

139 1340 249 1428 Item,
267 1353 440 1414 contenta
456 1335 495 1411 in
511 1359 637 1414 nvn-xi
655 1334 850 1440 respondit
870 1362 909 1410 se
928 1360 1004 1409 non
1022 1332 1176 1425 credere
1196 1358 1281 1407 vera
1301 1358 1398 1421 esse,
1417 1332 1505 1438 quia

83 1467 175 1574 layci
196 1494 272 1543 non
287 1481 460 1572 poterant
473 1465 664 1541 absolvere
680 1493 701 1540 a
719 1463 888 1569 peccatis.
1190 1571 1193 1576 ¹

137 1599 248 1683 Item,
264 1613 440 1680 contenta
460 1595 499 1672 in
520 1622 592 1674 crnr
607 1611 645 1670 et
664 1621 727 1671 run
747 1593 944 1700 respondit
964 1621 1003 1668 se
1022 1592 1175 1668 credere
1195 1617 1282 1665 vera
1302 1619 1393 1666 esse.

137 1729 248 1814 Item,
270 1725 317 1804 de
339 1726 524 1804 contentis
546 1727 585 1801 in
609 1752 706 1803 cxuu
727 1743 764 1803 et
784 1724 963 1802 omnibus
983 1721 1230 1828 sequentibus
1252 1720 1448 1825 respondit
1467 1750 1506 1797 se

83 1858 199 1934 nichil
219 1857 333 1948 scire,
354 1858 426 1935 nisi
447 1860 519 1936 hoc
545 1857 723 1933 duntaxat
748 1856 853 1962 quod
877 1855 1026 1931 fuerant
1048 1852 1280 1959 negligentes
1305 1851 1344 1925 in
1365 1878 1508 1927 correc-

84 1987 204 2076 tione,
231 2002 270 2062 et
292 1988 398 2092 quod
423 1987 601 2063 credebat
618 2002 773 2091 propter
795 1985 961 2090 predicta
983 1983 1155 2059 scandala
1180 1999 1308 2059 contra
1334 1982 1507 2059 ordinem

85 2144 165 2194 esse
187 2133 328 2208 exorta,
353 2133 392 2192 et
414 2116 520 2221 quod
543 2117 680 2192 modus
700 2115 929 2221 receptionis
956 2142 1022 2191 sue
1050 2112 1172 2190 suerat
1195 2111 1416 2189 manifestus
1434 2111 1507 2188 fra-

85 2247 207 2323 tribus
226 2246 292 2351 qui
312 2245 524 2337 adsuerant,
547 2264 585 2323 et
605 2246 723 2325 credit
740 2247 846 2354 quod
862 2245 1101 2350 reeepciones
1119 2244 1279 2320 aliorum
1300 2262 1509 2321 essentma·

85 2375 218 2453 nifaste
245 2375 326 2452 aliis
349 2373 527 2453 fratribus
552 2376 711 2463 ordinis,
735 2377 802 2453 sed
827 2405 904 2452 non
932 2376 1134 2452 extraneis:
1164 2390 1201 2448 et
1222 2373 1413 2450 audiverat
1434 2374 1506 2450 dici

86 2534 264 2612 magnum
290 2505 511 2612 Magistrum
537 2523 576 2583 et
599 2505 691 2582 alios
717 2505 861 2583 ordinis
885 2505 1026 2582 multos
1054 2532 1199 2582 errores
1221 2502 1336 2580 luisse
1364 2503 1507 2581 confes-

85 2652 200 2726 satos,
221 2635 339 2711 nescit
357 2663 470 2740 quos,
492 2635 560 2711 sed
575 2636 694 2711 credit
707 2635 812 2741 quod
831 2635 933 2712 istos.

139 2767 251 2856 Item,
273 2764 477 2870 requisitus
497 2765 527 2842 si
547 2765 599 2842 sic
620 2766 845 2871 deposuerat
863 2792 991 2870 prece,
1010 2783 1187 2871 precepto
1198 2764 1381 2895 ‚stimore,
1399 2765 1505 2852 odio,

85 2922 230 2986 amore,
252 2893 311 2971 vel
331 2894 531 2999 temporali
551 2895 711 2973 comodo
731 2894 861 2972 habito
886 2895 946 2973 vel
966 2895 1159 2987 habende,
1185 2894 1379 3001 respondit
1403 2893 1507 3001 quod

86 3052 180 3114 non,
195 3024 263 3101 sed
282 3052 350 3129 pro
371 3024 524 3105 veritate
544 3026 720 3114 dicenda,
738 3043 776 3102 et
794 3024 867 3102 suit
887 3025 922 3102 ei
939 3026 1144 3103 inhibitum
1163 3054 1232 3132 per
1249 3026 1368 3103 dictos
1385 3025 1507 3102 domi·

87 3180 156 3229 nos
176 3154 466 3240 commissarios,
491 3155 530 3231 in
554 3156 689 3232 virtute
709 3156 914 3262 juramenti
933 3157 1076 3262 prestiti
1100 3185 1169 3262 per
1192 3157 1374 3244 eundem,
1400 3155 1505 3261 quod

87 3310 163 3359 non
180 3283 374 3361 revelleret
394 3285 490 3362 hanc
509 3314 615 3364 suam
636 3287 931 3393 deposicionem,
951 3314 1150 3394 quousque
1173 3287 1429 3364 attestaciones
1448 3315 1505 3363 es-

87 3413 382 3518 sentpublicate.

141 3676 294 3752 Eisdem
314 3676 375 3753 die
400 3695 438 3755 et
464 3677 547 3754 loco
571 3677 644 3755 suit
666 3678 852 3757 adductus
873 3680 921 3757 ad
940 3679 1172 3785 presenciam
1192 3678 1413 3757 eorumdem
1437 3677 1504 3752 do-

88 3803 279 3879 minorum
300 3806 642 3884 commissariorum
661 3806 775 3885 frater
797 3811 985 3887 lohannes
1011 3811 1058 3886 de
1079 3810 1222 3886 Branlis
1241 3809 1426 3916 presbiter
1445 3807 1505 3883 Se

88 3933 265 4009 nonensis
292 3934 466 4025 diocesis,
485 3937 591 4012 testis
613 3940 885 4045 suprajuratus‚
909 3958 952 4016 ut
972 3941 1179 4045 deponeret
1203 3941 1346 4015 dictum
1373 3965 1503 4025 suum,

89 4081 126 4139 et
145 4090 221 4139 non
242 4063 446 4140 defferebat
465 4066 707 4152 mantellum,
728 4070 818 4173 quia
842 4072 966 4176 ipsum
989 4070 1180 4146 dimiserat
1199 4070 1238 4144 in
1260 4068 1416 4146 concilio
1437 4068 1504 4145 Se-

88 4195 263 4283 nonensi,
287 4213 330 4271 ut
349 4196 460 4284 dixit,
487 4214 525 4274 et
544 4215 622 4274 erat
643 4198 765 4291 etatis,
791 4217 835 4277 ut
857 4201 965 4290 dixit,
987 4224 1094 4280 xxm
1114 4226 1298 4277 annorum
1313 4199 1370 4275 vel
1391 4199 1502 4289 circa,

89 4341 127 4401 et
148 4322 270 4401 suerat
288 4327 533 4418 examinatus,
557 4326 750 4406 absolutus
772 4346 810 4407 et
830 4331 1087 4409 reconciliatus
1107 4360 1176 4438 per
1199 4329 1396 4407 dominum
1425 4331 1505 4436 epi-

88 4482 243 4558 scopum
264 4456 573 4534 Aurelianensem
588 4457 765 4551 Senonis,
786 4460 875 4537 sede
894 4479 1055 4539 vacante.
1078 4462 1197 4539 Lectis
1217 4479 1343 4539 autem
1364 4479 1403 4538 et
1422 4462 1506 4539 dili·

88 4602 220 4692 genter
237 4585 307 4661 sibi
332 4589 506 4693 expositis
528 4587 704 4664 omnibus
731 4607 768 4666 et
790 4591 947 4697 singulis
972 4593 1150 4680 articulis,
1178 4611 1215 4669 et
1237 4593 1360 4700 primo
1385 4594 1504 4670 adun

88 4713 230 4820 primos
242 4718 436 4822 respondit
451 4732 495 4793 ut
513 4716 696 4823 seqnitur,
717 4719 891 4799 videlicet
902 4750 942 4799 se
960 4724 1102 4801 nescire
1117 4724 1148 4801 si
1167 4741 1338 4801 contenta
1358 4725 1398 4801 in
1415 4706 1505 4831 ipsis

90 4844 253 4922 articulis
280 4865 403 4927 essent
426 4874 531 4936 vera,
555 4846 645 4955 quia
669 4874 747 4925 non
774 4852 994 4931 interfuerat
1019 4855 1301 4963 reeepcionibus
1325 4854 1501 4943 aliorum,
