4080 6052
306 532 378 602 sse
684 509 888 603 paoem
912 526 1010 599 oss
1036 520 1339 601 annectens·

303 669 487 747 habitum.
507 668 774 762 Postmodum,
801 666 1042 776 presentibus
1065 663 1176 743 dictis
1202 663 1401 758 fratribus,
1423 664 1606 771 precepit
1626 664 1664 744 ei
1681 666 1735 742 di-

302 817 385 877 ctus
409 815 607 906 preceptor
634 800 742 908 qnod
767 800 969 907 abnegem
991 795 1139 888 Deum,
1172 813 1212 874 et
1243 824 1332 875 cnm
1353 794 1428 875 iste
1451 794 1568 874 testis
1589 794 1734 875 diceret

303 928 409 1035 qnod
423 930 496 1007 hoc
507 956 589 1006 non
608 929 761 1020 faceret,
783 927 878 1008 dina
890 928 928 1005 ei
945 926 1053 1034 quud
1073 925 1273 1033 oportebat
1285 927 1361 1006 boc
1374 953 1472 1007 erm
1482 925 1629 1017 ficere,
1643 929 1729 1034 quia

304 1060 479 1136 hocerat
502 1058 551 1137 de
573 1061 722 1165 punctis
750 1059 905 1139 ordinis.
925 1060 976 1137 Et
998 1074 1092 1135 tunc
1109 1057 1191 1164 ipse
1207 1057 1315 1155 testis
1340 1085 1420 1137 non
1444 1056 1487 1135 in
1504 1056 1723 1164 despectum

304 1189 391 1279 Dei,
411 1206 455 1266 ut
476 1188 582 1278 dixit,
605 1190 798 1297 abnegavit
816 1190 941 1268 Deum
966 1217 1030 1267 ore
1057 1215 1135 1264 non
1155 1188 1280 1266 corde.
1315 1187 1467 1265 Deinde
1496 1189 1670 1294 precepit
1693 1190 1724 1266 ei

304 1317 408 1424 quod
434 1336 588 1425 spueret
613 1348 727 1427 super
749 1318 954 1428 quamdam
979 1346 1132 1397 crucem
1155 1316 1339 1426 ligneam,
1368 1319 1409 1395 in
1437 1346 1518 1426 qua
1548 1338 1727 1397 uenerat

303 1476 437 1556 ymago
443 1447 637 1542 Crucisni,
652 1478 766 1558 quam
782 1450 905 1528 dictus
916 1449 1111 1558 presbyter
1122 1464 1353 1556 aportsverat
1366 1464 1406 1526 et
1417 1466 1601 1556 posuerat
1615 1478 1727 1558 super

303 1597 460 1668 terram3
478 1580 545 1658 sed
564 1579 644 1687 ipse
663 1579 769 1658 testis
788 1579 913 1658 noluit
930 1607 1066 1687 spuere
1085 1608 1216 1686 supra,
1236 1578 1306 1657 sed
1324 1578 1429 1685 spuit
1442 1578 1566 1686 juxta,
1586 1607 1663 1657 non
1681 1581 1722 1656 in

305 1710 524 1815 despectum
541 1707 673 1789 crucis.
682 1711 829 1790 Deinde
845 1708 987 1789 dnitei
1002 1711 1124 1818 quod,
1141 1711 1173 1789 si
1186 1709 1354 1799 rolelnt,
1365 1726 1514 1816 poterat
1525 1709 1722 1796 wnaliter

306 1841 539 1920 commisceri
561 1840 738 1919 fratribus
762 1841 925 1931 ordinis,
947 1858 989 1919 et
1008 1840 1050 1919 id
1072 1841 1197 1948 ipsum
1223 1840 1301 1947 pati
1327 1839 1379 1918 de
1401 1839 1473 1917 eis.
1492 1840 1571 1919 llos
1594 1857 1720 1919 tamen

306 1987 395 2048 non‘
409 1969 514 2060 iecit,
541 1998 612 2048 nec
632 1970 706 2048 fuit
728 1971 949 2077 requisitus,
975 1998 1047 2049 nec
1069 1971 1142 2049 scit
1163 1968 1359 2078 qnod-alii
1384 1969 1522 2048 fratres
1549 1968 1721 2047 lacerent.

304 2099 451 2179 Deinde
477 2101 645 2207 precepit
668 2099 703 2177 ei
726 2101 832 2207 quod
853 2101 1087 2181 oscularetur
1112 2129 1200 2180 eum
1229 2101 1271 2178 in
1295 2128 1393 2197 anor
1409 2100 1492 2199 ssd
1508 2100 1586 2179 boc
1603 2100 1726 2179 noluit

304 2227 435 2305 facere.
464 2228 547 2307 Alia
574 2229 704 2307 illicita
732 2256 810 2311 non
835 2231 1121 2309 intervenerunt
1141 2232 1184 2307 in
1201 2231 1425 2337 reoepcione
1446 2257 1521 2309 sua
1548 2229 1723 2336 predicta.

305 2360 416 2451 Item,
439 2360 532 2439 dixit
543 2363 652 2469 quod
665 2361 764 2440 bene
784 2360 965 2440 credebat
982 2361 1241 2441 ecclesiasticis
1263 2360 1531 2452 commender
1551 2377 1593 2439 et
1610 2361 1725 2439 credit

303 2486 408 2596 qnod
434 2491 498 2568 alii
526 2491 659 2570 fratres
690 2490 826 2570 ecdem
853 2492 970 2569 modo
993 2491 1208 2584 crederent,
1242 2507 1282 2568 et
1303 2489 1414 2598 quod
1441 2515 1581 2567 eornm
1611 2516 1725 2568 sacer·

305 2619 414 2699 dotes
441 2620 569 2701 debite
603 2622 848 2701 celebrarent.
882 2622 966 2700 Non
995 2621 1118 2699 credit
1150 2620 1256 2728 quod
1283 2647 1420 2698 eorum
1453 2618 1544 2700 laici
1576 2636 1725 2726 possent

304 2749 493 2830 absolvere
520 2780 592 2830 nec
615 2750 852 2830 absolverent
871 2779 894 2830 a
917 2753 1090 2859 peccatis.
1115 2752 1267 2829 Dictum
1291 2749 1366 2828 init
1381 2749 1417 2827 ei
1430 2749 1547 2856 quod
1564 2777 1638 2828 non
1656 2777 1722 2855 po-

163 2968 167 2974 ,
303 2897 400 2958 terat
426 2884 525 2961 exire
549 2883 739 2961 ordinem.
764 2881 1007 2962 OEmdenina
1036 2882 1326 2989 recipiebantur.
1356 2879 1501 2959 Credit
1531 2879 1630 2988 qrrcd
1654 2880 1720 2985 qui

306 3008 518 3089 noluissent
540 3011 662 3090 facere
676 3012 845 3119 predicta
858 3011 1006 3102 illicita,
1023 3011 1082 3091 vel
1102 3039 1145 3089 ea
1169 3009 1411 3101 revelassent,
1430 3009 1544 3118 quod
1570 3008 1722 3089 luissent
1753 3020 1764 3119 Ἰ

306 3139 521 3218 incarcerati
536 3142 595 3218 vel
610 3141 814 3232 interiecti3
840 3160 878 3220 et
895 3145 968 3222 boc
984 3142 1058 3220 tuit
1072 3141 1144 3220 sibi
1160 3140 1434 3220 comminatum
1448 3141 1491 3219 in
1506 3140 1724 3247 reoepcione

304 3296 381 3345 sua.
415 3271 496 3347 Non
521 3270 593 3348 fuit
617 3270 688 3349 sibi
716 3270 923 3348 inhibitum
949 3272 1056 3378 quod
1077 3299 1155 3349 non
1184 3269 1431 3348 confiteretur
1454 3269 1527 3347 nisi
1554 3269 1726 3349 sacerdo-

303 3400 405 3476 tibus
420 3401 576 3477 ordinis.
600 3403 748 3482 Fratres
760 3402 828 3508 qui
844 3401 1011 3481 sciebant
1027 3430 1173 3479 errores
1197 3401 1354 3479 fuerunt
1372 3399 1620 3508 negligentes,
1632 3401 1725 3505 quis

305 3559 381 3607 non
408 3550 650 3610 conexerunt
677 3560 742 3610 eos
770 3559 841 3610 nec
874 3534 1197 3610 denunciaverunt
1212 3531 1390 3609 Ecclesia.
1418 3529 1647 3606 illemosinas
1675 3547 1722 3616 et

304 3662 595 3766 hospitalitatem
628 3663 723 3739 vidit
755 3664 1021 3740 convenienter
1051 3663 1190 3742 servari
1217 3663 1257 3739 in
1286 3658 1465 3739 domibus
1497 3657 1644 3735 ordinis
1680 3659 1721 3733 in

303 3792 442 3898 quibus
458 3791 532 3868 suit
554 3810 731 3869 moratus.
761 3792 914 3870 Audivit
928 3794 1001 3870 dici
1023 3793 1135 3900 qnod
1159 3792 1254 3868 clam
1269 3818 1410 3867 eorum
1429 3786 1604 3895 capitalia
1623 3807 1726 3866 tene-

303 3921 450 3999 bautur.
482 3923 610 4001 Credit
639 3923 744 4030 quod
773 3942 876 4002 totus
903 3924 999 4002 ordo
1024 3937 1204 4000 servasset
1227 3921 1334 4028 quod
1361 3948 1521 4028 magnus
1551 3919 1724 4026 Megisten

303 4080 387 4129 cum
418 4071 605 4131 conventu
634 4055 839 4141 statuisset,
867 4073 906 4130 et
934 4054 1040 4160 quod
1075 4053 1231 4161 grandia
1262 4050 1453 4139 scandale,
1487 4049 1654 4155 suspicio
1690 4067 1724 4127 et

303 4183 454 4261 infamia
478 4201 568 4261 sunt
594 4201 720 4261 exorta
746 4201 879 4260 contra
897 4185 1089 4273 ordinem,
1115 4200 1274 4290 propter
1296 4181 1361 4259 illa
1386 4210 1463 4290 que
1488 4181 1666 4289 Magister
1689 4196 1724 4255 et

303 4314 364 4389 alii
388 4332 516 4392 contra
541 4317 665 4422 ipsum
693 4316 872 4394 dicuntur
894 4316 1009 4397 luisse
1030 4317 1200 4396 confessi.
1219 4318 1304 4394 Non
1323 4315 1516 4392 obtulerat
1534 4340 1575 4389 se
1596 4312 1644 4388 sd
1663 4311 1723 4387 de-

303 4443 513 4522 fensionem
533 4447 689 4523 ordinis.

358 4577 573 4681 Requisitus
592 4577 623 4653 si
644 4578 698 4653 sic
717 4576 894 4683 deposuit
912 4605 1040 4684 prece,
1061 4595 1253 4685 precepto,
1272 4579 1429 4664 timore,
1448 4603 1598 4666 amore,
1619 4573 1717 4657 odio,

303 4704 359 4778 vel
379 4708 576 4809 temporali
607 4706 766 4784 comodo
796 4706 925 4785 habito
952 4709 1013 4786 vel
1038 4709 1229 4796 babendo,
1255 4705 1452 4813 respondit
1489 4705 1599 4814 qnod
1632 4732 1716 4787 non,

303 4836 369 4911 sed
397 4862 466 4938 pro
496 4837 647 4913 veritate
670 4839 840 4914 dicenda.
868 4840 941 4918 Cui
961 4838 1033 4917 fuit
1061 4840 1274 4946 injunctum
1302 4839 1408 4943 quod
1438 4866 1518 4916 non
1546 4836 1717 4917 revelaret
