4080 6052
706 525 1022 618 rnocnsnas
1047 543 1348 616 rennuens.
1661 551 1734 623 sss

323 688 463 764 multos
482 713 619 774 annos3
640 709 717 761 non
736 704 862 762 tamen
878 684 1018 792 juravit
1036 713 1075 760 se
1095 712 1172 761 non
1193 686 1309 775 exire,
1330 686 1488 762 credens
1511 686 1617 792 quod
1635 688 1736 764 idem

321 833 526 893 servaretur
542 815 581 891 in
599 814 690 892 aliis.

374 948 483 1039 Item,
506 946 553 1022 ad
570 973 678 1026 xxxvl
696 964 735 1023 et
753 973 792 1022 111
810 963 1011 1053 sequentes
1032 945 1228 1052 respondit
1244 946 1349 1052 quod
1370 947 1541 1052 recepcio
1560 974 1625 1022 sua
1644 945 1736 1026 facta

318 1075 439 1152 fuerat
462 1075 619 1153 exclusis
644 1074 821 1153 omnibus
844 1075 1091 1162 secularibus,
1120 1093 1159 1152 et
1182 1076 1301 1152 credit
1327 1076 1432 1182 quod
1461 1077 1595 1152 eodem
1619 1079 1735 1155 niodo

318 1204 452 1281 fierent
471 1204 708 1311 recepciones
728 1204 899 1281 aliorum.
920 1205 1045 1282 Nescit
1062 1221 1189 1281 tamen
1211 1205 1315 1311 quod
1331 1234 1375 1280 er
1388 1204 1462 1280 hoc
1474 1207 1636 1311 suspicio
1652 1235 1736 1284 con-

317 1352 372 1409 tra
392 1335 564 1411 ordinem
584 1333 798 1410 haberetur.
1510 1425 1512 1430 Α

374 1466 484 1552 Item,
506 1493 619 1569 super
637 1463 823 1540 contentis
844 1463 883 1538 in
898 1490 944 1540 xc
964 1479 1003 1539 et
1022 1489 1081 1540 xxi
1100 1464 1362 1569 sequentihus,
1385 1463 1432 1539 de
1454 1464 1609 1540 crimine
1630 1468 1735 1543 sodo

316 1594 455 1682 mitico,
468 1595 637 1702 ydoliset
652 1593 829 1685 cordulis,
842 1594 1038 1699 respondit
1050 1622 1088 1670 se
1108 1595 1223 1672 nichil
1244 1595 1354 1686 scire,
1370 1593 1441 1670 nisi
1453 1595 1527 1671 hoc
1539 1595 1731 1683 duntaxat,

314 1724 418 1828 quod
437 1741 591 1830 propter
617 1724 784 1830 inopiam
804 1720 989 1802 lectorum
1010 1724 1239 1830 quandoque
1258 1725 1434 1830 jacebant
1452 1723 1551 1814 bini,
1573 1724 1732 1803 honesto

316 1853 445 1941 modo,
476 1871 513 1929 et
538 1854 642 1958 quod
671 1854 750 1959 ipse
777 1852 995 1959 cingebatur
1022 1852 1186 1959 quadam
1221 1853 1374 1929 cordula
1402 1881 1517 1957 super
1544 1856 1732 1932 camisiam
1799 1832 1804 1842 ’

315 2009 437 2069 suam,
459 1983 548 2085 quia
566 1982 717 2058 videbat
736 1983 789 2059 sic
808 1983 902 2059 alios
923 1981 1111 2059 facientes.

329 2089 332 2094 .
371 2110 480 2196 Item,
503 2112 550 2186 ad
574 2138 647 2186 an
671 2130 709 2186 et
733 2139 755 2190 v
780 2129 980 2216 sequentes
1002 2111 1196 2216 respondit
1223 2111 1270 2186 de
1295 2112 1411 2188 modo
1436 2113 1663 2217 receptionis
1690 2131 1731 2190 ut

315 2267 442 2344 supra,
461 2256 498 2315 et
516 2239 621 2344 quod
640 2237 816 2314 credebat
835 2240 938 2344 quod
955 2237 1048 2314 lacta
1061 2221 1339 2315 fuissetvilania
1353 2239 1424 2315 sibi
1442 2258 1479 2317 et
1498 2240 1579 2319 aliis
1596 2244 1660 2348 qui
1678 2272 1731 2319 re·

315 2367 557 2474 cipiebantur,
579 2367 651 2443 nisi
666 2366 840 2444 fecissent
856 2366 921 2443 illa
938 2395 1012 2472 que
1028 2366 1330 2472 precipiebantur
1349 2369 1503 2444 eisdem.

369 2500 480 2584 Item,
502 2478 550 2575 ad
574 2524 682 2575 nxvm
706 2512 746 2574 et
765 2523 787 2575 v
807 2513 1006 2603 sequentes
1029 2495 1224 2601 respondit
1243 2497 1348 2602 quod
1365 2526 1434 2602 per
1457 2516 1729 2576 sacramentum

314 2625 385 2703 fuit
410 2628 443 2703 ei
467 2627 689 2715 inhibitum,
715 2645 894 2733 utsupra
920 2627 1110 2731 deposuit,
1133 2654 1180 2701 ne
1205 2626 1400 2703 revellaret
1423 2647 1607 2704 secretum
1630 2629 1731 2705 ordi-

313 2756 386 2842 nis,
408 2784 477 2832 nec
490 2756 678 2833 audebant
692 2757 797 2862 loqui
813 2757 910 2831 inter
925 2784 963 2831 se
986 2756 1033 2830 de
1053 2754 1247 2860 predictis;
1269 2772 1307 2830 et
1324 2756 1443 2831 credit
1460 2757 1566 2862 quod
1582 2758 1612 2834 si
1627 2787 1729 2834 reve-

313 2884 466 2979 lassent,
484 2884 643 2963 luissent
664 2886 804 2991 puniti,
827 2886 895 2962 sed
923 2885 1040 2962 nescit
1068 2884 1246 2990 qualiter3
1275 2911 1346 2959 nec
1364 2885 1440 2961 luit¹
1456 2886 1491 2961 ei
1515 2887 1726 2993 injunctum

312 3014 417 3120 quod
433 3036 511 3092 non
533 3017 776 3093 confiteretur
793 3017 864 3091 nisi
885 3014 1062 3091 fratribus
1082 3015 1242 3101 ordinis3
1266 3031 1303 3090 et
1323 3016 1441 3092 credit
1457 3017 1561 3122 quod
1581 3018 1620 3093 in
1641 3019 1729 3093 cori-

312 3144 435 3249 gendo
456 3162 495 3220 et
513 3146 774 3222 denunciando
794 3144 937 3221 suerint
949 3144 1196 3252 negligentes,
1219 3144 1258 3218 et
1275 3144 1379 3248 quod
1398 3145 1500 3221 idem
1516 3147 1652 3223 modus
1669 3176 1727 3224 re-

312 3274 496 3377 cepcionis
515 3291 722 3350 servaretur
742 3275 782 3350 in
804 3275 902 3363 aliis,
925 3275 991 3380 qui
1011 3273 1084 3350 fuit
1102 3290 1265 3350 servatus
1287 3273 1325 3349 in
1344 3275 1443 3380 ipso,
1468 3274 1537 3351 alia
1558 3279 1725 3354 nesciens

311 3403 359 3478 de
377 3403 485 3479 dictis
501 3403 682 3496 articulis,
698 3432 768 3480 nec
788 3403 835 3480 do
848 3403 927 3483 hiis
944 3431 1019 3510 que
1039 3403 1080 3478 in
1095 3429 1191 3480 nxxu
1207 3403 1452 3507 sequentibus
1471 3405 1721 3487 continentur.

365 3533 699 3621 Item,adxcv11-c
723 3532 918 3638 respondit
944 3531 1182 3608 ellemosinas
1197 3550 1249 3613 ¹et
1274 3530 1565 3636 hospitalitatem
1594 3559 1726 3608 conve-

309 3662 456 3739 nienter
479 3662 589 3738 factas
619 3661 732 3739 fuisse
760 3662 799 3737 in
826 3661 1002 3739 domibus
1031 3660 1079 3736 de
1109 3660 1319 3767 Latigniaco
1346 3661 1451 3737 Sicco
1476 3677 1515 3735 et
1542 3661 1589 3736 de
1616 3662 1723 3739 Bello

309 3789 419 3864 Vissu
442 3793 480 3864 in
499 3789 724 3874 Gastinesi0‚
746 3791 786 3865 in
805 3791 944 3896 quibus
966 3790 1086 3868 extitit
1106 3806 1378 3867 commoratus:
1400 3789 1664 3877 aliacontenta
1683 3792 1722 3866 in

309 3919 399 4023 ipsis
418 3917 583 3995 articulis
601 3945 751 4023 negans.
1721 3901 1724 3906 ¹

364 4049 475 4136 Item,
497 4047 544 4122 ad
568 4073 602 4123 cr
627 4064 664 4122 et
690 4073 821 4123 omnes
845 4065 1045 4152 sequentes
1070 4048 1265 4152 respondit
1289 4075 1328 4124 se
1353 4048 1495 4124 nescire
1520 4048 1622 4153 quid.
1637 4041 1721 4156 agess

308 4177 419 4254 batur
436 4177 475 4252 in
495 4174 683 4281 capitulis,
702 4175 790 4280 quia
810 4177 863 4252 eis
880 4204 957 4251 non
973 4175 1207 4264 interfuerat,
1224 4176 1291 4252 sed
1306 4176 1447 4253 audivit
1461 4177 1564 4281 quod
1581 4198 1719 4257 secrete

306 4309 542 4393 tenebantur,
564 4323 603 4383 et
621 4304 726 4411 quod
742 4305 838 4381 nulli
857 4305 1042 4382 seculares
1061 4305 1287 4382 intererant:
1308 4335 1377 4381 nec
1392 4304 1548 4395 audivit,
1566 4336 1635 4384 nec
1647 4338 1721 4385 cre·

307 4437 362 4512 dit
381 4436 486 4542 quod
511 4460 669 4540 magnus
686 4434 873 4539 Magister,
893 4434 953 4511 vel
976 4433 1039 4510 alii
1062 4432 1172 4540 layci,
1196 4454 1350 4539 possent
1369 4434 1559 4513 absolvere
1585 4466 1606 4512 a
1633 4467 1720 4544 pec-

306 4564 411 4654 catis,
432 4582 470 4639 et
489 4565 607 4640 credit
623 4563 727 4669 quod
745 4580 965 4640 tenerentur
982 4591 1126 4640 servare
1146 4562 1250 4674 illud
1256 4564 1362 4670 quod
1375 4593 1531 4673 magnus
1545 4568 1720 4674 Magister

306 4722 392 4771 cum
413 4692 589 4798 capitulio
611 4692 823 4780 ordinabat,
846 4689 915 4768 nec
934 4692 1004 4770 scit
1021 4710 1163 4799 quanto
1182 4711 1352 4800 tempore
1374 4694 1461 4772 dicti
1488 4724 1631 4776 errores
1649 4699 1719 4776 du·

305 4840 494 4919 raverunt,
512 4822 580 4901 sed
598 4820 751 4901 luerunt
769 4821 1057 4930 negligentes-ln
1077 4823 1278 4929 corigendo
1296 4842 1334 4901 et
1348 4825 1626 4918 denunciando,
1648 4856 1717 4907 nec
