4080 6052
696 535 891 626 rnocss
917 552 1011 624 ons
1038 552 1337 627 rnurrrnns.
1677 562 1722 631 75

367 695 477 783 ltem,
496 691 558 769 die
581 692 687 768 Lune
705 693 895 798 sequenti,
913 720 988 799 que
1013 690 1085 768 fuit
1103 711 1204 770 serta
1226 694 1371 771 decima
1394 694 1475 771 dies
1498 699 1637 774 mensis
1657 702 1726 776 Fe-

310 822 464 909 bruarii,
484 820 640 899 fuerunt
659 821 811 901 adducti
831 824 870 898 in
892 821 974 899 loco
994 822 1163 927 predicto
1181 852 1303 901 coram
1319 823 1427 900 dictis
1448 823 1609 900 dominis
1623 853 1725 903 com-

309 951 503 1043 missariis,
524 951 681 1029 domino
700 951 931 1030 Narbonensi
958 970 1109 1057 excepto
1133 970 1171 1029 et
1192 982 1230 1030 se
1249 970 1462 1040 excusante,
1486 951 1617 1030 fratres
1637 955 1727 1033 sub

307 1080 448 1185 scripti,
464 1083 531 1187 qui
543 1081 695 1157 adducti
707 1080 821 1158 fuisse
838 1081 1059 1158 dicebantur
1073 1082 1121 1159 de
1133 1101 1252 1160 castro
1273 1083 1346 1159 divi
1359 1083 1509 1161 Martini
1523 1084 1726 1162 Meldensis

308 1208 484 1301 diocesis,
504 1209 679 1287 videlicet
696 1208 827 1288 fratres
850 1210 1079 1290 Guillelmus
1101 1211 1148 1289 de
1167 1213 1333 1319 Sornayo
1356 1212 1465 1289 miles
1487 1211 1724 1302 Pictavensis,

307 1338 432 1415 Droco
467 1340 514 1416 de
544 1340 698 1420 Viveriis
728 1342 1027 1432 Suessionensis,
1055 1342 1242 1417 Johannes
1277 1342 1324 1417 de
1354 1343 1508 1447 Septem
1536 1340 1728 1421 Montibus

308 1469 503 1576 presbyter
519 1471 812 1559 Suessionensis,
832 1471 937 1548 Millo
961 1473 1008 1548 de
1027 1470 1165 1548 Charni
1184 1469 1378 1576 presbyter
1393 1472 1653 1576 Lingonensis,
1673 1476 1729 1550 Jo

309 1597 451 1675 hannes
480 1600 528 1676 de
550 1599 752 1680 Villaribus
787 1600 1081 1692 suessionensis,
1112 1599 1340 1679 Guillclmus
1369 1600 1417 1675 de
1442 1600 1555 1677 Crava
1586 1602 1728 1677 Retho-

306 1730 510 1833 magensis‚
525 1731 686 1807 lacobus
701 1731 748 1806 de
764 1730 895 1807 Calido
910 1732 1040 1807 -Furno
1066 1730 1286 1819 Meldensis‚
1310 1729 1543 1806 Christianus
1562 1730 1609 1805 de
1631 1731 1728 1808 Cha·

307 1857 401 1932 meri
439 1858 718 1956 Laudunensis,
749 1859 883 1936 Petrus
917 1859 963 1935 de
1000 1858 1145 1936 Breella
1184 1856 1433 1950 Belvaccnsis‚
1468 1859 1633 1936 Thomas
1679 1863 1726 1937 de

307 1986 558 2064 Rochacueria
582 1989 856 2076 Ambianensis,
879 1987 1106 2066 Guillelrrms
1128 1989 1174 2065 dc
1197 1989 1340 2064 Putolis
1361 1989 1595 2074 Parisiensis,
1619 1990 1728 2065 Lam-

306 2111 436 2192 bertus
465 2119 511 2195 de
538 2121 703 2195 Romana
734 2119 836 2194 curia
863 2118 1077 2209 bernensis,
1099 2118 1296 2197 Gervasius
1330 2118 1377 2195 de
1407 2118 1561 2194 Fellinis
1588 2119 1728 2196 Carno-

306 2242 440 2332 tensis,
464 2244 662 2323 Gervasius
685 2249 733 2323 de
755 2247 898 2323 Falesia
922 2248 1107 2351 Sagiensis
1134 2248 1351 2324 diocesium.
1384 2248 1473 2340 Qui·
1492 2249 1727 2354 singulariter

308 2388 346 2448 et
363 2375 563 2476 separatim
577 2376 807 2480 interrogati,
829 2375 860 2449 si
878 2375 1054 2450 volebant
1067 2376 1209 2450 dictum
1231 2375 1403 2451 ordinem
1424 2375 1643 2466 defendere,
1667 2407 1726 2452 re-

306 2502 542 2604 sponderunt
561 2503 666 2609 quod
685 2503 747 2578 sic.
769 2501 859 2578 Acta
878 2499 1032 2578 fuerunt
1054 2501 1125 2577 hec
1150 2500 1326 2606 predictis
1355 2500 1415 2576 die
1448 2516 1485 2575 et
1512 2501 1612 2591 loco,
1641 2532 1726 2608 pre-
1875 2558 1882 2565 -

306 2626 475 2707 sentibus
504 2661 564 2708 me
594 2631 844 2709 Floriamonte
863 2630 1062 2707 Dondedei
1084 2647 1121 2706 et
1140 2629 1221 2706 aliis
1243 2628 1395 2707 notariis
1419 2657 1529 2733 supra
1556 2632 1725 2735 proximo

306 2760 514 2838 nominatis.

362 3026 432 3104 Die
447 3028 575 3105 Martis
592 3029 781 3132 sequenti,
799 3055 873 3132 que
891 3026 962 3103 fuit
977 3026 1121 3102 decima
1138 3027 1294 3132 septima
1311 3025 1392 3101 dies
1408 3027 1548 3100 mensis
1561 3025 1725 3102 Februa-

307 3154 372 3243 rii,
384 3155 538 3232 fuerunt
552 3157 702 3233 adducti
717 3159 756 3231 in
772 3156 909 3261 capella
921 3154 1100 3261 predicta,
1118 3184 1241 3231 coram
1256 3155 1365 3230 dictis
1375 3154 1537 3258 dominis
1552 3155 1724 3232 commis-

306 3284 427 3375 sariis,
445 3286 604 3393 exceptis
624 3286 786 3363 dominis
800 3285 1029 3362 Narbonensi
1050 3302 1089 3361 et
1111 3285 1301 3362 Baiocensi
1322 3282 1435 3393 ct[..i]
1458 3312 1496 3360 se
1518 3285 1723 3386 excusanti-

305 3413 558 3520 bus,quatuor
571 3414 700 3492 fratres
710 3415 918 3521 subscripti,
931 3416 998 3521 qui
1007 3414 1159 3492 adducti
1168 3412 1283 3491 fuisse
1294 3412 1514 3491 dicebantur
1525 3412 1572 3488 de
1584 3411 1723 3488 diocesi

305 3544 500 3636 Auritana,
530 3544 702 3622 videlicet
736 3545 849 3623 frater
881 3546 1089 3622 Ademarus
1123 3542 1171 3621 de
1199 3545 1353 3650 Sparros
1386 3543 1495 3619 miles
1530 3542 1723 3619 Tarvensis

305 3673 478 3766 diocesis,
506 3675 747 3781 Raymondus
775 3677 821 3753 de
853 3674 987 3754 Gladio
1016 3674 1212 3783 presbyter
1239 3673 1508 3762 Carturcensis,
1536 3672 1723 3748 lohannes

306 3802 352 3879 de
367 3804 472 3883 Valle
496 3803 631 3881 Gelosa
652 3807 847 3912 presbyter
863 3804 1188 3913 Petregoricensis,
1210 3821 1249 3880 et
1271 3802 1511 3912 Raymondus
1528 3800 1721 3879 Guillclmi

304 3930 487 4007 Auxitane
517 3931 733 4011 diocesium.
764 3937 840 4028 Qui
869 3936 1106 4045 singulariter
1137 3953 1176 4013 ct
1199 3934 1396 4039 separatim
1420 3931 1655 4035 interrogati,
1692 3929 1721 4005 si

303 4058 479 4137 volebant
512 4059 655 4136 dictum
698 4063 869 4140 ordinem
902 4063 1123 4153 defendere,
1153 4063 1430 4168 responderunt
1463 4077 1507 4135 ut
1538 4058 1719 4162 sequitur.

304 4188 435 4268 Dictus
451 4187 566 4267 frater
584 4190 792 4267 Ademarus
820 4191 914 4267 dixit
932 4210 970 4268 et
989 4190 1184 4296 respondit
1202 4189 1306 4295 quod
1324 4187 1473 4264 volebat
1491 4186 1633 4263 dictum
1662 4214 1722 4264 or-

305 4317 434 4395 dinem
454 4317 672 4409 defendere,
694 4319 796 4413 licet,
820 4340 864 4400 ut
884 4321 1045 4410 dicebat,
1062 4315 1251 4397 confessus
1268 4317 1401 4396 fuisset
1422 4344 1545 4395 coram
1565 4314 1720 4393 domino

305 4449 417 4553 Papa,
438 4478 603 4527 asserens
617 4479 656 4528 se
672 4452 873 4528 mentitum
892 4451 1006 4529 fuisse
1031 4475 1154 4527 coram
1174 4477 1231 4526 eo.
1252 4445 1492 4555 Raymondus
1512 4447 1559 4523 de
1584 4444 1719 4524 Gladio

307 4594 345 4653 et
370 4579 608 4685 Raymondus
637 4580 832 4659 Guillclmi
861 4583 1035 4660 direnmt
1061 4599 1099 4657 et
1123 4579 1400 4686 responderunt
1423 4577 1528 4684 quod
1547 4574 1719 4673 volebant

309 4705 449 4784 dictum
460 4709 630 4787 ordinem
640 4708 853 4788 defendere.
864 4712 1054 4789 lohannes
1064 4708 1362 4791 deValleGelosa
1375 4706 1467 4783 dixit
1474 4720 1514 4782 et
1524 4703 1719 4809 respondit

309 4839 409 4942 quod
420 4839 566 4916 volebat
585 4841 727 4918 dictum
746 4843 919 4920 ordinem
934 4840 1152 4932 defendere,
1168 4840 1256 4918 licet
1270 4838 1452 4917 adductus
1466 4835 1581 4914 fuerit
1593 4860 1716 4912 coram

391 4974 495 5040 esocis
516 4998 568 5040 nas
588 4997 758 5040 mersuras.
772 5014 813 5027 -
826 5000 847 5039 ι.
1574 4990 1611 5030 10
