4080 6052
465 534 658 632 rancus
683 550 1105 627 oesrsurturus.
1424 554 1496 626 ser

80 730 148 806 per
172 699 370 778 dominum
390 697 608 805 episcopum
641 694 898 771 Parisiensem.
930 692 1054 769 Lectis
1080 710 1205 769 autem
1236 709 1275 768 et
1298 692 1499 799 diligenter

82 830 257 936 expositis
277 828 349 908 sibi
375 827 553 906 omnibus
581 843 619 904 et
643 823 800 930 singulis
819 822 1001 914 articulis,
1026 822 1300 928 protestacione
1320 825 1500 928 premissa

81 959 185 1067 qttod
198 987 279 1038 nou
294 958 458 1038 intendit
473 957 650 1036 recedere
666 953 943 1061 adeposicione
961 981 1030 1059 per
1044 980 1131 1030 eum
1145 952 1240 1030 lacta
1257 982 1383 1030 coram
1399 955 1500 1037 dicto

81 1091 238 1171 domino
254 1090 444 1196 episcopo,
461 1089 656 1195 respondit
670 1115 709 1165 se
724 1086 872 1164 nescire
884 1086 932 1167 de
947 1086 1001 1165 eis
1013 1085 1086 1162 nisi
1101 1085 1206 1190 quod
1225 1085 1405 1191 sequitur.
1424 1089 1502 1167 Sci-

80 1221 169 1298 licet
187 1221 295 1327 quod
312 1221 391 1326 ipse
410 1237 583 1328 receptus
601 1219 737 1306 fuerat,
759 1245 836 1294 una
855 1245 945 1294 cum
962 1215 1074 1294 fratre
1093 1218 1277 1293 Tossanez
1299 1217 1347 1292 de
1366 1220 1502 1296 Lanhi-

80 1352 168 1427 villa
185 1351 416 1429 Belvaceusis
436 1352 613 1440 diocesis,
631 1350 833 1440 ser-ciente,
850 1349 890 1424 in
910 1347 1050 1451 capella
1076 1346 1213 1423 domus
1231 1347 1381 1453 Templi
1412 1351 1501 1428 dicti
1540 1412 1543 1415 ,

81 1481 153 1558 loci
182 1483 229 1560 de
251 1482 475 1569 Lanbivilla,
503 1511 572 1587 per
591 1481 742 1558 fratrem
766 1477 1009 1582 Radulphum
1032 1476 1081 1587 de
1108 1474 1205 1563 Gisi,
1227 1493 1361 1553 testem
1392 1507 1502 1585 supra

81 1612 348 1699 examinatum,
370 1627 603 1716 receptorem
622 1626 715 1687 tunc
739 1606 959 1713 Campenie,
978 1605 1075 1681 circa
1094 1604 1235 1682 instans
1252 1603 1388 1684 festum
1408 1612 1504 1688 nati·

67 1741 201 1819 vitatis
226 1742 326 1819 beati
351 1741 533 1821 Johannis
551 1741 716 1844 Baptiste
737 1756 849 1816 erunt
868 1764 918 1816 vn
943 1737 1031 1810 anni
1049 1735 1108 1810 rel
1130 1736 1243 1822 circa,
1265 1740 1504 1841 presentibus

80 1868 258 1948 fratribus
284 1871 455 1947 Johaune
481 1869 529 1944 de
555 1865 763 1944 Lauhivilla
786 1863 1022 1970 presbytero,
1043 1879 1135 1938 tunc
1157 1881 1376 1970 preceptore
1405 1867 1503 1944 dicte

84 2000 236 2087 domus,
257 1997 434 2077 Guidoue
452 1997 500 2074 de
520 1995 711 2074 Bellavilla
733 1994 915 2103 clavigero
938 1993 1035 2069 dicte
1059 1992 1213 2086 domus,
1230 1996 1438 2074 Bertrando
1455 2001 1503 2077 de

82 2104 429 2217 Vienesio'milita,
458 2144 497 2203 et
514 2125 685 2202 lohanne
714 2124 762 2201 de
786 2126 934 2211 Fumo,
963 2140 1000 2199 et
1024 2121 1233 2202 Guillelmo
1263 2127 1311 2202 de
1338 2127 1505 2218 Puteolis

72 2250 347 2346 sernentibus,
370 2276 408 2335 et
425 2258 536 2335 Petro
561 2254 612 2332 de·
634 2253 859 2334 Grimenilio
883 2253 1119 2361 presbytero,
1144 2274 1183 2332 et
1202 2255 1402 2363 Radulpho
1430 2257 1505 2338 Go-

84 2388 199 2465 dandi
221 2389 422 2478 serviente,
438 2387 485 2465 de
501 2415 667 2494 quorum
683 2386 759 2462 rite
774 2383 832 2463 vel
846 2400 968 2476 morte
985 2412 1062 2461 non
1081 2385 1196 2462 babet
1215 2387 1501 2482 certitudinem,

83 2519 122 2595 iu
141 2518 244 2593 hunc
263 2518 422 2597 modum
441 2549 449 2592 ε
471 2545 557 2593 nam
579 2546 667 2593 oum
684 2516 886 2622 periissent
909 2543 1044 2622 panem
1064 2534 1102 2592 et
1121 2544 1272 2622 aqrram,
1288 2518 1504 2597 societatem

85 2664 123 2723 et
136 2674 339 2753 pauperem
356 2647 533 2724 vestitum
551 2646 711 2737 ordinis,
734 2663 773 2722 et
788 2645 1015 2725 obtulissent
1031 2675 1072 2724 se
1090 2646 1185 2725 velle
1199 2675 1279 2724 esse
1304 2676 1427 2726 servos
1449 2681 1505 2727 es·

84 2775 205 2854 clavos
234 2778 323 2854 dicti
348 2776 493 2855 ordinis
510 2777 671 2882 pluries,
700 2793 738 2853 et
764 2776 910 2882 pluries
927 2777 980 2855 eis
999 2805 1223 2882 responsum
1243 2777 1375 2857 fuisset
1400 2782 1505 2887 quod

83 2906 180 2983 bene
202 2905 473 2998 deliberarent,
492 2907 674 3013 capellam
694 2924 888 2994 exeuntes,
907 2909 995 3012 quia
1013 2908 1194 3015 grandem
1211 2935 1293 2986 rem
1307 2909 1503 3016 petebant3

85 3065 171 3113 nam
201 3054 392 3142 oporteret
418 3065 482 3115 eos
506 3037 680 3114 abdicare
709 3067 729 3113 a
753 3065 792 3133 se
822 3037 1011 3143 propriam
1039 3036 1288 3128 voluntatem,
1307 3055 1346 3114 et
1369 3040 1503 3146 subjici

85 3163 224 3254 aliene,
248 3195 328 3244 esse
348 3168 387 3243 in
400 3195 478 3244 uno
494 3168 743 3274 locoquando
761 3167 901 3245 vedent
921 3194 1001 3246 esse
1022 3167 1060 3242 in
1081 3166 1166 3258 elio,
1187 3168 1329 3246 esurire
1351 3173 1505 3277 quando

85 3295 224 3372 vellent
244 3298 460 3382 comedere,
477 3296 629 3403 vigilare
645 3297 798 3404 quando
816 3296 956 3375 vellent
971 3297 1153 3382 dormire,
1173 3315 1211 3375 et
1226 3298 1345 3376 multa
1358 3300 1456 3377 dura
1467 3321 1505 3378 et

85 3455 213 3530 aspera
228 3429 431 3517 sustinere3
455 3445 492 3505 et
512 3428 582 3533 ipsi
604 3427 887 3534 respondissent
906 3443 966 3504 ter
984 3427 1091 3533 quod
1110 3428 1237 3505 omnia
1254 3429 1502 3518 sustinerent,

85 3556 257 3649 finaliter,
279 3558 410 3637 habito
436 3558 595 3638 consilio
622 3587 709 3636 cum
735 3558 844 3635 dictis
867 3555 1044 3634 fratribus
1067 3573 1104 3633 et
1127 3558 1284 3662 prestito
1310 3586 1379 3665 per
1400 3561 1504 3668 jura-

86 3703 256 3763 mentum
268 3689 374 3792 quod
387 3715 466 3765 non
477 3669 669 3766 habebant
683 3686 938 3762 infirmitatem
954 3685 1152 3779 latentem,
1164 3715 1234 3766 nec
1247 3706 1353 3767 eraut
1364 3718 1505 3768 excom·

86 3815 282 3902 munireti,
304 3843 374 3893 uec
400 3815 536 3892 debitis
557 3817 662 3921 quod
684 3814 827 3894 solvere
849 3833 926 3893 nou
949 3833 1101 3922 possent
1123 3818 1182 3894 vel
1202 3819 1307 3897 alteri
1331 3820 1503 3930 religioni

85 3944 256 4053 obligati,
279 3962 317 4021 et
336 3945 442 4050 quod
462 3944 586 4022 dictus
605 3948 790 4023 Tossanea
816 3973 894 4024 uon
917 3962 998 4023 erat
1015 3944 1159 4024 servilis
1182 3949 1505 4029 condicionisnec

86 4075 331 4154 matrimonio
347 4074 549 4182 obligatus,
576 4073 664 4152 lecit
688 4103 778 4152 eum
791 4103 932 4153 rotem
960 4094 999 4154 et
1017 4077 1146 4184 jurare
1166 4105 1279 4186 super
1298 4079 1506 4186 quemdam

86 4204 226 4283 librum
250 4204 472 4294 castitatem,
490 4204 767 4291 obedienciam,
787 4205 908 4283 rivere
931 4207 1013 4282 sine
1038 4207 1208 4313 proprio,
1225 4227 1264 4285 et
1282 4209 1385 4316 quod
1400 4210 1504 4317 jura-

86 4353 171 4413 rent
194 4363 262 4440 pro
282 4362 391 4440 posse
413 4363 483 4411 suo
503 4336 552 4412 ad
578 4335 850 4444 anquirendum
870 4339 1028 4414 Terram
1045 4354 1232 4426 sanctam,
1251 4356 1290 4416 et
1303 4340 1409 4446 quod
1426 4366 1504 4417 non

86 4482 209 4541 essent
224 4465 262 4541 in
287 4464 370 4543 loco
397 4465 437 4542 in
458 4493 536 4572 quo
561 4465 696 4582 aliquis
713 4460 1003 4545 exheredaretur
1018 4468 1173 4576 injuste,
1191 4485 1228 4545 et
1249 4470 1429 4576 imposuit
1452 4462 1520 4548 eis'

87 4592 300 4683 mantellos,
317 4595 426 4673 dictis
445 4613 638 4703 receptore
654 4613 692 4672 et
705 4597 931 4704 predtyteris
950 4599 1161 4677 dicentibus
1176 4600 1363 4706 psalmum
1381 4633 1390 4678 ε
1412 4603 1505 4697 Ecce

84 4752 199 4830 quam
216 4723 378 4813 bonum,
394 4728 562 4832 precepit
576 4728 630 4806 eis
649 4729 761 4833 quod·
773 4729 1033 4807 oscularentur
1052 4758 1152 4808 unus
1167 4758 1315 4809 crucem
1336 4733 1504 4811 montelli

85 4853 254 4941 alterius,
270 4857 374 4960 quod
385 4854 1003 4936 leceruntlostmodumfirerunt
1014 4859 1168 4937 osculati
1181 4860 1320 4939 dictum
1340 4870 1504 4969 recepto·
