4080 6052
691 518 884 609 rnocrs
911 536 1006 608 uss
1032 535 1334 608 rennuens.
1647 542 1718 614 rer

306 699 432 758 autem
452 707 519 785 per
538 678 656 755 dictos
676 677 852 754 dominos
871 677 1144 754 commissarios
1162 675 1295 755 fuisset
1314 677 1459 755 dictum
1478 680 1619 755 eisdem
1640 710 1723 785 pre·

305 812 399 889 latos
418 813 459 887 ll.
483 827 520 886 et
537 812 578 886 P.
600 809 861 914 sollempniter
881 826 919 885 et
934 808 1143 885 voluntarie
1163 810 1402 888 renunciasse
1429 807 1635 887 defensioni
1664 839 1723 886 or-

305 943 404 1018 dinis
421 940 581 1047 predicti
606 958 644 1017 et
666 941 822 1018 rediisse
849 940 896 1016 ed
921 940 1062 1045 primas
1080 938 1332 1017 confessiones
1355 940 1470 1017 factas
1490 967 1559 1046 per
1579 968 1658 1026 eos,
1685 959 1723 1017 et

305 1073 421 1148 eciam
438 1088 525 1178 post
543 1071 679 1148 dictam
699 1071 1025 1148 renunciacionern
1039 1069 1229 1177 prefatum·
1245 1070 1396 1149 fratrem
1416 1073 1456 1149 P.
1477 1070 1630 1176 fregisse
1646 1100 1723 1147 car·

305 1230 429 1279 cerem
450 1219 488 1278 et
506 1201 661 1308 fugisse,
684 1218 722 1278 et
742 1202 885 1279 dictum
911 1200 1062 1278 fratrem
1083 1203 1125 1278 B.
1149 1229 1228 1279 esse
1249 1203 1288 1277 in
1308 1201 1371 1278 tali
1395 1218 1493 1278 statu
1520 1202 1624 1306 quod
1646 1229 1721 1278 non

306 1350 363 1408 est
380 1331 636 1409 admittendus
652 1332 699 1408 ad
724 1329 983 1408 defensionem
1013 1331 1158 1408 ordinis
1179 1331 1355 1436 predicti,
1377 1347 1526 1435 utpote
1549 1331 1638 1437 quia
1658 1333 1724 1409 de·

306 1461 480 1567 gradatus
506 1490 573 1566 per
602 1460 806 1538 concilium
829 1460 1065 1567 provincialis
1089 1459 1235 1536 concilii
1257 1461 1501 1551 Senonensis,
1524 1459 1723 1538 offerentes

305 1589 393 1666 dicti
414 1590 558 1666 domini
578 1590 821 1668 commissarii
842 1590 1020 1695 predictis
1038 1588 1224 1666 militibus
1248 1589 1353 1694 quod
1368 1590 1486 1713 parati
1510 1607 1615 1665 erant
1633 1592 1725 1665 reci-

304 1747 392 1824 pere
408 1720 624 1825 juramenta
641 1721 797 1798 testium
817 1719 1122 1826 recipiendorum
1143 1720 1183 1794 in
1202 1719 1358 1823 negocio
1370 1719 1454 1801 ‚isto
1471 1718 1510 1793 in
1534 1721 1725 1823 presencia

305 1851 527 1927 eorumdem
548 1849 731 1937 militum,
756 1851 785 1925 si
812 1849 941 1926 adesse
965 1847 1157 1934 volebant,
1182 1864 1223 1923 et
1250 1847 1412 1952 benigne
1437 1847 1567 1924 audire
1596 1850 1626 1925 si
1651 1878 1723 1954 qua

305 1980 444 2056 vellent
462 2007 674 2085 proponere
696 2007 821 2057 coram
846 1980 952 2084 ipsis
969 1978 1068 2057 Dicti
1094 1977 1233 2054 milites
1257 1979 1536 2084 responderunt
1563 2006 1603 2055 se
1623 1980 1724 2056 nolle

306 2108 484 2185 interesse
510 2111 627 2186 modo
651 2137 721 2186 nec
749 2109 838 2186 alias
852 2110 1079 2217 juramentis
1095 2109 1252 2186 testium
1273 2108 1578 2214 recipiendorum
1598 2109 1638 2184 in
1659 2139 1724 2185 ne·
1745 2115 1750 2125 '

306 2240 412 2345 goeio
432 2238 633 2344 prelibato,
656 2239 727 2315 nisi
749 2236 934 2316 baberent
959 2239 1081 2315 dictos
1096 2237 1229 2315 fratres
1251 2241 1294 2314 ll.
1323 2257 1361 2314 et
1384 2240 1424 2314 P.
1449 2255 1486 2314 et
1504 2239 1720 2329 consilium,

306 2370 496 2455 timentes.
511 2369 631 2463 aliter,
654 2386 697 2445 ut
727 2367 917 2458 dicebant,
940 2367 1167 2474 prejudicari
1195 2366 1512 2472 appellacionibus
1534 2368 1721 2472 predictis.

306 2500 354 2573 Et
373 2500 425 2574 sic
447 2499 494 2575 ab
520 2500 688 2603 ipsorum
716 2499 962 2575 dominorum
985 2496 1326 2574 commissariorum
1350 2497 1542 2602 presencia
1564 2524 1724 2573 recesse-

305 2646 404 2704 mnt.
1441 2613 1443 2616 ⁴

361 2759 510 2851 Quibus
524 2758 695 2862 peractis,
711 2757 842 2835 fratres
859 2756 1032 2836 Galterus
1047 2757 1093 2834 de
1109 2757 1221 2834 Buris
1235 2757 1497 2863 Lingonensis,
1514 2759 1726 2864 Stephanus

306 2887 353 2962 de
372 2887 553 2964 Doimont
583 2886 771 2993 ejusdem,
793 2887 880 2966 Odo
905 2887 953 2964 de
977 2887 1106 2964 Doura
1134 2889 1241 2963 Petra
1270 2887 1472 2978 Eduensis‚
1500 2887 1658 2963 Enricus
1677 2889 1724 2964 de

305 3018 417 3094 Bnris
435 3018 683 3122 lingonensis
705 3017 922 3121 presbiteri,
949 3016 1140 3095 lohannes
1164 3018 1287 3093 lbera
1311 3017 1555 3106 belvacensis,
1582 3015 1725 3092 Game—

308 3147 389 3222 rius
408 3147 456 3221 de
469 3144 716 3224 Vemefraaco
736 3146 983 3232 Senonensis,
1007 3146 1184 3223 tilbertus
1204 3147 1251 3222 de
1273 3145 1472 3224 Columbis
1492 3146 1722 3224 Parisiensis,

305 3273 550 3351 'l'beebaldus
572 3276 784 3352 Tavernarii
810 3275 1042 3363 Parisiensis‚
1059 3277 1099 3353 P.
1122 3275 1169 3352 de
1190 3277 1337 3382 Loyson
1358 3275 1597 3364 Morinensis,
1614 3277 1653 3351 P.
1677 3278 1724 3351 de

306 3404 411 3481 Belb
437 3405 566 3481 Monte
587 3403 833 3497 belvacensis,
849 3406 1039 3482 lebannes
1055 3405 1232 3498 Quintini'
1254 3406 1300 3481 de
1320 3407 1448 3481 Benna
1462 3403 1666 3491 Eduensis‚
1688 3420 1725 3477 et

307 3532 495 3612 lohannes
522 3535 571 3613 de
591 3553 716 3612 sancto
738 3536 884 3629 Questo
906 3535 1138 3613 belvacensis
1163 3535 1387 3626 diocesim,
1409 3535 1475 3641 qui
1506 3532 1727 3613 dicebantur
1802 3529 1803 3534 ’

306 3690 386 3739 esse
406 3663 538 3741 fratres
555 3665 646 3741 dicti
666 3666 827 3751 ordinis,
848 3666 937 3741 licet
951 3682 1041 3742 tunc
1062 3664 1150 3740 dicti
1170 3665 1315 3741 ordinis
1333 3663 1505 3741 habitum
1521 3692 1598 3740 non
1614 3680 1727 3769 gesta-

307 3809 407 3880 rent,
424 3792 578 3869 adducti
601 3794 649 3869 ad
671 3796 906 3899 presenciam
926 3794 1115 3871 dictorum
1141 3795 1384 3871 dominorum
1405 3823 1474 3900 pro
1489 3793 1724 3901 perhibendo

306 3921 522 3996 testimonio
541 3922 580 3997 in
599 3924 756 4028 negocio
773 3925 861 4010 isto,
873 3925 1096 4031 juraverunt
1107 3951 1233 4001 coram
1249 3925 1357 4002 dictis
1376 3925 1539 4001 dominis
1558 3925 1724 4003 commis

307 4052 426 4141 senis,
443 4051 548 4128 tactis
562 4053 801 4128 sacrosanctis
814 4053 1038 4159 Evangeliis,
1055 4053 1179 4129 dicere
1198 4071 1317 4131 totam·
1334 4054 1484 4158 plenam
1504 4081 1648 4133 meram
1662 4082 1724 4129 ve-

306 4183 454 4258 ritatem
479 4182 517 4257 in
537 4182 694 4289 negocio
716 4182 805 4271 isto,
837 4183 1044 4260 secundum
1071 4181 1230 4259 formam
1250 4183 1456 4290 juramenti
1482 4183 1643 4261 aliorum
1667 4202 1724 4260 te·

304 4313 420 4408 stium
443 4313 617 4416 superius
643 4313 875 4418 registratam
891 4329 929 4388 et
944 4312 1148 4418 vulgariter
1165 4313 1368 4420 expositam
1394 4312 1547 4389 eisdem.
1563 4315 1611 4389 Et
1634 4312 1726 4389 dicti

307 4442 450 4517 domini
467 4441 712 4529 commissarii
729 4442 1032 4543 deliberaverunt
1050 4443 1156 4548 quod
1181 4472 1225 4521 ex
1245 4460 1336 4520 tunc
1355 4443 1531 4519 continue
1546 4443 1725 4549 procede-

306 4586 408 4658 rent,
430 4563 582 4675 quando
601 4571 738 4649 melius
763 4589 802 4649 et
820 4572 986 4684 celerius
1006 4590 1174 4678 possent,
1197 4574 1237 4651 in
1256 4573 1412 4681 negocio
1431 4573 1659 4679 supradicto,
1685 4590 1724 4648 et

305 4699 447 4806 placuit
460 4701 682 4807 supradictis
696 4702 877 4789 dominis,
898 4702 1176 4810 archiepiscopo
1190 4703 1437 4794 Narbonensi,
1454 4704 1664 4783 Mimatensi
1683 4721 1723 4778 et

308 4829 564 4908 lemovicensi
590 4832 772 4939 episcopis
798 4849 837 4910 et
862 4833 1014 4912 Matheo
1039 4834 1087 4911 de
1111 4833 1281 4941 Neapoli,
1310 4834 1464 4942 quodsi
1490 4835 1722 4940 contingeret
