4080 6052
493 515 689 609 raocts
714 535 810 608 uns
837 536 1138 630 cananeas.
1450 541 1520 617 aar

110 707 195 757 rum
215 676 401 786 ejusdem,
429 677 583 754 tandem
609 695 694 785 post
717 693 887 784 mortem·
899 678 1016 785 ipsius
1045 680 1189 758 domini
1211 679 1284 759 fuit
1308 679 1523 770 ordinatum

109 838 176 914 per
197 810 350 899 amicos,
380 808 485 913 quod
499 809 688 887 secundus
706 827 815 887 natus
829 808 918 886 dicti
935 796 1080 889 domini
1101 812 1148 889 de
1162 810 1293 898 illino,
1310 809 1435 888 Berlio
1455 839 1524 892 no·
1556 818 1560 824 ’

108 939 225 1032 mine,
247 956 345 1019 esset
363 938 617 1047 Templarius‚
637 940 765 1019 diceus
786 940 890 1017 idem
907 943 1014 1049 Hugo
1029 942 1135 1049 quod
1148 942 1228 1049 ipse
1248 969 1423 1019 unacum
1440 941 1525 1049 plu-

106 1068 211 1148 ribus
223 1069 307 1146 aliis
325 1069 454 1146 amicis
469 1070 558 1147 dicti
573 1069 757 1148 Berlionis
776 1070 842 1146 ivit
862 1071 910 1147 ad
929 1071 1120 1178 quandam
1137 1072 1296 1149 domum
1315 1071 1464 1177 Templi
1485 1073 1525 1149 in

107 1195 296 1290 nivernis,
319 1199 436 1276 nescit
452 1198 613 1305 qualiter
625 1217 788 1286 vocatur,
805 1199 872 1276 sed
887 1202 1058 1309 estjuxta
1071 1201 1251 1310 Aligerim
1265 1229 1384 1309 prope
1402 1202 1526 1308 quod·

109 1329 196 1405 dam
219 1357 370 1416 nemus,
392 1328 450 1405 vel
466 1330 571 1434 quasi
598 1330 637 1407 in
663 1330 744 1436 ipso
759 1357 932 1418 nemore,
953 1349 996 1408 ut
1024 1332 1117 1410 dixit
1135 1332 1257 1409 dimus
1273 1334 1381 1440 Hugo
1401 1332 1525 1411 eidem

107 1460 210 1548 testi,
228 1459 460 1568 subjungens
477 1460 583 1565 quod
603 1489 689 1537 cum
705 1460 806 1536 idem
821 1460 945 1538 Berlio
964 1459 1096 1538 fuisset
1110 1479 1281 1567 receptus
1296 1462 1336 1537 in
1360 1463 1526 1570 quodam

106 1588 188 1666 loco
205 1607 347 1668 secreto
369 1590 466 1667 dicte
486 1590 624 1667 domus
641 1590 681 1664 in
698 1617 777 1696 quo
798 1590 907 1666 amici
933 1590 1015 1698 ejus
1035 1618 1113 1669 nou
1133 1589 1352 1683 adfuerunt,
1380 1610 1417 1669 et
1442 1610 1527 1699 post

107 1718 238 1798 exisset
251 1719 408 1797 indutus
419 1718 593 1796 habitum
610 1718 770 1812 ordinis,
789 1719 952 1827 prefatus
966 1720 1093 1799 Beriio
1107 1719 1179 1798 fuit
1189 1738 1292 1799 totus
1308 1738 1473 1800 mutatus
1489 1740 1526 1798 et

105 1847 297 1938 alteratum
326 1849 449 1926 statim
464 1866 549 1955 post
562 1850 711 1926 intravit
726 1878 877 1936 nemus,
895 1866 933 1926 et
954 1879 1042 1927 cum
1062 1850 1171 1928 amici
1199 1852 1280 1958 ejus
1301 1851 1527 1928 mirarentur

109 1978 155 2056 de
170 1977 251 2086 ejus
265 1978 436 2055 absencia
451 1996 489 2054 et
502 1996 677 2085 quereret
689 1979 755 2056 ubi
772 1995 884 2069 esset,
899 1979 1021 2057 dictus
1038 1982 1148 2091 Hugo
1163 1980 1236 2058 suit
1248 2009 1337 2057 cum
1357 1999 1523 2072 secutus,

109 2125 146 2183 et
160 2107 300 2183 invenit
312 2136 400 2184 eum
415 2108 455 2183 iu
465 2136 620 2185 nemore
635 2107 761 2184 solum
774 2125 812 2185 et
826 2110 1055 2188 amarissime
1069 2111 1223 2188 flentem
1239 2126 1278 2187 et
1291 2129 1524 2218 gementem3

108 2257 246 2315 etcum
262 2237 384 2314 dictus
400 2240 508 2345 Hugo
528 2236 783 2314 consolaretur
795 2267 883 2315 eum
901 2256 939 2316 ct
956 2240 1098 2317 diceret
1114 2240 1207 2347 quid
1222 2242 1296 2319 hoc
1310 2241 1409 2317 erati
1421 2242 1525 2319 idem

107 2368 232 2447 Berlio
249 2368 446 2474 respondit
469 2367 574 2474 quod
587 2367 718 2445 mallet
730 2368 835 2475 quod
849 2387 1022 2475 parentes
1047 2371 1129 2479 ejus
1153 2370 1416 2448 sumersissent
1436 2400 1525 2448 eum

108 2501 147 2575 in
162 2527 345 2606 aquaque
360 2515 438 2576 erat
451 2498 505 2575 ibi
521 2497 689 2605 proxima
705 2527 819 2605 quam
834 2499 938 2606 quod
950 2497 1126 2579 fecissent
1144 2528 1232 2577 eum
1247 2498 1522 2605 templarium

109 2649 147 2707 et
165 2660 252 2707 cum
273 2630 392 2708 dimus
404 2632 513 2737 Hugo
529 2647 728 2709 conaretur
743 2658 831 2708 eum
846 2630 984 2708 iterum
997 2629 1120 2709 verbis
1134 2630 1308 2710 dulcibus
1323 2632 1521 2724 consolari,

106 2760 210 2838 idem
228 2760 355 2838 Berlio
374 2759 468 2837 dixit
486 2758 520 2836 ei
537 2792 546 2836 ε
567 2759 687 2849 Vade,
707 2788 785 2837 nou
800 2758 966 2868 loquaris
980 2760 1096 2838 michi
1112 2758 1272 2868 amplius
1289 2762 1336 2838 de
1350 2763 1441 2849 hoc,
1457 2761 1524 2840 sed

107 2890 198 2967 vade
218 2889 265 2967 ad
281 2888 432 2967 fratrem
450 2916 596 2979 meum,
620 2905 658 2965 ct
676 2889 777 2968 dicas
800 2889 835 2967 ei
864 2890 970 2997 quod
994 2890 1162 2967 extrahat
1184 2918 1247 2966 me
1273 2890 1320 2967 de
1342 2890 1411 2967 ista
1436 2890 1524 2968 reli·

106 3021 235 3128 gione3
251 3018 397 3125 quodsi
417 3045 495 3094 non
510 3018 633 3105 saciat,
655 3019 844 3097 offendam
864 3036 987 3098 totum
1007 3047 1285 3129 genusmeum,
1301 3018 1362 3096 vel
1379 3018 1522 3096 interfi-

108 3152 202 3226 ciam
223 3176 296 3226 me.
317 3150 449 3227 Dictus
470 3166 594 3227 autem
614 3149 725 3255 Hugo
751 3150 902 3228 rediens
928 3151 976 3228 ad
999 3151 1139 3228 amicos
1161 3149 1293 3257 prefati
1316 3149 1519 3243 Berlionis‚

107 3279 172 3387 qui
189 3295 280 3356 tunc
301 3295 406 3356 erant
426 3277 480 3354 ibi
505 3297 715 3386 presentes,
743 3281 889 3388 apemit
906 3281 959 3360 eis
980 3280 1256 3360 desolacionem
1271 3296 1309 3356 et
1327 3279 1520 3356 tristiciam

107 3409 196 3486 dicti
219 3407 423 3500 Berlionis3
448 3409 496 3485 ad
518 3437 681 3516 quorum
703 3412 909 3491 amicorum
933 3412 1166 3518 presenciam
1189 3410 1292 3488 idem
1314 3408 1441 3486 Berlio
1458 3437 1521 3487 ve-

107 3542 230 3627 niens,
247 3567 325 3618 non
342 3540 467 3648 potuit
483 3541 784 3622 consolacionem
797 3542 979 3648 recipere,
1002 3570 1071 3630 uec
1091 3541 1206 3618 eciam
1223 3538 1272 3616 ad
1286 3536 1521 3646 Templario-

105 3699 190 3747 rum
214 3671 280 3776 qui
305 3668 360 3746 ibi
386 3670 568 3748 adherant
595 3671 831 3764 instanciam,
859 3670 1009 3748 volebat
1031 3671 1194 3777 aliquam
1219 3668 1519 3749 consolacionem

107 3801 271 3904 recipere
303 3799 512 3876 secundum
541 3801 712 3877 eandem.
742 3800 907 3894 Quidam
933 3827 1045 3876 senex
1076 3800 1336 3908 Templarius,¹
1360 3797 1516 3889 nobilis,

107 3929 209 4005 dives
232 3945 271 4004 et
289 3942 441 4033 potens,
462 3928 526 4033 qui
550 3928 694 4017 aderat,
717 3929 810 4006 dixit
833 3928 961 4007 amicis
987 3929 1077 4007 dicti
1105 3929 1288 4041 Berlionis
1305 3962 1313 4006 :
1332 3928 1520 4006 Dimitatis

107 4086 194 4135 eum
217 4057 352 4149 michi,
373 4084 441 4163 ego
459 4055 557 4134 bene
575 4057 798 4137 consolabor
809 4086 920 4145 eum3
942 4074 981 4136 et
1000 4058 1165 4168 dirigens
1186 4059 1298 4135 verba
1324 4085 1390 4134 sua
1418 4056 1519 4135 dicto

105 4187 289 4283 Berlioni,
312 4186 405 4263 dixit
424 4187 457 4263 ei
477 4219 485 4264 ε
510 4187 589 4295 Ego
614 4187 754 4294 recipio
773 4205 812 4266 te
831 4188 872 4265 in
891 4188 1037 4265 socium
1063 4217 1208 4280 meum,
1228 4205 1267 4265 et
1289 4187 1336 4264 de
1356 4185 1519 4265 vestibus

106 4317 215 4406 meis,
234 4334 271 4394 ct
289 4316 494 4424 providebo
509 4316 579 4394 tibi
591 4316 689 4396 bene
707 4319 753 4397 de
774 4319 996 4426 equitaturis
1013 4321 1114 4397 etde
1131 4318 1213 4397 aliis
1232 4316 1464 4408 necessariis3
1482 4334 1521 4395 et

105 4450 158 4525 sic
179 4466 271 4524 tunc
295 4449 474 4526 remansit
493 4477 580 4525 cum
609 4476 672 4538 eo,
704 4467 743 4527 et
773 4450 837 4527 alii
866 4468 1113 4528 recesserunt.
1137 4452 1270 4528 Postea
1292 4477 1397 4541 vero,
1424 4447 1519 4524 circa

107 4575 309 4654 dimidium
326 4605 484 4669 annum,
505 4574 670 4684 prefatus
695 4581 824 4689 Hugo,
854 4579 919 4686 qui
947 4579 1021 4658 cito
1036 4597 1121 4686 post
1148 4580 1407 4687 recepcionem
1429 4576 1519 4653 dicti

104 4705 289 4789 Berlionis
316 4707 597 4786 renunciaverat
627 4707 902 4789 desolacionem
934 4709 1105 4818 ejusdem
1131 4709 1299 4791 Gerardo
1331 4709 1379 4785 de
1407 4705 1519 4784 lilino

104 4836 208 4915 fratri
227 4836 343 4942 ipsius
367 4836 568 4926 Bediouis,
591 4837 748 4921 visitavit
768 4840 911 4920 dictum
930 4838 1169 4931 Berlionem,
1189 4841 1237 4920 de
1265 4836 1443 4918 mandato
1463 4835 1520 4941 ip-

188 4973 295 5037 saccis
317 4996 369 5040 urs
389 4996 561 5040 insanitas.
574 5011 616 5026 -
629 4997 648 5039 1.
1331 4977 1372 5039 58
