4080 6052
260 631 268 645 ,
309 556 382 630 sou
695 533 890 625 procas
915 550 1010 622 oss
1036 551 1335 624 renarrans.

307 694 518 774 immobilia
531 696 714 798 usquead
727 693 905 770 vallorem
921 691 1215 796 quingentorum
1229 691 1413 768 librarum
1428 689 1741 779 Turonensiunr,

308 846 347 907 et
371 842 525 933 propter
541 825 614 902 boc
632 825 863 901 induxerunt
877 850 965 899 eum
980 838 1024 897 ut
1043 821 1199 898 intraret
1215 820 1439 927 religionem
1460 847 1623 898 eorum.

365 959 477 1044 Item,
495 955 588 1032 diuit
602 955 708 1061 quod
722 957 800 1061 ipse
817 954 916 1031 bene
929 951 1105 1029 credebat
1117 953 1360 1028 sacramentis
1369 949 1565 1041 Ecclesia,
1584 949 1734 1027 credens

309 1085 413 1193 quod
432 1084 496 1162 alii
512 1067 728 1174 ‘crederent
752 1101 790 1162 et
807 1082 913 1192 quod
935 1109 1070 1159 eorum
1088 1082 1301 1195 sacerdotes
1321 1080 1452 1159 debite
1474 1079 1728 1169 celebrarent;

308 1216 428 1293 credit
446 1231 572 1292 tamen
600 1214 704 1318 quod
724 1215 847 1291 dictus
875 1228 1170 1318 receptor-esset
1198 1205 1319 1289 malus
1344 1213 1479 1288 homo.
1503 1211 1590 1289 Non
1618 1210 1730 1287 credit

307 1346 412 1451 quod
432 1344 608 1449 Magister
626 1343 685 1421 vel
705 1343 767 1420 alii
787 1342 871 1420 laici
890 1340 1128 1421 absolverent
1143 1340 1202 1419 vel
1221 1357 1374 1447 possent
1389 1339 1591 1418 absolvere
1610 1369 1632 1417 a
1649 1369 1732 1447 pec·

309 1477 414 1566 catis,
434 1503 503 1553 nec
526 1474 668 1550 audivit
691 1474 765 1550 dici
789 1502 860 1550 nec
887 1473 992 1563 fieri3
1013 1470 1061 1549 de
1087 1469 1225 1548 osculis
1251 1471 1464 1548 inhonestis
1483 1472 1606 1548 nescit
1623 1470 1729 1576 plura

298 1632 423 1710 *quam
438 1631 549 1708 supra
565 1602 754 1708 deposuit·
765 1602 1015 1710 Recepciones
1029 1600 1171 1678 fiebant
1187 1599 1436 1691 clandestine,
1451 1599 1568 1677 nullis
1579 1627 1726 1704 presen-

308 1734 410 1811 tibus
430 1733 500 1810 nisi
522 1732 701 1811 fratribus
720 1734 882 1824 ordinis,
901 1751 938 1811 et
947 1733 1074 1841 januis
1089 1732 1240 1819 clausis,
1263 1749 1301 1808 et
1313 1730 1437 1808 credit
1456 1732 1555 1838 qnod
1568 1747 1722 1836 propter

308 1866 382 1943 hoc
402 1881 481 1941 erat
499 1862 595 1941 mala
612 1864 774 1969 suspicio
793 1881 920 1941 contra
936 1891 1022 1952 eos3
1043 1864 1092 1939 de
1110 1861 1233 1970 ydolis
1259 1879 1297 1938 et
1317 1861 1506 1967 capitibus
1525 1861 1723 1970 ydolorum

308 1994 424 2072 nichil
447 1994 516 2071 scit
538 2021 607 2071 nec
625 1994 766 2072 audivit
782 1994 925 2100 aliquid
946 1993 1038 2083 dici,
1055 1992 1127 2070 nisi
1144 2009 1230 2098 post
1245 1993 1463 2098 cuprionem
1485 2020 1639 2080 eorunm
1657 1992 1724 2068 sibi

297 2140 347 2199 -et
378 2122 459 2200 aliis
489 2122 561 2199 fuit
593 2123 805 2228 injunctum
834 2123 939 2231 quod
957 2124 1126 2231 jacerent
1152 2123 1261 2200 cincti
1287 2123 1469 2212 cordulis,
1498 2124 1580 2228 ipse
1602 2140 1726 2199 umen

308 2280 503 2357 nunquam
522 2252 693 2357 portavit.
716 2253 846 2331 Credit
863 2252 968 2358 quod
987 2251 1046 2328 illi
1069 2252 1135 2358 qui
1155 2252 1302 2330 nollent
1326 2250 1449 2329 farere
1468 2252 1640 2357 predicta
1659 2251 1726 2328 illi-

309 2382 381 2457 cita
403 2382 443 2457 in
469 2381 689 2485 recepoione
715 2383 874 2488 graviter
901 2382 1024 2488 puniti
1049 2400 1190 2470 essent,
1218 2398 1257 2458 et
1274 2381 1339 2487 qui
1360 2381 1576 2458 revelarent
1592 2400 1726 2459 secreta

309 2510 571 2616 capitoliorum
591 2511 650 2589 vel
669 2513 829 2590 modum
855 2511 1083 2617 recepcionis
1102 2528 1287 2617 perpetuo
1305 2511 1446 2589 carceri
1467 2513 1725 2597 traderentur;

310 2640 438 2717 dicens
462 2639 567 2745 quod
587 2640 627 2716 in
651 2642 870 2747 recepcione
891 2669 959 2717 sua
976 2641 1057 2745 ipse
1083 2640 1203 2718 etalii
1232 2641 1298 2746 qui
1322 2639 1483 2718 fuerunt
1502 2670 1593 2718 cum
1612 2669 1656 2719 eo
1669 2669 1725 2717 re-

309 2769 405 2874 cepti
420 2770 642 2876 juraverunt
661 2769 766 2876 quod
783 2798 864 2849 non
879 2770 1089 2848 revelarent
1107 2787 1250 2848 secreta
1272 2769 1545 2874 capituliorum
1564 2798 1628 2846 nec
1645 2797 1721 2846 mo-

310 2897 402 2972 dum
422 2899 650 3004 recepcionis
670 2927 815 2977 eorum.
831 2899 1048 3006 Injunctrnn
1066 2897 1139 2975 fuit
1159 2899 1193 2976 ei
1212 2916 1250 2975 et
1267 2897 1348 2977 aliis
1367 2926 1461 2975 crnn
1472 2925 1521 2976 eo
1538 2898 1720 3004 quodnon

310 3024 579 3105 confiterentur
598 3029 668 3105 nisi
689 3029 945 3108 sacerdotibus
962 3028 1126 3118 ordinm
1144 3029 1225 3133 ipse
1240 3045 1365 3107 tamen
1379 3027 1552 3110 hoonon
1563 3029 1720 3109 sonant.

308 3156 455 3231 Fratres
479 3158 637 3233 scientes
662 3186 808 3236 errores
832 3159 950 3236 dictos
975 3158 1207 3266 negligentes
1232 3158 1407 3244 fuerunt,
1434 3158 1626 3263 quianon
1650 3187 1725 3236 cor

309 3302 486 3362 rexerunt
506 3314 569 3362 eos
588 3315 656 3363 nec
672 3289 992 3366 denunciaverunt
1008 3288 1182 3373 Ecclesie.
1201 3289 1302 3366 Dixit
1322 3289 1440 3365 eciam
1461 3287 1583 3393 quod,
1604 3289 1644 3364 in
1661 3288 1725 3367 do

309 3441 373 3490 mo
395 3414 441 3489 de
462 3415 528 3492 Val
550 3416 596 3491 de
612 3418 689 3492 Tor
710 3436 747 3492 et
763 3418 809 3493 de
825 3417 1073 3522 Courgemin‚
1096 3417 1135 3492 in
1153 3417 1292 3522 quibus
1306 3416 1379 3493 fuit
1392 3434 1573 3503 moratus,
1589 3415 1725 3493 fierent

310 3541 513 3619 elemosine
537 3546 703 3623 restricte
723 3545 781 3621 vel
802 3547 932 3649 pocius
952 3545 1114 3622 anullate
1138 3574 1205 3651 per
1224 3545 1356 3623 lratres
1378 3547 1565 3652 Hugonem
1587 3544 1636 3619 de
1654 3546 1719 3621 Ca·

309 3671 436 3749 bilone
461 3675 675 3779 predictum
695 3691 732 3750 et
752 3675 968 3752 Albericum
988 3675 1036 3752 de
1055 3675 1307 3766 Burrenville‚
1331 3675 1399 3779 qui
1419 3671 1571 3748 luerunt
1592 3701 1721 3777 preoe-

309 3818 434 3904 ptores
454 3804 492 3877 in
514 3803 621 3878 dictis
642 3804 830 3882 domibus.
848 3807 930 3882 Non
950 3806 1093 3882 audivit
1113 3806 1258 3911 injungi
1279 3805 1384 3909 quod
1404 3804 1640 3908 acquirerent
1659 3833 1724 3908 per

308 3932 432 4021 nesas3
449 3933 518 4037 ipsi
535 3949 661 4010 tamon
677 3936 775 4011 bene
792 3936 975 4013 faciebant
991 3936 1074 4013 hoc.
1093 3934 1224 4012 Credit
1238 3934 1343 4040 quod
1361 3933 1556 4010 ordinacio
1572 3961 1645 4039 que
1660 3933 1722 4011 lie-

308 4080 367 4138 ret
395 4089 463 4166 per
485 4065 705 4168 Magistrum
735 4095 820 4141 cnm
851 4081 1036 4143 conventu
1067 4082 1276 4143 servaretur
1306 4081 1346 4140 et
1374 4081 1571 4141 teneretur
1592 4064 1630 4139 in
1648 4080 1723 4139 toto

307 4191 451 4268 ordine.
466 4194 589 4269 Nescit
598 4196 749 4299 quando
762 4197 982 4301 inceperunt
994 4197 1084 4272 dicti
1098 4223 1261 4283 errores,
1283 4195 1351 4272 sed
1370 4193 1492 4271 credit
1511 4195 1616 4302 quod
1637 4193 1722 4268 mul·

309 4337 344 4392 ta
367 4321 440 4397 sint
459 4340 639 4428 tempora.
663 4324 793 4402 Credit
816 4326 921 4432 quod
941 4326 1050 4401 multi
1074 4326 1245 4402 exierunt
1263 4324 1435 4401 ordinem
1457 4340 1615 4429 propter
1634 4321 1721 4398 ledi-

307 4466 400 4528 tates
420 4454 619 4556 predictas,
643 4471 681 4530 et
699 4455 803 4559 quod
820 4456 972 4560 grandia
993 4456 1178 4541 seandala,
1200 4455 1362 4560 suspicio
1378 4470 1416 4531 et
1431 4452 1586 4529 infamia
1599 4470 1720 4530 contra

307 4582 480 4657 ordinem
508 4602 596 4661 sunt
620 4603 755 4662 exorta.
787 4586 917 4664 Credit
936 4588 1033 4664 bene
1053 4587 1159 4694 quod
1177 4587 1342 4691 predicta
1361 4585 1491 4662 illicita
1520 4583 1719 4662 confessura

305 4733 372 4809 per
391 4738 478 4784 eum
500 4731 588 4788 nota
605 4715 680 4790 sint
700 4734 737 4793 et
756 4717 949 4794 manifesta
968 4717 1068 4793 inter
1092 4716 1224 4794 fratres
1244 4714 1403 4800 ordinis,
1426 4713 1601 4792 etmulti
1624 4741 1720 4790 secu·

303 4835 399 4912 lares
419 4838 489 4913 hoc
508 4842 667 4918 credunt
684 4847 817 4943 modo,
836 4848 994 4925 sednon
1016 4848 1220 4925 credebant
1239 4863 1323 4922 ante
1340 4844 1576 4950 captionem.
1597 4840 1715 4924 Credit
