4080 6052
312 550 387 625 asc
634 603 638 611 .
703 527 898 619 reeens
923 542 1019 615 oss
1043 540 1341 616 reuertens.

311 690 440 767 etfuit
456 686 641 765 adductus
657 684 706 761 ad
719 685 949 791 prmenciam
965 681 1190 760 eommdem
1207 682 1451 759 dominorum
1466 684 1741 766 eomnsissario

310 850 415 906 rum,
435 837 478 897 ut
502 815 876 924 deponeretdismm
900 840 1029 902 suum,
1050 812 1283 891 lacobus··de
1307 814 1453 905 Trecis,
1473 815 1580 892 testis
1604 843 1739 924 suprs-

218 979 222 987 ·
306 956 469 1061 juratus,
493 951 634 1055 absque
659 947 836 1024 mantello
861 964 899 1023 et
923 944 1054 1022 habitu
1074 945 1239 1051 Templi,
1258 963 1390 1022 tonsus
1415 945 1533 1051 capite
1562 965 1603 1024 et
1630 976 1738 1031 rasus

308 1085 440 1170 barba,
463 1082 590 1171 etatis,
606 1096 652 1185 ut
669 1079 782 1169 dixit,
794 1102 1089 1156 nomannorum
1107 1075 1166 1151 vel
1185 1076 1301 1165 circu,¹
1318 1094 1357 1152 et
1370 1076 1473 1153 -dixit
1496 1078 1604 1183 quod
1621 1079 1739 1159 intra-

311 1233 410 1293 verat
428 1216 570 1291 dictum
590 1211 762 1288 ordinem
781 1237 850 1314 per
868 1226 944 1285 tres
964 1233 1081 1283 annes
1100 1235 1188 1283 cum
1204 1206 1376 1284 dimedio
1392 1207 1457 1284 vel·
1471 1207 1567 1284 circa
1582 1228 1673 1288 ante
1684 1240 1737 1289 α.

308 1348 481 1451 pcionem
498 1341 816 1446 Templariorum,
832 1356 874 1415 et
892 1335 1125 1443 intelligebat
1137 1337 1391 1426 Latiumn,.ut
1405 1338 1513 1428 dixit,
1531 1357 1572 1415 et
1588 1359 1672 1419 erat
1686 1371 1736 1421 se-

309 1475 519 1552 neschallus
532 1473 681 1548 domus
699 1470 747 1546 de
764 1468 967 1549 villaribus
979 1494 1106 1573 prope
1131 1469 1266 1547 Trscas
1278 1485 1330 1545 -et
1354 1468 1469 1546 irater
1489 1469 1674 1562 serviens,
1697 1491 1739 1551 st

308 1607 429 1681 luerat
449 1603 693 1689 examinatus,
712 1617 756 1676 ut
775 1598 882 1687 dixit,
902 1599 941 1674 in
962 1598 1120 1704 negocio
1139 1597 1441 1704 Templariorum
1459 1625 1531 1703 per
1550 1600 1735 1708 archiepi-

308 1764 465 1842 scopum
478 1733 670 1841 quondam
688 1730 1007 1808 Senoneusemet
1022 1745 1151 1834 postea
1164 1757 1240 1834 per
1258 1730 1474 1836 episcopum
1489 1728 1734 1811 Aurelianen-

308 1896 403 1958 sem,
436 1891 646 1972 nunquam·
665 1868 792 1939 tamen
811 1863 1102 1968 “questionatus
1133 1876 1178 1935 ut
1212 1860 1318 1948 dixit,
1353 1859 1485 1936 fuerat.
1511 1861 1731 1969 ‘Requiritus

310 2017 436 2075 autem
461 2025 574 2101 super
600 1992 777 2072 omnibus
806 2010 844 2069 et
870 1991 1027 2100 singulis
1047 1991 1228 2078 articulis,
1250 1990 1445 2096 respondit
1464 1991 1511 2066 ad
1533 2019 1598 2068 eos
1616 2010 1659 2069 ut
1676 2022 1733 2070 se·

310 2130 450 2233 quitur.
500 2154 504 2164 ’
1601 2168 1604 2173 ·

365 2260 488 2363 Super
504 2255 637 2361 primis
656 2268 720 2331 Μ’
737 2254 919 2344 articulis,
930 2253 990 2329 de
1008 2252 1282 2360 abnegatione,
1304 2269 1393 2343 etc,
1415 2253 1732 2362 responditquod

308 2390 386 2492 ipse
406 2387 526 2464 suerat
543 2402 715 2491 receptus
734 2386 773 2461 in
794 2385 894 2461 dicto
917 2383 1049 2460 ordine
1072 2383 1111 2458 in
1135 2383 1251 2459 domo
1269 2380 1418 2488 Templi
1439 2383 1488 2460 de
1508 2384 1620 2461 Santi
1644 2387 1732 2463 Tre·

307 2518 426 2596 censis
445 2517 619 2604 diocesis,
641 2542 716 2622 per·
728 2515 882 2592 fratrem
904 2513 1147 2619 Radulphum
1168 2510 1217 2588 de
1235 2511 1383 2590 Gisiaco
1400 2530 1638 2618 receptorem
1655 2515 1733 2592 red-

308 2649 457 2725 dituum
478 2647 680 2753 Campanie
700 2674 769 2751 pro
790 2645 946 2721 domino
966 2647 1082 2749 Rege,
1106 2645 1196 2719 citra
1220 2642 1359 2719 festum
1390 2642 1565 2721 omnium
1589 2647 1732 2724 &nno

308 2806 411 2863 rum,
433 2795 553 2853 erunt·
563 2802 627 2853 sex
645 2774 813 2851 annivel
832 2776 943 2865 circa,
966 2790 1003 2850 et
1027 2772 1183 2849 indicta
1205 2774 1426 2878 recepcione
1451 2802 1535 2866 sua,
1556 2792 1599 2852 ut
1622 2776 1727 2867 dixit,

310 2906 378 2980 luit
396 2922 559 2982 servatus
575 2906 659 2982 talis
679 2906 834 2995 modus,
849 2933 940 2982 narn
960 2932 1080 3011 quum
1103 2904 1266 2981 venisset
1287 2904 1338 2979 ad
1365 2903 1493 2981 locum
1519 2905 1731 3011 predictum

308 3064 395 3111 cum
414 3052 516 3141 patre
535 3053 572 3110 et
591 3052 707 3111 matre
729 3054 767 3111 et
786 3035 866 3112 aliis
887 3036 1014 3112 amicis
1033 3035 1112 3112 suis
1130 3035 1274 3123 multis,
1295 3035 1348 3112 eis
1367 3036 1651 3143 remanentibus
1671 3066 1731 3115 ex-

307 3185 378 3249 tra,
400 3164 472 3240 suit
495 3164 730 3241 introductus
754 3165 793 3239 in
817 3166 1022 3270 quamdam
1042 3192 1243 3255 cameram,
1265 3165 1401 3270 inqua
1417 3184 1526 3243 erant
1541 3168 1732 3272 predictus

306 3295 417 3370 frater
442 3295 661 3400 Radulpbus
690 3313 727 3371 et
750 3294 881 3371 fratres
914 3295 1127 3371 Ponzardus
1156 3296 1204 3371 de
1232 3296 1378 3373 Gisiaco
1407 3299 1587 3385 serviens,
1615 3326 1734 3404 nepos

307 3426 475 3531 ejusdem
496 3426 617 3502 fratris
633 3424 838 3530 Radulphi,
861 3443 899 3501 et
918 3426 1072 3532 quidam
1092 3427 1319 3532 Burgondus
1340 3428 1460 3505 dictus
1476 3428 1580 3513 Milo,
1604 3445 1643 3503 et
1662 3430 1731 3533 Sy-

307 3583 396 3631 mon
418 3555 464 3631 de
484 3555 624 3630 Pruino
640 3555 864 3661 presbyteri,
886 3573 923 3631 et
940 3555 1049 3632 multi
1070 3555 1132 3630 alii
1153 3556 1201 3632 de
1226 3584 1390 3661 quorum
1412 3554 1627 3633 nominibus
1650 3582 1728 3633 non

307 3688 534 3775 recordatur,
556 3703 598 3763 ut
618 3687 730 3776 dixit3
751 3705 789 3764 et
805 3716 892 3763 cum
914 3705 1011 3764 esset
1031 3688 1071 3764 in
1091 3687 1188 3764 dicta
1209 3715 1369 3779 camera,
1394 3687 1511 3764 dictus
1528 3685 1645 3762 irater
1661 3689 1731 3764 tta-

308 3818 475 3923 dulplms
493 3817 586 3893 dixit
609 3819 641 3893 ei
667 3817 772 3923 quod
794 3818 998 3925 abnegaret
1016 3820 1141 3895 Nostra
1161 3819 1237 3894 Sire
1261 3820 1326 3924 qui
1351 3818 1532 3925 pependit
1550 3819 1589 3894 in
1609 3847 1730 3910 cruce,

308 3965 345 4023 et
368 3950 446 4054 ipse
469 3949 612 4054 respuit
630 3948 702 4024 hoc
720 3947 857 4035 faeere,
877 3949 974 4024 sicut
993 3948 1100 4037 dixit,
1122 3947 1189 4024 sed
1207 3949 1453 4053 postmodum
1470 3950 1611 4027 timens
1629 3952 1732 4057 quod

307 4079 559 4156 interficerent
578 4109 684 4171 eum,
706 4098 750 4156 ut
770 4081 876 4168 dixit,
899 4081 987 4186 quia
1010 4078 1199 4156 habebant
1223 4080 1287 4156 ibi·
1301 4109 1421 4158 unum
1448 4109 1630 4188 magnum
1652 4111 1732 4160 eva-

304 4210 638 4312 ginatum-ensem,
659 4210 854 4317 abnegarit
873 4229 930 4286 ter
950 4210 1128 4299 dicendo,
1148 4229 1207 4287 ter
1226 4237 1307 4302 ore,
1325 4213 1422 4289 sicut
1439 4213 1547 4303 dixit,
1567 4214 1642 4291 sed·
1656 4242 1729 4293 non

306 4340 417 4416 corde
437 4374 446 4417 r
469 4345 537 4418 «Ie
557 4345 632 4418 reni
650 4343 774 4420 Nostra
793 4343 888 4428 Sirr,
910 4359 1109 4447 postquam
1128 4368 1193 4418 vos
1211 4342 1336 4419 vultis.
1354 4381 1367 4410 »
1386 4345 1434 4420 Et
1463 4344 1604 4420 deiude
1631 4373 1732 4423 reee-

306 4487 390 4573 ptor
408 4472 573 4576 precepit
592 4472 680 4561 sibi,
699 4488 741 4547 ut
762 4471 868 4558 dixit,
885 4472 989 4576 quod
1007 4473 1170 4577 pedibus
1190 4474 1424 4551 conculcaret
1444 4503 1559 4551 unam
1581 4504 1729 4552 crucem

307 4618 534 4703 argenteam,
554 4603 594 4677 in
614 4631 688 4708 qua
709 4620 788 4678 erat
806 4630 939 4710 ymago
956 4603 1133 4701 Crucifixi
1154 4604 1193 4678 iu
1212 4621 1350 4680 terram
1369 4606 1547 4710 positam,
1569 4622 1608 4682 et
1626 4606 1727 4712 quod

305 4748 458 4834 spueret
479 4760 593 4838 super
617 4733 756 4837 ipsam,
777 4751 835 4813 ter
864 4735 944 4840 ipse
974 4736 1079 4812 testis
1103 4735 1329 4812 conculcavit
1352 4736 1471 4842 ipsam
1496 4765 1662 4826 crucem,
1683 4751 1726 4810 ut

305 4860 412 4949 dixit,
434 4890 547 4968 super
573 4862 692 4969 pedes
715 4863 908 4951 Crucifixi,
936 4882 974 4942 et
993 4866 1102 4970 -rpuit
1122 4866 1227 4974 juxta
1251 4869 1370 4972 ipsam
1395 4896 1563 4962 crucem,
1586 4885 1623 4947 et
1645 4892 1722 4942 nou
