4080 6052
468 548 472 555 ·
508 532 529 600 2
890 502 1086 628 procas
1110 521 1205 595 nas
1231 521 1533 593 rnurumns.

561 663 737 744 Clemens
765 662 957 769 episcopus
981 690 1107 739 servus
1131 687 1322 738 servorum
1341 660 1410 738 Dei
1429 655 1704 736 venerabilibus
1721 657 1922 770 [fratribus]

506 793 782 900 archiepiscopo
806 792 1054 884 Narbonensi,
1081 821 1122 868 ac
1143 790 1352 898 Bajocensi,
1374 789 1585 868 Mimatensi
1610 806 1647 865 et
1670 790 1923 869 Lemovicensi

507 924 688 1031 episcopis
704 940 741 1000 et
755 923 901 1001 dilectis
916 923 1020 1014 filiis,
1043 920 1226 1028 magistris
1241 921 1392 999 Matheo
1411 920 1457 997 de
1469 919 1624 1027 Neapoli
1638 920 1790 1027 majoris
1804 921 1924 999 Caleti

506 1053 815 1159 Rothomagensis
828 1052 972 1129 notario
982 1066 1121 1141 nostro,
1130 1050 1289 1128 Johanni
1303 1049 1350 1127 de
1358 1048 1510 1127 Mantua
1517 1048 1751 1141 Tridentino,
1763 1050 1925 1127 Johanni

508 1183 555 1260 de
570 1185 697 1262 Monte
713 1184 834 1259 Lauro
847 1182 1119 1288 Magalonensis
1137 1181 1406 1259 archidiaconis
1420 1210 1461 1257 ac
1474 1179 1679 1258 Guillehno
1693 1179 1828 1286 Agarni
1847 1209 1927 1286 pre-

507 1313 627 1416 posito
643 1312 824 1418 Aquensis
842 1313 1097 1405 ecclesiarum,
1115 1312 1273 1390 salutem
1293 1329 1330 1388 ot
1349 1310 1588 1417 apostolicam
1606 1309 1933 1387 benedictionem,

560 1443 590 1517 F
592 1442 715 1519 aciens
733 1443 1029 1520 misericordiam
1049 1473 1135 1519 cum
1153 1472 1259 1520 servo
1281 1470 1351 1519 suo
1377 1443 1449 1518 Dei
1465 1440 1581 1532 filius,
1599 1440 1774 1518 dominus
1792 1442 1926 1518 Jhesus

507 1570 693 1657 Christus,
716 1573 763 1647 ad
777 1573 847 1649 hec
861 1602 928 1650 nos
940 1571 1058 1650 voluit
1072 1573 1110 1648 in
1126 1571 1277 1679 specula
1293 1571 1473 1648 eminenti
1489 1571 1715 1678 apostolatus
1728 1573 1923 1663 assummi,

505 1717 549 1776 ut
572 1719 757 1806 gerentes,
779 1701 867 1776 licet
888 1700 1082 1791 immeriti,
1107 1702 1204 1775 vices
1231 1702 1311 1807 ejus
1337 1700 1376 1775 in
1399 1701 1526 1790 terris,
1552 1701 1590 1775 in
1621 1702 1762 1775 cunctis
1789 1701 1926 1780 nostris

507 1829 649 1906 actibus
675 1846 711 1906 et
731 1828 981 1934 processibus,
1006 1829 1120 1934 ipsius
1134 1828 1304 1933 vestigia,
1321 1846 1503 1934 quantum
1521 1829 1660 1934 patitur
1674 1830 1839 1905 humana
1853 1828 1928 1907 fra-

505 1959 871 2065 gilitas,imitemur.
893 1959 990 2036 Sane
1011 1957 1159 2034 dudum
1180 1958 1276 2034 circa
1293 1959 1548 2063 promocionis
1566 1976 1692 2037 nostre
1714 1959 1762 2036 ad
1781 1960 1924 2066 apicem

505 2088 644 2165 summi
669 2086 897 2194 apostolatus
923 2087 1094 2178 inicium,
1125 2086 1243 2164 eciam
1268 2103 1469 2194 antequam
1493 2087 1740 2193 Lugdunum,
1770 2089 1838 2165 ubi
1866 2119 1926 2167 re-

505 2219 674 2323 cepimus
696 2236 821 2296 nostre
841 2217 1095 2298 coronacionis
1110 2217 1287 2324 insignia,
1304 2218 1534 2308 veniremus,
1552 2235 1590 2294 et
1605 2233 1691 2322 post
1710 2219 1828 2296 eciam
1848 2238 1926 2299 tam

504 2346 558 2423 ibi
574 2377 688 2454 quam
704 2349 809 2437 alibi,
827 2367 971 2427 secreto
987 2348 1239 2456 quorumdam
1252 2349 1364 2429 nobis
1378 2347 1585 2426 insinuacio
1603 2346 1803 2435 intimavit,
1820 2351 1927 2454 quod

395 2480 402 2498 ‘
502 2477 694 2582 Magister,
711 2496 952 2583 preceptores
972 2496 1010 2555 et
1029 2479 1091 2557 alii
1106 2478 1238 2556 fratres
1261 2476 1406 2554 ordinis
1427 2474 1566 2550 milicie
1581 2473 1729 2578 Templi
1748 2476 1924 2554 Jerosoli-

501 2606 650 2696 mitani,
679 2623 719 2683 et
744 2608 861 2682 eciam
888 2609 967 2710 ipse
990 2605 1105 2692 ordo,
1131 2605 1198 2707 qui
1223 2601 1272 2678 ad
1298 2600 1556 2681 defensionem
1585 2604 1801 2709 patrimonii
1827 2605 1926 2713 ejus·

502 2735 590 2812 dem
620 2733 766 2811 domini
790 2734 908 2812 nostri
928 2735 1046 2810 Jhesu
1065 2732 1206 2810 Christi
1228 2731 1377 2810 fuerant
1400 2733 1440 2809 in
1457 2735 1731 2812 Transmarinis
1754 2736 1924 2841 partibus

502 2863 688 2969 deputati,
709 2881 842 2942 contra
859 2866 991 2971 ,ipsum
1013 2863 1222 2942 Dominum
1246 2863 1286 2939 in
1314 2863 1435 2942 scelus
1461 2866 1642 2969 apostasie
1661 2866 1922 2971 nephandum,
1983 2968 1986 2973 ¹

503 2991 722 3071 detestabile
742 2994 942 3100 ydolatrie,
966 2993 1106 3071 vicium
1128 2991 1334 3071 execrabile
1356 2992 1612 3072 Sodomorum
1633 3011 1671 3072 et
1689 2995 1842 3073 hereses
1865 3026 1926 3074 va·

501 3123 593 3211 rios,
617 3140 723 3199 erant
741 3123 847 3229 lapsi.
870 3123 970 3216 Quia
988 3152 1076 3200 vero
1095 3152 1172 3200 non
1198 3137 1277 3199 erat
1301 3121 1503 3200 verisimile
1522 3152 1593 3201 nec
1614 3122 1793 3200 credibile
1818 3123 1924 3201 vide-

501 3250 624 3341 batur,
653 3251 758 3359 quod
784 3251 853 3327 viri
880 3269 958 3327 tam
987 3251 1170 3356 religiosi,
1206 3251 1271 3357 qui
1296 3251 1475 3357 precipue
1505 3278 1575 3355 pro
1600 3250 1741 3328 Christi
1769 3254 1923 3333 nomine

502 3409 615 3458 suum
637 3410 726 3485 sepe
750 3381 972 3485 sanguinem
997 3379 1190 3457 effundere
1216 3409 1258 3455 ac
1282 3406 1461 3485 personas
1486 3406 1572 3456 suas
1590 3379 1723 3456 mortis
1746 3381 1925 3486 periculis

503 3509 742 3615 frequencius
765 3536 948 3615 exponere
968 3508 1241 3600 credebantur,
1258 3508 1401 3614 quique
1425 3507 1545 3584 multa
1567 3525 1605 3585 et
1630 3538 1764 3615 magna
1783 3528 1860 3588 tam
1883 3513 1923 3591 in

503 3638 637 3714 divinis
657 3636 788 3716 officiis
809 3666 923 3743 quam
941 3639 981 3714 in
995 3638 1151 3746 jejuniis
1168 3656 1206 3715 et
1220 3637 1303 3716 aliis
1322 3637 1570 3716 observanciis
1591 3637 1805 3717 devocionis
1819 3642 1924 3747 signa

501 3767 739 3875 frequencius
763 3766 1052 3874 protendebant,
1074 3795 1142 3845 sue
1167 3768 1220 3845 sic
1246 3784 1370 3844 essent
1389 3769 1518 3846 salutis
1538 3769 1796 3859 immemores,
1818 3774 1924 3879 quod

500 3898 588 3977 talia
614 3913 891 4004 perpetrarent,
919 3896 1139 4004 hujusmodi
1169 3897 1417 3975 insinuacioni
1448 3927 1489 3975 ac
1518 3895 1700 3974 delacioni
1733 3899 1921 4005 ipsorum,

503 4026 672 4133 ejusdem
696 4027 853 4105 Domini
884 4028 1002 4105 nostri
1035 4027 1213 4134 exemplis
1250 4046 1287 4107 ct
1320 4028 1496 4107 canonice
1529 4027 1711 4133 scripture
1742 4028 1923 4108 doctrinis

503 4156 641 4248 edocti,
659 4185 787 4234 aurem
806 4158 999 4239 noluimus
1015 4159 1205 4239 inclinare.
1225 4159 1373 4240 Deinde
1388 4189 1476 4239 vero
1488 4158 1704 4237 karissimus
1715 4157 1754 4234 in
1768 4158 1922 4240 Christo

501 4287 604 4366 filius
633 4306 760 4367 noster
778 4290 975 4398 Philippus
994 4321 1058 4369 rex
1077 4295 1306 4371 Francorum
1332 4291 1503 4379 illustris,
1532 4289 1591 4365 cui
1614 4288 1763 4367 fuerant
1789 4288 1921 4367 eadem

500 4418 663 4500 facinora
686 4423 861 4500 nunciata
885 4425 979 4528 (non
1007 4422 1087 4527 tipo
1112 4422 1285 4512 avaricie,
1309 4449 1396 4498 cum
1419 4419 1595 4498 debonis
1617 4421 1920 4526 Templariorum

500 4533 619 4627 nichil
639 4550 710 4627 sibi
725 4551 913 4631 vindicare
934 4552 992 4632 vel
1012 4553 1250 4659 appropriare
1270 4550 1455 4642 intendat,
1473 4550 1590 4629 immo
1611 4580 1653 4628 ea
1674 4550 1785 4629 nohis
1807 4567 1845 4628 et
1864 4579 1922 4629 ec-

495 4679 699 4785 ¹clesieper
726 4680 961 4788 deputandos
985 4683 1134 4763 anobis
1155 4681 1465 4773 administranda,
1487 4680 1745 4790 gubernanda,
1771 4709 1921 4759 conser-

499 4808 633 4900 vanda,
666 4829 703 4888 et
730 4812 975 4891 custodienda
1002 4813 1208 4892 liberaliter
1234 4844 1275 4892 ac
1302 4815 1433 4892 devote
1459 4813 1498 4890 in
1520 4841 1636 4920 regno
1657 4840 1725 4890 suo
1753 4811 1916 4898 dimisit,
