4080 6052
311 585 384 659 oor
700 564 896 657 raucus
922 581 1017 655 ons
1041 581 1342 655 reuertens.

310 745 374 804 aut
400 726 557 803 modum
592 723 821 830 recepcionis
850 721 1090 830 revelassent,
1121 719 1277 799 fluissent
1306 720 1522 797 incarcerati
1545 720 1608 797 vel
1630 719 1738 801 aliter

310 856 408 933 male
423 855 580 933 tractati.
602 856 748 932 Fratres
763 853 921 930 scientes
938 877 1084 930 errores
1101 849 1258 929 luerunt
1273 849 1526 961 negligentes,
1545 851 1639 958 quia
1657 879 1734 950 nen

310 999 551 1062 correxerunt
572 1010 724 1060 cosnec
744 980 1263 1061 denunciaverint-eeclesia.
1288 979 1525 1058 Elemosinas
1547 996 1587 1058 et
1607 970 1729 1088 hospi·
1761 1017 1766 1026 ·

309 1115 490 1192 talitatem
515 1113 607 1189 vidit
632 1113 671 1188 in
696 1111 830 1190 ordine
855 1110 1120 1188 convenienter
1138 1106 1222 1188 lieri
1248 1127 1285 1188 et
1305 1104 1462 1200 servari,
1484 1136 1559 1187 nec
1584 1108 1728 1189 diceba·

309 1260 371 1320 tur
393 1244 446 1320 eis
465 1241 569 1348 quod
589 1269 657 1347 per
676 1240 779 1319 nefas
798 1239 1035 1346 acquirerent
1055 1239 1243 1318 ordinem.
1267 1238 1376 1319 Clam
1395 1267 1532 1317 eorum
1557 1239 1732 1348 capitalia

309 1373 546 1464 tenebantur,
567 1372 730 1449 sednon
750 1369 893 1448 audivit
909 1368 1016 1477 quod
1038 1369 1193 1447 excubie
1211 1387 1457 1476 ponerentur.
1473 1367 1609 1447 Credit
1628 1371 1732 1477 quod

310 1520 412 1579 totus
432 1502 527 1580 ordo
544 1519 722 1580 servasset
739 1501 843 1606 quod
860 1527 1017 1608 magnus
1031 1498 1207 1608 Magister
1219 1528 1306 1577 cum
1321 1514 1509 1578 conventu
1522 1499 1728 1587 statuisset,

311 1650 349 1707 et
375 1633 480 1737 quod
509 1650 664 1738 propter
685 1631 853 1737 predicta
879 1630 955 1706 sint
975 1655 1078 1709 nuuc
1101 1604 1256 1737 grandia
1280 1626 1473 1718 scandala,
1503 1630 1662 1734 suspicio
1688 1645 1727 1704 et

311 1761 462 1838 infamia
482 1779 609 1839 contra
630 1761 802 1839 ordinem
826 1776 971 1848 exorta,
992 1774 1032 1837 ct
1048 1758 1155 1865 quod
1177 1757 1383 1837 confessam
1407 1786 1479 1865 per
1494 1786 1579 1836 eum
1598 1775 1724 1837 essent

310 1910 397 1969 nota
413 1891 588 1969 fratribus
608 1891 768 1979 ordinis,
790 1888 858 1966 sed
877 1917 955 1968 non
975 1889 1170 1967 extraneis.
1187 1889 1339 1968 Audiuit
1355 1887 1430 1968 dici
1454 1917 1631 2000 magnum
1648 1891 1728 1968 lda-

309 2021 466 2127 gistrum
483 2038 519 2098 et
537 2021 630 2098 alios
650 2021 795 2125 aliquos
809 2046 973 2108 errores,
994 2019 1112 2097 nescit
1128 2046 1242 2125 quos,
1264 2017 1454 2098 confessos
1471 2017 1588 2097 baisse
1603 2037 1730 2099 contra

311 2149 506 2240 ordinem,
537 2150 586 2225 ad
607 2150 712 2258 cujus
733 2134 1006 2226 deffensionem
1024 2175 1063 2226 se
1091 2174 1168 2226 non
1187 2147 1387 2227 obtulerat.

367 2279 578 2385 Requisitus
591 2281 621 2357 si
636 2281 688 2355 sic
701 2281 924 2384 deposuerat
938 2305 1066 2384 prece,
1079 2297 1271 2386 precepto,
1290 2280 1445 2371 timore,
1461 2307 1608 2368 amore,
1622 2279 1727 2368 odio,

182 2443 184 2446 ·
308 2409 366 2485 vel
388 2411 548 2486 comodo
566 2409 764 2516 temporali
784 2408 914 2486 habito
926 2407 985 2486 vel
998 2407 1193 2497 babendo,
1213 2411 1407 2515 respondit
1420 2410 1530 2518 quod
1552 2438 1649 2499 non,
1663 2412 1728 2488 sed

309 2539 552 2644 proteritate
573 2540 742 2617 dicenda.
771 2539 842 2617 Cui
863 2538 935 2616 luit
953 2536 1165 2647 injunctum
1188 2540 1292 2646 quod
1316 2569 1392 2617 non
1421 2541 1606 2619 revelaret
1635 2541 1729 2618 bane

309 2699 414 2746 suam
431 2670 709 2776 deposicionem
728 2696 929 2777 quousque
950 2670 1208 2748 attestacioues
1225 2669 1367 2747 fuerint
1379 2669 1586 2775 publicato.
1606 2671 1654 2747 Et
1672 2670 1729 2746 di·

309 2817 391 2877 ctus
410 2800 516 2877 testis
535 2829 730 2907 nunquam
750 2799 871 2877 [uerat
888 2815 1010 2878 tortus
1029 2826 1099 2878 nec
1115 2798 1377 2907 questionibus
1396 2802 1564 2906 positus,
1584 2800 1647 2877 sed
1666 2799 1722 2876 di·

310 2944 405 3004 ctam
425 2928 712 3036 abnegacionem
729 2958 853 3006 coram
874 2927 975 3005 dicto
995 2928 1152 3009 domino
1172 2929 1426 3008 Lemovicensi
1449 2932 1621 3036 episcopo
1639 2946 1722 3034 post

310 3058 526 3160 capcionem
547 3087 678 3135 eorum
699 3077 830 3163 sponte
851 3056 1052 3137 consessus.

365 3317 492 3392 Frater
519 3318 731 3422 Stephanus
755 3315 808 3392 las
832 3315 1008 3394 Gorsolas
1036 3318 1213 3407 serviens,
1239 3317 1514 3393 Lemovicensis
1547 3318 1722 3405 diocesis,

308 3463 504 3550 preceptor
523 3446 658 3522 domus
672 3445 821 3551 Templi
843 3445 890 3522 de
906 3445 1080 3534 Pallatio,
1102 3446 1270 3554 ejusdem
1292 3446 1467 3531 diocesis,
1488 3447 1591 3521 testis
1611 3476 1723 3552 supra

302 3577 465 3681 juratus,
494 3576 717 3652 mantellum
738 3592 775 3651 et
793 3575 949 3652 barbam
979 3573 1182 3663 defferens,
1214 3577 1523 3684 quadragenarius
1544 3592 1582 3649 et
1600 3574 1716 3665 ultra,

308 3737 392 3782 cum
414 3737 489 3812 quo
511 3709 707 3814 inquisitus
727 3706 867 3798 luerat,
885 3707 1079 3785 absolutus
1100 3724 1137 3784 et
1157 3707 1418 3784 reconciliatus
1436 3735 1501 3813 per
1521 3706 1719 3782 dominum

308 3840 525 3943 episcopum
545 3838 867 3925 Lemovicensem,
889 3838 996 3915 lectis
1017 3855 1055 3915 et
1074 3838 1275 3947 diligenter
1299 3838 1474 3943 expositis
1493 3838 1671 3914 omnibus
1686 3855 1723 3912 et

306 3968 462 4075 singulis
488 3968 668 4058 articulis,
690 3968 885 4072 respondit
910 3978 948 4044 'se
975 3969 1115 4044 nescire
1146 3969 1192 4043 de
1218 3969 1271 4044 eis
1298 3969 1368 4044 nisi
1395 3969 1499 4072 quod
1530 3969 1721 4074 sequitur:

306 4098 393 4202 quia
424 4126 500 4175 non
532 4100 673 4175 viderat
699 4099 813 4204 recipi
841 4100 881 4173 in
904 4098 1053 4190 ordine,
1087 4099 1158 4175 nisi
1180 4098 1331 4174 fratrem
1361 4100 1562 4205 Hugonem
1589 4099 1623 4173 la
1650 4100 1722 4174 Hu-

305 4231 430 4334 gonia,
459 4245 591 4307 testem
622 4259 732 4334 supra
756 4230 924 4335 juratum
955 4230 1023 4306 sed
1050 4229 1221 4305 nondum
1252 4229 1523 4320 examinatum,
1554 4230 1594 4304 in
1620 4229 1722 4334 cujus

306 4361 523 4464 recepcione
549 4359 779 4465 supervenit,
810 4357 990 4435 mantello
1012 4358 1046 4435 ei
1065 4358 1202 4436 tradito
1227 4389 1294 4463 per
1315 4358 1468 4436 fratrem
1489 4359 1722 4437 Gaulredum

307 4488 351 4562 de
366 4488 577 4579 Gonavilla,
592 4509 682 4568 tunc
694 4507 951 4595 preceptorem
968 4489 1238 4577 Pictavensem,
1258 4492 1297 4566 in
1312 4490 1452 4595 capella
1469 4491 1609 4566 domus
1621 4492 1723 4567 Tem·

306 4616 357 4721 pli
388 4622 433 4694 de
463 4623 618 4697 Buxeria
646 4621 773 4725 Raspit
799 4618 1073 4697 lemovicensis
1101 4619 1282 4707 diocesis,
1315 4621 1354 4694 in
1382 4621 1522 4726 vigillia
1554 4621 1722 4696 instantis

305 4748 386 4823 festi
406 4751 642 4827 Pentecostes
665 4768 777 4826 erunt
799 4778 873 4827 vuu
894 4750 980 4826 anni
1000 4749 1058 4827 vel
1078 4750 1189 4838 circa3
1213 4767 1250 4825 et
1269 4748 1422 4825 luerunt
1436 4769 1635 4855 presentes
1655 4747 1672 4824 l
1706 4794 1721 4806 ·

303 4898 378 4956 tres
403 4878 529 4957 Guido
552 4880 599 4953 de
627 4878 725 4955 Malo
749 4882 877 4956 Monte
900 4880 1027 4971 miles,
1049 4881 1088 4957 P.
1111 4879 1281 4965 Maliani,
1304 4879 1536 4957 Guillelmus
1558 4881 1606 4956 de
1631 4883 1717 4956 Bre-
