4080 6052
545 546 619 624 aaa
935 526 1128 621 raocts
1152 541 1248 617 ors
1273 542 1573 617 reaumaus.

542 690 760 796 Magistrum
776 686 1015 764 mitterentur
1030 685 1126 775 aliis,
1144 702 1181 762 et
1198 682 1411 790 frangerent
1430 682 1513 791 ejus
1529 681 1696 791 sigillum
1709 681 1965 774 maliciose3si

541 819 754 926 frangerent
778 814 939 894 alienam
967 833 1173 894 seraturam
1198 812 1258 891 vel
1282 812 1516 891 firmaturam
1541 839 1733 889 saccorum
1760 813 1801 889 in
1828 815 1965 922 quibus
2016 862 2020 869 ·

540 962 753 1056 portaretur
763 965 972 1053 argentum,
984 947 1041 1024 vel
1056 944 1276 1034 consimilia,
1289 945 1346 1021 vel
1358 944 1439 1036 alia,
1456 961 1494 1020 et
1506 945 1536 1023 si
1549 971 1593 1020 ex
1606 942 1702 1020 dicta
1715 942 1900 1023 fraccione
1910 974 1964 1024 se

540 1096 721 1186 queretur
733 1078 953 1184 dampnum,
969 1095 1189 1156 tenerentur
1201 1077 1298 1155 sicut
1310 1076 1358 1154 de
1374 1074 1585 1168 latrocini03
1598 1078 1629 1153 si
1645 1077 1780 1153 darem
1794 1076 1963 1157 bonado

541 1237 692 1285 morum
701 1208 844 1285 ordinis
853 1234 928 1316 que
943 1236 1019 1285 non
1033 1225 1138 1285 erant
1148 1207 1347 1285 commissa
1358 1206 1518 1296 eisdem,
1529 1207 1588 1284 vel
1602 1207 1633 1284 si
1644 1204 1745 1285 bona
1760 1208 1958 1286 domomm

541 1340 595 1414 eis
614 1366 873 1424 concessarum
895 1340 1133 1444 dissiparent,
1151 1336 1210 1415 vel
1229 1342 1439 1443 prestarent
1460 1334 1598 1413 talibus
1617 1338 1724 1444 quod
1742 1340 1957 1442 prestando,

540 1469 597 1544 vel
609 1456 865 1546 acomodando
879 1469 948 1558 eis,
961 1466 1222 1545 veresimiliter
1235 1468 1346 1573 perdi
1360 1484 1531 1573 possent,
1543 1466 1601 1544 vel
1614 1467 1645 1544 si
1659 1465 1794 1543 darent
1808 1467 1958 1576 aliquod

541 1599 679 1676 animal
699 1599 843 1677 ordinis
863 1618 989 1704 preter
1010 1626 1157 1690 canem,
1178 1598 1238 1674 vel
1258 1614 1400 1690 catum,
1421 1597 1528 1704 quod
1546 1625 1623 1675 non
1648 1614 1748 1674 esset
1769 1599 1807 1675 in
1828 1627 1958 1677 eorum

540 1748 738 1834 potestate3
758 1731 787 1806 si
808 1729 977 1807 venando
995 1748 1033 1807 et
1046 1730 1291 1806 venacionem
1310 1730 1576 1835 prosequendo
1599 1728 1799 1834 perderent
1819 1729 1876 1806 vel
1896 1729 1958 1806 de

539 1877 728 1969 struerent
744 1859 908 1966 aliquam
926 1861 1194 1967 equitaturam,
1206 1858 1265 1936 vel
1279 1859 1434 1966 aliquod
1444 1832 1741 1936 aliudiocabulo
1754 1857 1956 1964 dampnum

541 2020 584 2067 ea
599 1990 672 2067 hoc
689 1992 820 2067 darent
835 1989 976 2079 ordini,
996 1992 1025 2067 si
1041 1984 1209 2066 volentes
1224 1989 1385 2096 probare
1401 2019 1503 2066 arma
1518 1991 1598 2067 sine
1614 1989 1836 2068 auctoritate
1852 2018 1960 2097 supe-

539 2122 684 2196 riorum
704 2148 747 2197 ea
765 2137 1002 2225 rumperent,
1025 2121 1054 2197 si
1078 2120 1387 2226 dampnificarent
1405 2120 1561 2197 domum
1587 2149 1720 2198 eorum
1740 2121 1842 2197 ultra
1863 2121 1958 2199 valo·

484 2298 486 2303 =
539 2276 620 2324 rem
634 2277 688 2326 1111
698 2249 951 2327 denariorum.
964 2250 1002 2326 Si
1018 2267 1146 2326 tamen
1163 2250 1375 2326 intensione
1386 2249 1602 2326 dimittendi
1614 2232 1790 2328 ordinem
1795 2253 1957 2360 jacerent

539 2409 607 2487 per
633 2410 747 2457 unam
772 2396 921 2457 noctem
947 2397 1047 2457 extra
1068 2381 1201 2458 domos
1225 2379 1383 2467 ordinis,
1403 2380 1472 2457 sed
1495 2381 1526 2457 si
1546 2408 1614 2484 per
1634 2381 1728 2458 duas
1754 2399 1884 2459 noctes
1904 2383 1956 2459 vel

537 2512 665 2616 plures
679 2515 849 2621 jacerent
864 2527 966 2588 extra
987 2511 1163 2604 domum,
1184 2537 1262 2587 non
1281 2528 1435 2616 possent
1455 2511 1502 2586 de
1523 2538 1600 2588 uno
1618 2538 1718 2587 anno
1739 2541 1956 2620 recuperare

537 2640 732 2729 habitum;
751 2642 782 2718 si
803 2642 842 2716 in
857 2640 1051 2747 presencia
1070 2639 1231 2716 aliorum
1251 2638 1410 2716 fratrum
1430 2624 1610 2717 commoti
1631 2641 1825 2719 iracondia
1845 2643 1959 2748 despi-

538 2789 664 2848 cerent
685 2770 859 2848 habitum
884 2793 1017 2856 suum,
1040 2785 1077 2845 et
1096 2769 1314 2845 immediate
1339 2770 1388 2845 ad
1411 2770 1733 2859 admonicionem,
1754 2799 1879 2878 preces
1897 2772 1955 2848 vel

536 2903 824 3004 requisicionem
860 2902 1064 2978 astancium
1094 2928 1171 2977 non
1202 2919 1471 2990 ressumerent,
1493 2900 1551 2977 vel
1580 2902 1611 2978 si
1625 2902 1750 2980 'alicui
1776 2901 1878 2979 fratri
1902 2903 1955 2981 sic

537 3031 760 3107 mantellum
781 3031 986 3137 abjicienti,
1008 3049 1046 3108 et
1060 3060 1148 3107 eum
1166 3060 1375 3110 ressumere
1391 3032 1555 3120 nolenti,
1573 3034 1621 3110 ad
1636 3034 1954 3127 admonicionem,

535 3187 665 3264 preces
685 3161 742 3236 vel
762 3161 1054 3264 requisicionem
1072 3162 1327 3237 assistencium
1350 3163 1474 3267 ipsum
1496 3162 1720 3249 mantellum
1752 3164 1835 3271 ejus
1864 3164 1956 3241 collo

536 3291 763 3395 imponeret,
791 3320 861 3367 nee
886 3292 926 3365 in
954 3291 1060 3366 dictis
1085 3290 1207 3367 tribus
1232 3292 1375 3368 ultimis
1401 3293 1547 3369 casibus
1566 3311 1713 3399 poterat
1735 3321 1956 3400 recuperare

534 3422 771 3523 mantellum,
801 3421 872 3496 nisi
901 3437 987 3526 post
1027 3449 1192 3507 annum,
1220 3422 1287 3497 sed
1318 3424 1356 3497 in
1386 3422 1466 3499 aliis
1496 3422 1643 3500 casibus
1672 3423 1956 3527 relinquebatur

533 3551 686 3629 arbitrio
712 3553 878 3658 Magistri
898 3569 936 3628 et
964 3550 1123 3626 fratrum
1153 3552 1307 3656 quando
1334 3553 1476 3629 dictum
1503 3553 1720 3630 mantellum
1746 3553 1954 3630 redderent

533 3683 684 3786 quando
702 3701 856 3788 propter
877 3710 984 3758 casus
1002 3681 1191 3787 predictos
1210 3682 1450 3788 perdebatur.

589 3814 699 3897 Item,
721 3830 805 3918 post
825 3813 1007 3917 premissa
1029 3812 1120 3888 dixit
1136 3813 1189 3888 eis
1209 3814 1399 3917 predictus
1418 3832 1590 3920 receptor
1609 3813 1714 3921 quod
1734 3842 1778 3888 ex
1797 3841 1876 3920 quo
1897 3841 1955 3889 ve-

532 3960 664 4018 nerant
681 3944 728 4019 ad
748 3942 971 4048 religionem
993 3943 1144 4018 doceret
1163 3971 1226 4019 eos
1248 3944 1410 4049 qualiter
1430 3945 1612 4022 deberent
1631 3945 1758 4021 venire
1775 3945 1823 4020 ad
1844 3945 1955 4021 eccle-

423 4094 425 4100 ⁴
532 4072 624 4147 siam
649 4091 686 4149 et
706 4074 753 4149 ad
773 4102 959 4160 mensam,
983 4089 1020 4149 et
1046 4072 1138 4148 dixit
1158 4073 1211 4149 eis
1235 4076 1340 4179 quod
1360 4075 1513 4180 quando
1533 4075 1747 4179 pulsaretur
1767 4076 1817 4151 ad
1836 4092 1952 4152 matu·

531 4202 653 4279 tinum
688 4222 884 4311 surgerent
920 4221 956 4279 et
985 4205 1024 4278 in
1055 4204 1310 4310 tranquilitate
1342 4206 1523 4283 intrantes
1561 4205 1756 4281 ecclesiam
1791 4206 1952 4283 dicerent

531 4357 639 4410 ravin
658 4337 769 4413 Pater
787 4339 922 4421 Noster,
946 4362 1004 4413 xrv
1024 4364 1092 4440 pro
1112 4335 1217 4413 horis
1238 4336 1313 4413 diei
1335 4353 1372 4413 et
1396 4364 1457 4415 mv
1482 4365 1550 4442 pro
1566 4337 1670 4413 horis
1689 4336 1801 4413 beate
1823 4338 1950 4425 Marie,

531 4464 771 4547 etdebebant
787 4484 916 4542 tenere
937 4465 1135 4543 silencium
1155 4496 1199 4543 ex
1220 4494 1296 4573 quo
1317 4468 1520 4574 surgebant
1537 4495 1657 4573 usque
1677 4483 1765 4571 post
1784 4468 1950 4572 primam,

531 4610 567 4667 et
588 4623 657 4698 pro
682 4596 850 4700 qualibet
868 4597 961 4672 hora
982 4596 1057 4672 diei
1079 4596 1268 4674 debebant
1294 4597 1417 4674 dicere
1442 4625 1520 4675 x1111
1545 4600 1657 4675 Pater
1674 4599 1811 4686 Noster,
1842 4597 1951 4673 silicet

530 4747 579 4795 vu
602 4750 671 4825 pro
694 4724 797 4799 horis
823 4724 896 4800 diei
925 4743 964 4802 et
982 4753 1033 4804 vu
1052 4756 1120 4832 pro
1141 4727 1244 4804 horis
1264 4727 1373 4805 beate
1393 4728 1529 4813 Mane,
1553 4746 1590 4804 et
1611 4726 1803 4804 debebant
1828 4725 1949 4803 audire

529 4851 680 4956 quando
702 4868 806 4929 erant
825 4854 863 4928 in
883 4854 966 4934 loco
986 4858 1026 4933 in
1046 4886 1123 4964 quo
1143 4859 1216 4937 hoc
1239 4856 1361 4936 facere
1386 4875 1538 4965 possent
1562 4856 1637 4934 dici
1662 4857 1722 4934 vel
1748 4856 1883 4935 cantari
1912 4855 1949 4929 in
