4080 6052
708 531 1024 624 enocnsnss
1049 550 1345 624 senenses.
1657 553 1728 626 ssi

317 705 403 797 octo
416 687 711 776 miliaribus
730 689 915 780 Haterio,
932 689 1265 797 cujuscognomen
1284 689 1445 796 ignorat,
1467 690 1630 767 Roherto
1646 694 1734 769 Les-

316 817 442 909 colhe·‚
461 819 654 897 Bernarde
673 818 721 897 de
736 821 872 928 Bioeyo
884 837 932 897 -et
950 821 1068 925 Hogoz
1079 819 1128 896 de
1139 820 1254 897 Buris·
1268 818 1730 909 servientibus-defunctis,

315 946 567 1052 presentibus,
584 949 623 1024 in
644 951 745 1026 hunc
765 951 937 1027 modurn.
959 951 1068 1038 Nam,
1090 951 1432 1028 cumintroductus
1452 951 1492 1025 in
1516 952 1653 1027 dictam
1676 979 1734 1027 ca·

314 1077 460 1182 pellem·
476 1079 715 1182 peciissetub
737 1081 791 1157 eis
808 1108 945 1184 penem
962 1096 1158 1186 etrequem
1173 1099 1210 1157 et
1228 1094 1434 1186 pauperem
1441 1080 1735 1157 nestitumordi-
1854 1139 1858 1147 .

316 1208 396 1300 uisv
411 1225 450 1285 et
467 1208 960 1316 ipsinespondissentquod
973 1212 1255 1316 remgrandem
1274 1209 1439 1316 petebat,
1458 1227 1495 1285 et
1511 1210 1617 1314 quod
1633 1211 1731 1287 bene

317 1337 541 1418 deliberaret
559 1369 673 1445 super
691 1342 780 1429 hoc,
791 1394 796 1415 1
808 1359 847 1418 et
869 1342 1121 1419 traxissentse
1141 1343 1189 1419 ad
1203 1359 1363 1447 partem,
1387 1359 1425 1418 et
1444 1340 1558 1417 locuti
1575 1339 1734 1419 luissent

315 1467 541 1557 adinvicem„·
559 1487 598 1546 et
615 1470 755 1546 iterum
774 1471 935 1547 venisset
955 1499 1089 1548 comm·
1101 1472 1170 1560 eis,
1199 1471 1360 1547 etflexis
1379 1470 1541 1576 genibus
1559 1472 1732 1575 peciisset

312 1598 565 1704 quodsuprrn
591 1617 629 1676 et
648 1601 930 1706 respondissent
949 1600 1054 1705 quod
1074 1600 1194 1688 idem,
1215 1600 1377 1676 finaliter
1394 1600 1516 1677 dictus
1535 1603 1732 1706 preceptor

311 1728 466 1807 indidit
485 1729 566 1807 sibi
580 1729 802 1835 mantellum
823 1729 983 1821 ordinis,
1010 1747 1048 1806 et
1066 1729 1208 1837 juravit
1226 1758 1340 1834 super
1366 1730 1570 1836 quemdam
1589 1710 1731 1807 librum
1805 1736 1809 1745 '

312 1856 565 1937 obedireisuis
581 1859 858 1965 superioribus,
880 1887 1024 1941 serrare
1045 1875 1186 1936 secreta
1203 1860 1347 1936 ordinis
1367 1858 1541 1935 etfacere
1561 1859 1732 1936 elemosi*

313 2015 381 2063 nes:
397 1987 543 2067 debitus
562 1988 610 2066 de
628 1988 747 2067 benis
758 1987 913 2071 ordinis.
937 1990 1024 2066 Post
1047 2016 1121 2095 que
1142 1989 1245 2065 idem
1267 2007 1439 2094 receptor
1457 1989 1582 2067 attulit
1599 2018 1731 2096 quern-

313 2118 399 2196 dsm
415 2117 749 2221 enicem-ligneam
760 2118 931 2197 deuitari
943 2118 1070 2224 inque
1088 2135 1169 2196 erat
1181 2118 1325 2223 depicta
1336 2147 1469 2226 ymago
1483 2119 1675 2209 Crucifixi‚
1694 2139 1731 2196 et

311 2249 478 2354 precepit
498 2249 532 2323 ei
557 2247 661 2352 quod
682 2266 835 2353 spueret
855 2272 971 2354 super
990 2249 1130 2327 dictem
1148 2276 1314 2341 crucem,
1336 2267 1374 2326 et
1396 2251 1474 2355 ipse
1495 2253 1618 2341 testis,
1644 2251 1730 2328 licet

312 2378 403 2459 inde
413 2379 603 2468 turbatus,
624 2380 727 2485 spuit
748 2398 959 2485 nonsupe'r
973 2378 1156 2487 sedium
1169 2379 1307 2457 dictem
1323 2407 1491 2471 crucem,
1512 2398 1549 2456 et
1568 2399 1733 2485 postmo

312 2509 495 2596 dumodc
507 2509 683 2589 mandato
695 2510 814 2614 ipsius
831 2509 1054 2615 receptore,
1067 2508 1143 2586 fuit
1160 2508 1453 2586 eum'osculatus
1469 2509 1509 2585 in
1528 2510 1656 2596 dorso,
1674 2537 1731 2585 sn·

309 2667 385 2742 per·
400 2642 533 2717 omnes
553 2666 716 2745 pannos,
740 2658 828 2719 nen*
841 2639 1082 2718 tamen'dixit
1101 2640 1137 2715 ei
1156 2639 1262 2744 qnod
1284 2640 1358 2715 hoc
1382 2638 1540 2743 deberet
1565 2636 1647 2715 lieri
1673 2669 1730 2717 se-

309 2768 474 2844 cundum
499 2785 638 2873 puncta
660 2767 916 2854 ordinisnec
937 2770 1014 2874 ipse
1038 2769 1167 2875 peciit,
1190 2797 1261 2844 nec
1283 2770 1334 2846 de
1351 2768 1570 2873 negaeione‚
1593 2797 1666 2847 nec·
1682 2772 1728 2847 de

310 2897 391 2975 aliis
405 2900 591 2983 contentis
609 2900 652 2988 in
665 2914 703 2976 v⁰
718 2917 760 2977 et
768 2900 904 2976 decem
914 2899 1086 2977 articulis
1098 2898 1358 3006 sequentihus,
1377 2899 1522 3005 aliquid
1536 2899 1614 2977 sibi¹
1625 2900 1728 2993 dixit,

309 3056 378 3107 uec
401 3028 497 3134 plus.
512 3029 718 3134 scitquem
740 3029 958 3134 deposuerit
978 3030 1037 3107 de.
1051 3030 1297 3108 contentisin
1318 3029 1407 3134 ipsis
1428 3028 1607 3118 articulis,
1633 3030 1729 3114 sicut

310 3157 421 3248 dixit.
442 3159 575 3239 nec2de
595 3160 848 3239 contentis-in.
859 3186 918 3240 xvi
933 3177 971 3237 et
989 3159 1335 3267 xxxx-„sequentibus
1357 3161 1460 3238 Dixit
1477 3177 1605 3237 tamen
1623 3164 1726 3268 quod

308 3289 347 3365 in
370 3290 588 3394 recepcione
599 3304 687 3369 'suat
701 3308 875 3396 receptor.
894 3298 941 3369 et·
955 3291 1022 3369 alii.
1038 3308 1200 3369 astantes
1210 3291 1381 3368 ¹luerunt·
1394 3291 1551 3392 osculati
1575 3320 1675 3378 eum,
1689 3294 1726 3367 in

308 3444 388 3506 ore.
412 3436 457 3499 :et
471 3420 594 3526 iquod
610 3420 691 3527 ipse
718 3420 895 3501 credehtt
918 3421 1158 3500 commentis
1179 3422 1320 3511 altaris,
1351 3437 1389 3496 et
1418 3419 1594 3508 credebat
1620 3423 1727 3526 quod

307 3549 420 3631 multi
434 3580 489 3627 exe
506 3550 597 3631 aliis.
612 3551 811 3629 crederent
835 3552 1104 3642 communiter,
1130 3551 1208 3628 sed·
1224 3551 1368 3627 dictum
1392 3566 1624 3654 receptorem
1648 3577 1727 3625 non

304 3697 455 3783 reputet
472 3681 767 3773 luisse-bonumt
786 3683 825 3759 in
842 3683 1038 3786 hoc.qued
1051 3681 1221 3787 precepit
1233 3680 1307 3757 sibi
1326 3680 1504 3784 predicta.
1516 3681 1623 3768 Item,
1635 3679 1727 3757 dixit

307 3807 485 3887 eumdem
503 3811 891 3913 receptoromaediiisse
905 3810 1061 3916 eiquod
1077 3810 1108 3888 si
1123 3810 1255 3887 frenos
1268 3810 1446 3887 venirent
1457 3828 1496 3886 et
1514 3810 1726 3914 indigerent

307 3937 419 4026 lecto,
438 3940 540 4044 quod
562 3940 882 4045 recolligeret.eos
899 3940 1053 4019 inlecto
1071 3970 1159 4030 suo,
1181 3942 1347 4018 sednon
1367 3939 1551 4016 intellexit
1574 3956 1727 4043 propter

306 4067 770 4173 hocaliquodmolum..·
854 4132 857 4139 .
933 4110 968 4143 :1
1367 4158 1369 4162 Ι
1457 4104 1460 4111 ·
1709 4059 1774 4089 ”

358 4200 472 4288 Item,
499 4217 672 4276 contente
695 4201 733 4275 in
758 4226 883 4278 xxxin!
905 4216 986 4279 etv
1012 4198 1258 4306 sequentibus
1287 4198 1484 4304 respondit
1508 4226 1557 4272 se.
1572 4200 1726 4275 credere

305 4354 390 4403 vera
409 4356 507 4420 esse,
522 4346 809 4434 verumptamen
828 4357 911 4406 non
921 4329 1282 4435 jurabant-denote
1302 4355 1437 4405 senon
1458 4327 1558 4403 exire
1579 4327 1721 4404 dicttnn

304 4456 496 4545 ordinem,
511 4459 641 4538 sedin
658 4458 1325 4566 virtutexjuromentiprimoprestiti
1344 4485 1531 4563 pereum,
1554 4484 1726 4562 precepe-

304 4604 395 4663 runt
410 4587 444 4662 ei
459 4589 565 4692 quod
584 4616 668 4667 non·
679 4589 890 4672 dimitteret
903 4590 1248 4677 dictum.ordinem·‚
1266 4615 1341 4693 pro
1348 4586 1499 4665 meliori
1517 4588 1576 4665 vel
1587 4589 1722 4695 pejori:

361 4717 472 4808 Item,
496 4720 754 4797 decenterstis-
768 4721 928 4799 inxnet
947 4720 1316 4827 xxnrnsequentihus
1336 4718 1585 4824 respondisses
1607 4718 1724 4795 nichil

303 4847 414 4934 scire,
437 4848 508 4925 nisi
529 4850 637 4954 quod
654 4878 768 4956 supra
786 4852 963 4956 deposuit
973 4852 1021 4928 de
1033 4846 1192 4929 lecto.et
1204 4850 1252 4927 de
1267 4850 1385 4937 modo
1394 4849 1635 4955 recepcionis‚
1651 4848 1723 4925 hoc
