4080 6052
712 542 921 635 enocns
947 560 1042 632 ons
1068 560 1368 633 rnuemnns.
1709 571 1754 639 77

393 703 537 779 Fratres
560 701 773 807 Stephanus
793 701 965 796 Quintini
990 701 1225 788 Pictavensis,
1249 719 1287 778 et
1310 700 1500 779 Gerardus
1529 701 1576 779 de
1605 705 1641 780 la
1664 709 1758 783 Ter-

337 832 501 909 landeria
524 831 819 938 Engolismensis
843 831 1066 919 diocesium,
1089 831 1265 909 dixerunt
1288 831 1394 938 quod
1417 830 1591 909 volebant
1616 834 1757 912 dictum

338 961 510 1039 ordinem
530 961 732 1038 defendere
750 989 820 1066 pro
838 989 948 1066 posse
969 989 1050 1037 suo.

391 1093 520 1168 Frater
544 1091 678 1168 lterius
698 1090 745 1167 de
769 1091 927 1168 Breveaa
952 1090 1226 1168 Lemovicensis
1251 1091 1409 1167 diocesis
1432 1089 1613 1197 relinquit
1637 1092 1759 1170 defen-

336 1220 433 1298 sioni
453 1220 652 1328 majorum.

394 1351 505 1442 Item,
528 1349 670 1426 eisdem
691 1349 753 1426 die
775 1367 812 1426 et
830 1348 914 1425 loco
934 1348 1090 1426 fuerunt
1113 1343 1264 1425 adducti
1285 1376 1410 1425 coram
1432 1348 1575 1426 eisdem
1596 1351 1759 1430 dominis

339 1479 600 1556 commissariis
613 1478 744 1557 fratres
758 1480 947 1584 suscripti,
963 1480 1028 1586 qni
1045 1478 1196 1556 adducti
1212 1456 1326 1556 fuisse
1348 1478 1569 1556 dicebantur
1589 1481 1636 1558 de
1651 1483 1758 1560 Cres—

336 1610 427 1714 pino
442 1608 725 1686 Silvanectensis
741 1609 915 1699 diocesis,
933 1609 999 1714 qui
1013 1609 1251 1715 singulariter
1267 1626 1304 1684 et
1319 1608 1516 1712 separatim
1529 1609 1756 1718 interrogati,

337 1737 367 1814 si
385 1737 561 1815 volebant
580 1738 724 1816 diuum
743 1739 916 1816 ordinem
937 1738 1155 1830 defendere,
1178 1739 1454 1845 responderunt
1472 1756 1515 1816 ut
1534 1741 1728 1846 sequitur:

391 1868 519 1944 Frater
536 1867 759 1973 Radulphus
779 1868 825 1945 de
845 1869 1098 1946 Taverniacho
1119 1869 1335 1946 Parisiensis
1359 1867 1519 1945 diocesis
1543 1868 1636 1945 dixit
1655 1871 1758 1976 qnod

336 1997 416 2074 vult
435 1997 638 2075 defendere
657 2027 780 2104 usque
800 1998 848 2075 ad
867 2000 994 2076 finem.

393 2128 539 2203 Fratres
567 2127 795 2233 Reginaldus
825 2128 872 2205 de
898 2130 1061 2207 Parisius
1090 2130 1296 2236 presbyter,
1327 2129 1499 2207 Matheus
1524 2129 1571 2205 de
1600 2129 1760 2207 Tabulla

338 2255 583 2345 Belvacensis,
616 2276 653 2334 et
677 2260 851 2336 Nicolaus
880 2261 927 2335 de
954 2261 1190 2365 Compendio
1220 2261 1500 2339 suessionensis
1532 2261 1756 2352 diocesium,

338 2386 516 2462 dixerunt
528 2384 634 2491 quod
651 2385 784 2463 volunt
803 2387 945 2463 dictum
966 2389 1138 2464 ordinem
1153 2386 1356 2464 defendere
1376 2418 1496 2494 usque
1517 2389 1565 2463 ad
1583 2408 1757 2467 mortem.

392 2517 538 2591 Fratres
561 2515 686 2592 Helias
713 2515 760 2591 de
785 2514 921 2593 Gostro
941 2514 1160 2603 Meldensis‚
1184 2514 1373 2592 lohannes
1392 2516 1440 2592 de
1463 2515 1634 2592 Oratorio
1655 2517 1761 2594 Sues-

337 2644 535 2732 sionensis‚
555 2645 595 2720 P.
616 2644 663 2720 de
682 2643 807 2721 sancto
826 2647 933 2750 Lupo
950 2645 1183 2735 Parisiensis,
1204 2641 1242 2720 et
1257 2645 1377 2720 Bonio
1393 2638 1442 2720 ¹de
1460 2643 1614 2724 Volenis
1631 2645 1761 2753 Lingo-

336 2774 461 2851 nensis
479 2773 705 2866 diocesium,
722 2775 898 2850 dixerunt
914 2775 1019 2878 qnod
1036 2773 1167 2850 volunt
1184 2770 1327 2847 dictum
1349 2768 1522 2849 ordinem
1543 2772 1757 2851 defendere.

339 2902 427 2980 Acta
445 2903 600 2981 fuerunt
618 2906 688 2980 hec
707 2904 885 3009 predictis
908 2903 969 2979 die
991 2920 1028 2979 et
1047 2903 1148 2993 loco,
1169 2900 1407 3006 presentibus
1425 2931 1486 2979 me
1507 2901 1758 2980 Floriamonte

338 3032 535 3112 Dondedei
557 3052 595 3112 et
614 3034 696 3111 aliis
715 3034 869 3110 notariis
888 3061 1000 3137 supra
1018 3031 1189 3138 proximo
1209 3031 1420 3111 nominatis.

395 3292 483 3369 Post
520 3294 605 3386 bec,
642 3293 704 3369 die
738 3293 914 3372 Mercurii
946 3295 1136 3402 sequenti,
1171 3323 1245 3401 qne
1274 3293 1347 3370 fuit
1379 3319 1467 3373 xv111
1501 3294 1582 3372 dies
1621 3298 1760 3373 mensis

339 3422 550 3512 Februarii,
571 3423 727 3501 fuerunt
754 3424 907 3501 adducti
936 3425 983 3501 de
1007 3423 1167 3530 Templo
1191 3424 1405 3512 Parisiensi,
1427 3451 1551 3500 coram
1572 3423 1680 3500 dictis
1700 3423 1761 3500 do

339 3554 451 3631 minis
491 3556 768 3645 commissoriis,
808 3555 972 3632 dominis
1001 3553 1232 3632 Narbonensi
1270 3553 1547 3660 archiepiscopo
1585 3546 1623 3630 et
1655 3554 1761 3631 Baio-

340 3684 440 3761 censi
463 3687 638 3792 exceptis,
665 3685 796 3763 fratres
819 3684 1035 3789 subscripti,
1058 3685 1125 3790 qui
1152 3683 1390 3790 singulariter
1417 3701 1455 3762 et
1481 3684 1677 3789 separatim
1705 3684 1762 3758 in-

339 3813 532 3916 terrogati,
564 3815 595 3890 si
621 3813 796 3892 volebant
822 3814 963 3891 dictum
989 3814 1162 3892 ordinem
1183 3813 1401 3905 defendere,
1424 3814 1702 3924 responderunt
1719 3829 1763 3887 ut

342 3938 535 4045 sequitur:
1539 4002 1542 4008 .

396 4069 526 4143 Frater
550 4068 766 4174 Raynardus
796 4072 843 4146 de
871 4071 1088 4148 Tremblaio
1117 4071 1312 4178 presbyter
1334 4070 1552 4146 Parisiensis
1585 4068 1759 4157 diocesis,

340 4199 408 4306 qui
430 4197 520 4275 alias
543 4199 763 4303 pro‘primo
787 4198 909 4276 edicto
934 4199 1055 4277 fuerat
1080 4227 1205 4276 coram
1230 4196 1340 4276 dictis
1363 4198 1527 4275 dominis
1551 4199 1763 4277 commissa-

344 4327 424 4418 riis,
446 4327 539 4403 dixit
557 4326 663 4432 quod
683 4328 714 4404 si
736 4345 833 4406 esset
852 4345 952 4407 extra
972 4356 1158 4406 carcerem
1185 4345 1222 4407 et
1240 4327 1399 4406 baberet
1417 4326 1464 4403 de
1484 4355 1577 4434 qno,
1602 4328 1763 4406 libenter

345 4455 578 4548 defenderet,
601 4473 639 4534 et
656 4457 730 4536 hoc
747 4460 1035 4567 protestabatur.

359 4587 361 4593 ⁴
399 4589 528 4664 Frater
551 4588 591 4664 P.
617 4589 665 4666 de
685 4590 862 4669 Fontanis
887 4588 1147 4668 Ambianensis
1170 4588 1263 4667 dixit
1290 4588 1395 4696 quod
1419 4615 1495 4666 non
1523 4588 1603 4666 vult
1634 4587 1762 4666 defen-

345 4717 450 4805 dere,
475 4716 563 4825 quia
599 4746 675 4796 non
706 4717 828 4796 fuerat
853 4719 892 4797 in
919 4720 1052 4798 ordine
1078 4718 1149 4799 nisi
1173 4748 1242 4825 per
1273 4745 1295 4799 v
1328 4718 1577 4825 septimanas,
1600 4736 1637 4796 et
1667 4719 1761 4824 petit

347 4847 449 4953 qnod
468 4847 585 4954 possit
605 4849 704 4928 exire
725 4849 909 4929 ordinem.
