4080 6052
338 573 411 642 cae
724 544 923 646 edoctis
948 572 1044 644 oss
1072 571 1375 646 venemens.

336 713 520 804 rientem,
546 714 666 791 nescit
694 714 801 820 cujus
831 713 1008 800 diocesis,
1027 713 1229 802 viventem,
1258 732 1301 791 ut
1322 715 1460 805 crodit,
1484 743 1608 822 quem
1630 721 1762 824 recepit

336 847 449 939 frater
466 844 656 922 lohannes
677 846 723 921 de
739 844 983 950 Crepicordio
1004 861 1202 949 preceptor
1225 861 1315 920 tunc
1335 847 1384 921 de
1400 845 1630 976 Opsimont,
1651 849 1689 924 in
1709 879 1761 926 oa·

335 975 432 1080 pella
453 974 589 1051 domus
605 975 754 1080 Templi
776 975 823 1051 de
843 974 978 1063 Grant,
996 990 1084 1051 sunt
1099 1000 1134 1050 xx
1151 974 1238 1050 anni
1255 975 1314 1051 vel
1328 976 1440 1067 circa,
1458 994 1640 1081 presente
1650 978 1756 1056 fratre

336 1107 492 1184 Ricardo
515 1106 625 1212 Pwla
639 1107 759 1206 ‘Ceste
786 1106 987 1196 serviente,
1008 1106 1049 1212 ip
1065 1105 1174 1211 cujus
1193 1108 1416 1212 recopcione
1433 1107 1560 1183 nichil
1575 1109 1666 1185 vidit
1676 1111 1752 1187 lieri

332 1238 507 1315 illicitum
531 1237 589 1314 vel
613 1235 856 1314 inhonestum
886 1266 956 1313 nec
985 1226 1081 1341 post.
1109 1236 1241 1312 Credit
1259 1253 1387 1312 tamen
1415 1238 1547 1342 quod,
1574 1256 1661 1343 post
1683 1241 1755 1345 ejus

332 1372 592 1477 recepcionem
612 1387 650 1445 et
670 1370 784 1446 eciam
805 1369 979 1446 omnium
994 1367 1154 1444 eliorum
1171 1369 1238 1474 qni
1253 1368 1539 1474 recipiebantur
1554 1370 1596 1445 in
1610 1371 1751 1458 ordine,

332 1502 598 1577 intervenirent
614 1499 844 1605 infrascripta
858 1499 987 1576 illicita
999 1526 1074 1604 que
1092 1499 1375 1575 intervenerunt
1389 1516 1482 1604 post
1497 1503 1750 1606 recepcionem

333 1631 447 1735 ipsius
470 1633 593 1722 testis3
622 1634 695 1709 hoe
721 1648 848 1707 tamen
868 1630 987 1707 nescit
1005 1628 1125 1717 aliter,
1146 1630 1332 1736 quianon
1349 1630 1446 1705 vidit
1471 1631 1608 1735 plnres
1626 1632 1746 1738 recipi,

330 1791 400 1837 nec
418 1761 587 1838 interfuit
607 1763 776 1868 capitulis
797 1790 941 1838 eorum.
964 1762 1046 1866 lpse
1066 1777 1191 1836 autem
1221 1759 1542 1866 receptussuerat
1563 1762 1599 1838 in
1617 1763 1746 1868 capella

329 1894 465 1970 domus
495 1893 644 1999 Templi
686 1892 885 2000 Oysimont
919 1892 1182 1997 Ambionensis
1209 1893 1384 1979 diocesis,
1424 1893 1526 1969 circa
1558 1894 1745 1971 instantem

328 2054 496 2102 mensem
518 2026 676 2129 Augusti
701 2043 813 2100 erunt
839 2051 876 2100 xi
900 2025 986 2099 anni
1000 2004 1069 2099 *vel
1095 2024 1206 2107 circa,
1226 2051 1295 2128 per
1314 2022 1470 2099 fratrem
1500 2023 1687 2102 (larinum
1705 2028 1747 2102 de

327 2154 469 2232 Grandi
489 2155 618 2233 Villari
642 2155 866 2232 servientem
886 2172 989 2239 tnnc,
1003 2169 1263 2259 preceptorem
1276 2154 1324 2229 de
1335 2154 1497 2229 Pontivo
1511 2173 1552 2230 et
1561 2156 1747 2232 Viroman-

327 2286 387 2362 dia
416 2288 624 2393 qnondam,
652 2285 891 2393 presentibus
913 2284 1089 2371 fratribus
1116 2287 1227 2360 Petro
1254 2285 1399 2362 Minhet
1423 2286 1661 2390 presbitero,
1687 2289 1746 2362 ss

325 2416 470 2522 dulpho
487 2417 534 2494 de
556 2417 737 2524 Sernayo,
759 2419 929 2494 lohanne
955 2417 1116 2493 lelleeu
1136 2432 1174 2492 et
1194 2419 1352 2523 Hugone
1371 2416 1507 2504 Dalbi,
1533 2419 1742 2504 deffunctis,

325 2547 362 2622 in
384 2548 486 2625 bunc
506 2550 664 2625 modum
686 2581 695 2624 ε
715 2574 801 2627 nam
820 2575 906 2624 oum
927 2547 1179 2652 requisivisset
1205 2565 1264 2623 ter
1290 2547 1521 2653 interpolate
1550 2578 1685 2655 panem
1713 2568 1744 2625 et

323 2707 456 2784 aquam
469 2696 506 2755 et
518 2681 733 2756 societatem
748 2696 785 2754 et
797 2705 1002 2784 pauperem
1010 2678 1187 2754 vestitum
1200 2678 1360 2767 ordinis,
1373 2695 1412 2755 et
1427 2678 1600 2756 finaliter
1613 2683 1645 2756 ei
1662 2710 1742 2757 con-

321 2838 464 2886 cessum
484 2811 628 2899 suisset,
655 2810 844 2887 sociteum
859 2836 991 2887 vovero
1005 2781 1180 2914 etjurare
1197 2811 1531 2914 supraquemdam
1547 2810 1678 2887 librum
1689 2839 1738 2887 ca·

319 2940 497 3031 ¹nitatem,
512 2943 636 3018 vivere
657 2941 736 3017 sine
751 2941 922 3046 propr-io,
945 2957 983 3014 et
996 2939 1155 3016 obedire
1169 2939 1349 3015 omnibus
1368 2941 1656 3046 preceptoribus
1674 2943 1736 3047 qui

317 3090 617 3175 proponerentur
632 3073 774 3161 eidem,
792 3088 831 3150 ot
844 3070 988 3151 dertare
1004 3071 1126 3147 bonos
1145 3099 1237 3147 usus
1252 3089 1291 3148 et
1307 3072 1428 3148 bonas
1449 3075 1737 3152 consuetudines

319 3201 472 3279 ordinis.
495 3204 581 3278 Post
607 3232 680 3309 que
706 3204 885 3308 imposuit
909 3203 950 3278 ei·
966 3203 1203 3293 mantellum,
1235 3220 1272 3278 et
1299 3203 1377 3307 ipse
1400 3223 1439 3279 et
1460 3234 1595 3282 omnes
1615 3206 1736 3282 fratros

317 3348 476 3409 astantes
499 3332 652 3409 luerunt
675 3363 762 3410 oum
788 3332 942 3410 osculati
971 3335 1007 3407 in
1031 3360 1115 3419 ore;
1139 3350 1175 3407 et
1200 3333 1375 3408 instruxit
1396 3363 1485 3408 eum
1516 3336 1678 3439 qualiter
1702 3365 1736 3411 so

304 3474 460 3568 'regeret
480 3465 678 3553 inordine,
698 3483 735 3542 et
750 3485 844 3572 quot
863 3468 1102 3541 Paternoster
1120 3465 1264 3541 diceret
1287 3493 1357 3569 pro
1388 3467 1489 3540 boris
1516 3467 1603 3540 suis.
1634 3469 1736 3540 Post-

315 3596 472 3670 modum
503 3597 690 3702 aliquibus
718 3626 760 3672 ex
785 3598 893 3672 dictis
923 3596 1099 3672 iratribus
1126 3594 1349 3671 exorantibus
1371 3595 1561 3701 capellam,
1587 3611 1625 3668 ot
1649 3595 1729 3668 aliis

314 3726 517 3829 peripsam
542 3728 720 3831 capellam
743 3728 1087 3814 deambulantibus,
1111 3728 1318 3801 adinvicem
1342 3724 1667 3831 colloquentibus,
1685 3725 1732 3799 di·

313 3874 392 3931 ctus
419 3875 589 3963 receptor
607 3859 790 3934 submissa
809 3887 896 3933 voce
918 3858 1084 3964 precepit
1105 3859 1228 3933 eidem
1251 3858 1336 3933 tosti
1356 3858 1402 3933 ad
1431 3858 1512 3963 ejus
1537 3857 1654 3960 pedes
1678 3885 1730 3931 se·

312 3987 414 4064 denti
440 3989 544 4092 quod
569 3990 768 4095 abnegaret
795 3990 936 4074 Denm;
965 3971 1108 4064 etcum
1129 3990 1208 4092 ipse
1228 3988 1333 4063 testis
1353 3987 1615 4092 respondisset
1632 3988 1729 4092 quod

311 4121 381 4195 boc
396 4121 502 4197 nullo
520 4123 633 4197 modo
651 4120 802 4207 laceret,
822 4121 913 4195 dixit
930 4120 963 4194 ei
975 4120 1079 4225 quod
1090 4119 1287 4224 oportebat
1303 4148 1388 4194 oum
1405 4118 1648 4223 facere,quia
1664 4120 1729 4192 hoc

309 4268 384 4325 erat
402 4253 449 4327 de
470 4253 615 4357 punctis
637 4251 802 4337 ordinis3
825 4269 863 4326 ot
883 4269 973 4326 tunc
993 4253 1069 4356 ipso
1088 4253 1193 4326 testis
1213 4251 1407 4357 abnegavit
1424 4277 1489 4325 ore
1508 4278 1587 4324 non
1604 4249 1727 4338 corde,

308 4380 472 4458 multum
494 4414 536 4458 ox
558 4384 628 4459 hoc
648 4382 763 4458 tristis
784 4399 821 4457 et
846 4381 995 4470 dolens,
1020 4400 1063 4457 ut
1082 4383 1185 4457 dixit.
1212 4380 1358 4456 Deinde
1381 4381 1551 4485 precepit
1572 4381 1606 4455 oi
1631 4380 1729 4485 qnod

307 4531 457 4611 spueret
483 4543 596 4618 super
624 4514 826 4618 quamdam
857 4541 1005 4587 crucem
1037 4512 1197 4617 ligneam
1229 4511 1443 4614 peripsum
1470 4526 1727 4615 preceptorem

306 4636 447 4715 ibidem
471 4645 645 4746 positam,
675 4646 713 4720 in
739 4674 812 4750 qua
834 4660 928 4731 erat,
956 4661 998 4718 ut
1024 4642 1095 4718 sibi
1119 4641 1278 4724 videtur,
1308 4669 1441 4747 ymago
1466 4640 1670 4726 Crucilixi;
1696 4659 1729 4715 ot

304 4770 382 4874 ipse
410 4773 514 4845 testis
539 4803 613 4851 non
643 4777 680 4850 in
706 4776 924 4880 despectum
953 4775 1020 4849 Dei
1050 4791 1088 4849 et
1113 4772 1250 4858 crucis,
1280 4788 1323 4846 ut
1347 4772 1455 4861 dixit,
1479 4772 1548 4848 sed
1577 4790 1728 4877 propter

304 4901 564 4977 obedienciam
585 4933 697 5008 quam
717 4907 905 5008 promisit,
928 4908 1030 5010 spuit
1045 4933 1120 4981 non
1141 4933 1255 5008 super
1273 4905 1336 4979 sed
1355 4905 1458 5010 juxta
1481 4905 1625 4979 dictam
1647 4931 1723 4977 cru-
