4080 6052
692 527 887 622 rnoons
912 546 1007 619 ons
1033 546 1334 620 rsurnrsns.
1648 551 1720 627 ars

306 721 397 773 rum
415 691 474 769 vel
493 690 602 782 circa,
622 704 666 766 ut
682 689 792 781 dixit3
812 688 918 766 lectis
938 704 1065 765 autem
1088 706 1126 766 et
1144 689 1345 797 diligenter
1359 690 1533 794 expositis
1552 690 1624 767 sibi
1645 720 1725 772 om·

307 823 419 900 nibus
434 836 472 898 et
486 818 643 926 singulis
656 818 836 909 articulis,
854 819 1049 924 respondit
1063 818 1113 895 ad
1129 849 1208 910 eos,
1224 836 1262 896 et
1275 821 1399 925 primo
1413 820 1461 896 ad
1474 819 1615 924 primos
1632 837 1721 912 11110‘,

307 970 350 1029 ut
374 949 557 1059 sequitur,
577 951 850 1056 protestaoione
877 949 984 1055 prius
1007 948 1101 1026 sacta
1120 979 1206 1027 cum
1221 950 1410 1057 juraverat
1427 952 1599 1056 repetita,
1620 952 1724 1029 vide-

304 1080 391 1160 licet
417 1111 457 1159 se
477 1079 621 1157 nescire
653 1080 684 1157 si
713 1096 886 1157 contenta
909 1080 950 1155 in
974 1079 1064 1185 ipsis
1088 1079 1253 1158 articulis
1282 1098 1386 1157 erant
1411 1107 1511 1169 vera,
1538 1081 1725 1186 quianon

304 1214 449 1290 viderat
481 1211 553 1288 nisi
583 1238 703 1287 unum
736 1208 853 1287 alium
872 1209 1024 1287 fratrem
1050 1211 1167 1317 recipi
1195 1211 1234 1287 in
1264 1211 1419 1301 ordine,
1453 1211 1501 1286 de
1531 1212 1638 1317 cujus
1663 1240 1726 1289 no

307 1343 409 1420 mine
424 1368 502 1417 non
516 1341 831 1447 recordatur,qui
850 1339 923 1417 suit
938 1359 1110 1446 receptus
1122 1369 1190 1445 per
1203 1341 1347 1417 dictum
1360 1338 1511 1416 fratrem
1527 1341 1726 1446 Hugonem

308 1472 368 1548 de·
389 1469 564 1557 Peraldo,
596 1469 776 1556 Parisius,
806 1470 968 1546 infesto
997 1470 1200 1545 Nativitatis
1226 1470 1326 1547 beati
1364 1469 1545 1545 lobannis
1563 1471 1725 1576 Baptiste

305 1602 474 1709 proximo
502 1599 683 1704 preterito
706 1597 862 1675 suerunt
882 1626 932 1678 v11
961 1598 1049 1675 anni
1074 1597 1133 1676 vel
1153 1598 1265 1689 circa,
1287 1598 1527 1705 presentibus
1550 1599 1727 1679 fratribus

306 1731 425 1810 Adam
445 1729 492 1807 de
508 1728 753 1810 Vollencourt
769 1745 807 1805 et
826 1728 1037 1810 Humberto
1059 1728 1106 1805 de
1124 1746 1250 1805 sancto
1271 1729 1392 1819 Jorio,
1408 1729 1579 1835 proximo
1595 1733 1726 1807 exami-

306 1863 415 1953 natis,
438 1877 477 1937 et
495 1859 670 1965 pluribus
689 1858 877 1937 aliis-tunc
896 1860 936 1933 in
956 1857 1120 1963 generali
1137 1857 1300 1963 capitulo
1322 1856 1583 1949 existentibus;
1604 1860 1645 1935 in
1664 1888 1729 1937 cu-

302 1994 366 2100 jus
396 1990 616 2095 recepcioue
645 1985 763 2064 nichil
788 1986 881 2063 vidit
906 1986 989 2063 lieri
1014 2015 1084 2064 nec
1108 1987 1249 2065 audivit
1269 1987 1342 2062 dici
1363 1988 1623 2078 inhonestum;
1648 1990 1727 2094 ipse

309 2138 436 2198 autem
471 2120 577 2198 testis
613 2134 785 2223 receptus
818 2116 940 2193 suerat
974 2144 1043 2222 per
1082 2117 1224 2194 dictum
1257 2115 1410 2193 fratrem
1446 2119 1645 2226 Hugonem
1680 2118 1727 2194 de

309 2250 483 2335 Peraldo,
512 2249 551 2325 in
575 2275 710 2354 magna
734 2245 875 2355 capella
898 2247 1034 2324 domus
1053 2246 1204 2352 Templi
1225 2246 1456 2336 Parisiensis,
1479 2249 1517 2323 in
1537 2249 1729 2354 presencia

308 2383 429 2458 tocius
455 2378 623 2485 capituli,
645 2376 795 2456 infesto
819 2377 1023 2455 Natiuitatis
1042 2376 1158 2453 sancti
1179 2376 1358 2453 lobannis
1370 2378 1534 2482 Baptiste
1559 2378 1728 2482 proximo

308 2509 487 2615 preterito
517 2507 673 2586 suerunt
699 2534 736 2584 rr
769 2504 829 2584 vel
862 2534 912 2584 nu
942 2506 1046 2597 anni,
1075 2505 1315 2613 presentibus
1342 2506 1521 2612 predictis
1553 2506 1730 2584 fratribus

310 2641 430 2718 Adam
449 2656 489 2716 et
507 2638 718 2716 Humberto
739 2636 941 2727 militibus,
962 2638 1003 2715 in
1021 2636 1124 2715 hunc
1146 2639 1323 2728 modum3
1345 2665 1432 2712 nam
1452 2636 1624 2713 fecerunt
1641 2664 1729 2713 eum

309 2797 440 2847 vovere
456 2768 677 2860 castitatem,
695 2765 972 2857 obedienciam,
989 2781 1026 2846 ct
1040 2768 1160 2846 vivere
1178 2767 1259 2848 sine
1271 2767 1437 2872 proprio,
1455 2785 1493 2842 et
1504 2767 1577 2843 hoc
1582 2768 1728 2875 jurare,
1819 2747 1822 2751 ¹

310 2918 348 2978 et
364 2900 469 3006 quod
487 2915 651 2977 servaret
670 2914 806 2975 statuta
823 2911 861 2975 et
880 2897 1175 2974 consuetudines
1194 2897 1338 2975 ordinis
1363 2924 1437 3003 que
1459 2914 1549 2973 tunc
1569 2914 1674 2973 erant
1693 2915 1731 2973 et

311 3029 447 3107 fierent
472 3031 512 3107 in
539 3030 734 3136 posterum
758 3056 827 3134 per
850 3055 1031 3135 magnum
1059 3029 1279 3133 Magistrum
1300 3044 1338 3105 et
1357 3044 1601 3117 conventum3
1626 3029 1731 3134 quod

312 3185 391 3235 non
422 3156 603 3236 revelaret
626 3174 767 3236 secreta
793 3157 1060 3265 capitulorum,
1090 3158 1208 3237 eciam
1234 3158 1342 3235 sociis
1368 3157 1529 3264 propriis
1556 3159 1623 3264 qui
1654 3187 1730 3236 non

312 3286 568 3366 interfuissent
593 3288 633 3363 in
658 3288 731 3378 eis,
754 3288 878 3395 quod,
898 3317 968 3396 pro
984 3315 1093 3396 posse
1111 3316 1198 3380 suo,
1216 3289 1363 3398 juvaret
1388 3288 1436 3365 ad
1460 3288 1732 3393 acquirendum

311 3445 472 3523 regnum
500 3416 860 3509 lerosolimitanum,
891 3419 997 3526 quod
1023 3445 1102 3495 nou
1129 3419 1246 3495 exiret
1273 3418 1446 3496 ordinem
1475 3417 1555 3493 sine
1579 3416 1732 3492 licencia

311 3547 515 3655 superioris
533 3548 592 3626 sui
611 3576 682 3654 pro
704 3546 830 3654 aliquo
854 3547 929 3625 alio
953 3547 1102 3640 ordine,
1133 3550 1238 3657 quod
1263 3575 1340 3626 non
1365 3548 1561 3624 interesset
1583 3546 1624 3621 in
1650 3545 1732 3621 loco

313 3678 353 3753 in
371 3704 448 3783 quo
469 3676 603 3783 aliquis
624 3678 749 3755 studio
775 3704 845 3754 suo
868 3677 1159 3756 exheredaretur
1180 3677 1335 3785 injuste3
1353 3676 1597 3782 postmodum
1617 3674 1734 3751 tradi·

315 3805 372 3882 dit
388 3807 423 3881 ei
442 3803 682 3896 mantellum,
704 3787 745 3893 et,
762 3805 841 3911 ipse
863 3822 1035 3912 receptor
1052 3821 1091 3883 et
1110 3806 1264 3911 quidam
1283 3806 1469 3913 presbiter
1486 3806 1645 3892 ordinis,
1666 3805 1733 3912 qui

316 3936 458 4022 aderat,
480 3951 519 4010 et
535 3949 611 4012 tres
627 3931 686 4010 vel
705 3951 868 4039 quatuor
879 3934 925 4013 de
937 3935 1226 4042 antiquioribus,
1243 3936 1311 4043 qui
1330 3954 1435 4015 erant
1446 3934 1553 4042 juxta
1566 3952 1734 4041 recepto-

316 4093 415 4157 rem,
449 4063 604 4143 fuerunt
632 4092 721 4144 eum
749 4054 906 4141 osculati
920 4046 976 4142 'in
990 4080 992 4083 ’
1006 4092 1089 4156 ore3
1116 4084 1202 4172 post
1229 4094 1303 4174 que
1333 4066 1455 4143 dictus
1482 4083 1653 4172 receptor
1678 4041 1757 4142 in-‘'

316 4195 450 4272 struxit
466 4223 557 4274 eum
575 4192 736 4300 qualiter
761 4194 902 4273 debent
922 4222 962 4273 se
987 4223 1116 4302 gerere
1136 4198 1263 4302 quoad
1283 4197 1490 4287 oraciones,
1510 4224 1678 4273 mensam
1698 4213 1736 4272 et

315 4325 386 4400 alia
401 4325 502 4402 licita
524 4342 563 4403 et
580 4324 755 4416 bonesta3
776 4353 847 4402 nec
865 4325 1010 4432 aliquid
1032 4325 1205 4403 illicitum
1235 4326 1300 4404 illa
1329 4327 1390 4403 die
1413 4324 1485 4402 fuit
1511 4325 1653 4402 dictum
1675 4325 1735 4401 vel

314 4453 453 4531 sactum
473 4456 513 4533 in
533 4456 632 4533 dicta
650 4483 716 4531 sua
734 4456 970 4561 recepcione3
989 4455 1050 4533 die
1074 4484 1163 4535 vero
1181 4456 1280 4533 Jovis
1298 4456 1488 4562 sequenti,
1507 4472 1592 4560 post
1609 4482 1736 4559 recep

317 4585 464 4661 cionem
491 4614 596 4662 suam
625 4613 700 4692 que
729 4583 852 4662 luerat
873 4585 967 4664 sacta
997 4585 1058 4663 die
1083 4584 1212 4664 Martis
1235 4585 1469 4691 precedenti,
1499 4587 1575 4663 duo
1604 4584 1736 4662 fratres

318 4713 520 4792 servientes
546 4714 707 4802 ordinis,
737 4744 902 4820 quorum
931 4743 1008 4792 nou
1038 4714 1201 4793 habehat
1227 4715 1404 4794 noticiam
1433 4715 1544 4794 etde
1572 4742 1736 4822 quorum

318 4843 537 4928 nominibus
564 4872 641 4922 non
663 4845 893 4937 recordatur,
918 4862 1141 4928 vocaverunt
1164 4845 1288 4951 ipsum
1311 4846 1520 4926 testem.ad
1544 4847 1735 4954 quandam
