4080 6052
303 547 379 629 aaa
691 521 1007 621 enonas-uas
1033 536 1335 613 ratramnus.

302 693 458 769 luerunt
477 685 706 791 negligentes
725 683 814 788 quia
837 710 914 758 non
939 697 1195 776 correxerunt,
1217 706 1288 796 nec
1313 678 1640 757 denunciaverunt
1658 683 1731 759 Ec-

304 821 431 907 clesia,
453 844 522 893 nec
541 829 776 892 recesserunt
795 812 841 887 ab
863 812 927 889 eis.

361 953 470 1036 Item,
492 947 544 1022 ad
569 972 676 1025 cxvrn
700 927 895 1048 respondit
918 967 958 1016 se
982 932 1125 1015 nescire
1151 939 1181 1014 si
1206 954 1360 1044 propter
1383 937 1555 1014 feditates
1582 938 1727 1016 ordinis

305 1081 418 1187 aliqui
440 1079 631 1154 exiverunt
650 1074 697 1151 de
719 1075 811 1179 ipso.

358 1213 469 1297 Item,
486 1208 534 1285 ad
548 1232 669 1287 exeun
688 1203 884 1309 respondit
902 1229 942 1279 se
961 1202 1124 1288 nescire,
1137 1200 1206 1279 sed
1222 1199 1255 1276 si
1274 1199 1637 1290 scaridalimti-sunt,
1652 1202 1725 1280 dis-

302 1341 416 1446 plicet
433 1338 481 1419 ei.
1088 1388 1093 1397 -
1660 1402 1664 1407 .

358 1473 470 1556 Item,
490 1468 539 1545 ad
558 1492 684 1547 cxx-m
697 1463 891 1569 respondit
910 1461 1016 1568 quod
1032 1459 1320 1566 ipse-nesciebat
1335 1460 1406 1537 nisi
1424 1460 1532 1566 quod
1551 1460 1728 1565 deposuit

304 1627 431 1703 supra,
450 1625 520 1675 nec
538 1598 642 1703 quod
661 1611 747 1673 ante
769 1593 982 1698 capcionem
999 1591 1301 1698 Templan'orum
1322 1590 1417 1667 ordo
1441 1607 1540 1668 esset
1558 1590 1726 1669 diffama-

302 1747 380 1819 tus,
400 1728 519 1804 credit
538 1744 663 1803 tamen
681 1723 786 1831 quod
802 1740 887 1829 post
907 1722 1120 1827 capcionem
1139 1749 1272 1798 eorum
1293 1720 1389 1797 dicta
1409 1703 1617 1802 diffamido
1635 1749 1723 1827 pro·

303 1858 422 1937 cessit

359 1989 469 2074 Item,
485 1987 533 2063 ad
545 2010 716 2065 cmv-vn
728 1982 924 2089 respoudit
939 2008 979 2059 se
999 1981 1162 2069 nescire3
1177 1980 1318 2061 audivit
1335 1997 1463 2089 tamen
1476 1981 1585 2087 quod
1597 1981 1724 2087 alique

305 2115 555 2192 confessiones
578 2112 672 2189 facte
697 2130 786 2190 sunt
808 2140 876 2217 per
898 2112 1116 2217 Magistrum
1137 2127 1176 2187 et
1193 2109 1285 2187 alios
1300 2139 1424 2187 coram
1445 2110 1614 2191 dominis
1629 2111 1724 2216 Papa

305 2261 344 2322 et
363 2227 612 2322 cardinalibus
629 2259 669 2319 et
687 2242 780 2319 aliis.

359 2376 469 2463 Item,
491 2372 694 2479 requisitus
713 2371 744 2448 si
764 2371 816 2448 sic
837 2369 1011 2475 deposuit
1030 2396 1157 2475 prece,
1178 2387 1372 2475 precepto,
1393 2371 1558 2476 premr‘o,
1575 2400 1717 2462 amore,

303 2505 454 2593 timore,
476 2504 582 2593 odio,
608 2502 809 2581 commodo
832 2500 1029 2606 temporali
1055 2500 1184 2578 habito
1212 2501 1272 2579 vel
1298 2501 1493 2592 habendo,
1520 2503 1723 2591 instructus

303 2635 362 2712 vel
386 2634 609 2713 informatus
627 2650 671 2710 ut
693 2633 747 2710 sic
771 2633 995 2735 deponeret,
1018 2632 1214 2737 respondit
1236 2632 1342 2738 quod
1366 2659 1455 2710 non.
1484 2634 1532 2712 Et
1557 2632 1631 2711 fuit
1652 2634 1723 2712 sibi

304 2765 508 2843 inhibitum
524 2792 593 2870 per
610 2763 729 2840 dictos
746 2762 920 2840 dominos
939 2762 1211 2840 commissarios
1227 2762 1334 2868 quod
1350 2790 1427 2840 non
1445 2763 1639 2842 revelleret
1655 2765 1721 2840 ali-

305 2894 366 2971 cui
389 2893 492 2969 fiatri
518 2895 606 2970 dicti
631 2894 791 2984 ordinis,
811 2893 871 2971 vel
895 2892 1005 2969 alicui
1031 2892 1091 2974 alii
1117 2893 1293 2980 seculari,
1315 2920 1357 2969 ea
1384 2922 1460 2999 que
1481 2895 1717 3001 deposuerat,

305 3050 504 3128 quousque
528 3023 683 3100 domino
709 3041 837 3102 nostro
862 3025 959 3129 Pape
986 3023 1149 3101 exhibita
1172 3023 1314 3102 suerint
1339 3041 1377 3101 et
1400 3024 1577 3103 hostensa
1594 3041 1634 3101 et
1649 3052 1721 3129 pu-

304 3151 449 3227 blicata.

361 3284 550 3389 Cumque,
578 3284 676 3359 inter
702 3310 824 3361 moras
852 3283 1138 3361 examinacionis
1163 3284 1283 3362 fratris
1307 3285 1488 3362 Iohannis
1512 3288 1720 3376 Bochandi,

305 3429 388 3489 aute
413 3415 544 3491 horam
568 3413 706 3520 prime,
735 3413 965 3518 pervenisset
991 3413 1038 3489 ad
1064 3415 1239 3490 noticiam
1265 3414 1453 3491 dictorum
1477 3414 1720 3490 dominorum

304 3544 659 3632 commissariorum,
682 3544 722 3620 in
748 3544 844 3619 dicta
871 3543 1009 3649 capella
1037 3543 1299 3631 existencium,
1326 3544 1429 3649 quod
1450 3569 1510 3619 mv
1533 3570 1577 3617 ex
1602 3545 1719 3618 Tem-

303 3674 428 3776 plariis
446 3677 511 3780 qui
529 3686 653 3750 colam
671 3676 815 3752 eisdem
833 3675 996 3753 dominis
1013 3675 1275 3753 commissariis
1292 3703 1331 3753 se
1350 3672 1527 3753 obtulisse
1545 3672 1721 3749 diceban-

303 3819 365 3878 tur
383 3805 431 3880 ad
448 3803 706 3879 defensionem
725 3804 813 3880 dicti
832 3805 985 3893 ordinis,
1006 3821 1113 3881 erant
1129 3805 1227 3881 dicta
1244 3805 1306 3881 die
1324 3802 1585 3893 comburendi,-
1604 3803 1721 3880 iidem

304 3932 448 4011 domini
475 3933 718 4011 commissarii
742 3950 992 4040 preceperunt
1019 3932 1297 4010 venerabilibus
1321 3934 1425 4022 viris,
1452 3934 1611 4012 domino
1635 3935 1720 4012 Phi-

302 4060 404 4166 lippo
426 4063 472 4139 de
490 4065 636 4142 Voheto
658 4064 849 4169 preposito
875 4066 1028 4142 ecclesie
1053 4063 1291 4152 Pictavensis,
1312 4066 1358 4141 ad
1378 4065 1590 4142 custodiam
1611 4067 1721 4147 Tem-

302 4190 508 4294 plariorum
534 4193 752 4287 auctoritate
777 4195 980 4300 apostolica
1004 4194 1199 4299 deputato,
1227 4212 1267 4273 et
1290 4197 1467 4302 magistro
1492 4196 1638 4273 Amisio
1663 4223 1719 4272 ar-

304 4320 523 4401 chidiacono
544 4323 820 4412 Aurelianensi,
843 4324 978 4402 clerico
1004 4324 1124 4428 regio,
1147 4316 1317 4428 ex'parte
1343 4354 1478 4403 eorum
1501 4326 1721 4404 accederent

303 4451 349 4526 ad
370 4451 513 4530 dictum
538 4454 738 4531 dominum
763 4452 1085 4559 archiepiscopum
1110 4453 1386 4541 Senonensem,
1408 4457 1568 4561 ejusque
1587 4456 1719 4533 suffra-

302 4606 437 4683 ganeos
463 4600 502 4658 et
528 4584 745 4671 concilium,
768 4599 807 4658 et
832 4583 938 4689 quod
960 4599 1136 4689 rogarent
1161 4611 1225 4659 eos
1249 4600 1287 4660 et
1309 4586 1514 4661 suaderent
1538 4585 1592 4662 eis
1617 4583 1717 4691 quod

302 4707 466 4812 placeret
489 4710 542 4787 eis
566 4712 676 4814 plene
704 4712 912 4791 deliberare
933 4731 971 4791 et
990 4732 1135 4791 mature
1161 4741 1270 4819 agere
1295 4717 1390 4793 circa
1413 4716 1610 4821 premissa,
1631 4729 1668 4791 et
1684 4713 1711 4787 si

304 4836 359 4935 eis
383 4837 561 4918 videbant
589 4840 682 4916 utile
702 4841 854 4921 differre
883 4860 922 4920 et
945 4832 1065 4922 facere
1095 4843 1237 4923 differri
1266 4847 1451 4951 predicta,
1479 4847 1569 4953 q'uia
1596 4844 1714 4921 dictam
