4148 6052
716 523 911 629 ruocss
935 543 1031 616 oss
1056 544 1358 619 rnurnmns.
1670 492 1745 625 sss

331 686 429 767 senti
448 683 573 763 seculo
593 684 652 762 vel
676 684 717 762 in
740 685 833 775 alio,
852 684 1054 793 subjiciens
1072 685 1216 763 dictum
1235 675 1495 793 preceptorem
1518 685 1589 764 sibi
1613 688 1746 769 dixisse

331 814 453 924 quod,
470 815 541 893 nisi
560 815 729 921 predicta
748 815 906 913 faceret,
927 832 1133 921 poneretur
1156 817 1197 893 in
1222 816 1288 895 tali
1311 816 1395 894 loco
1420 817 1527 925 quod
1553 844 1748 924 nunquam

330 946 474 1023 videret
487 946 605 1051 pedes
625 972 728 1025 suos.
745 946 803 1023 De
832 945 914 1021 istis
938 960 1067 1021 tamen
1089 945 1212 1024 verbis
1232 946 1748 1053 comminatoriis·requisitus

329 1072 488 1180 pluries,
509 1075 599 1181 quia
614 1075 811 1153 videbatur
829 1075 986 1164 variare,
1008 1075 1203 1179 respondit
1220 1074 1280 1152 bis
1296 1076 1402 1182 quod
1424 1104 1502 1152 non
1522 1075 1672 1154 fuerant
1694 1075 1748 1154 sa·

329 1220 387 1281 cte
399 1203 524 1310 alique
537 1204 868 1294 comminaciones,
882 1202 993 1279 ethis
1007 1201 1066 1279 vel
1078 1219 1137 1279 ter
1150 1203 1255 1309 quod
1267 1202 1416 1281 fuerant
1426 1202 1537 1295 facte,
1550 1205 1648 1281 sicut
1661 1207 1749 1283 scri·

330 1349 441 1438 ptum
469 1350 527 1411 est
553 1362 681 1439 supra,
705 1352 743 1411 et
766 1334 805 1410 in
830 1334 904 1410 hoc
932 1333 1189 1439 perseveravit.
1210 1334 1427 1439 Requisitus
1447 1333 1494 1411 de
1516 1335 1576 1411 die
1597 1353 1636 1413 et
1656 1336 1748 1413 hora

330 1463 553 1569 receptionis
565 1492 649 1554 sue,
662 1463 856 1570 respondit
869 1464 975 1571 quod
994 1464 1034 1539 in
1054 1463 1115 1540 die
1135 1463 1371 1542 discensionis
1387 1463 1539 1542 Domini
1556 1464 1604 1541 de
1618 1492 1745 1556 mane,
1780 1462 1788 1481 ⁸

330 1592 394 1670 die
411 1610 536 1671 umen
556 1594 902 1700 clara.1Reqiusitus
926 1593 973 1668 de
997 1592 1081 1670 loco
1100 1593 1340 1699 receptionis,
1360 1593 1453 1671 dixit
1475 1593 1580 1699 quod
1604 1593 1643 1669 in
1662 1622 1748 1700 qua-

329 1721 416 1799 dam
440 1751 583 1800 camera
612 1725 710 1803 dicte
736 1724 873 1801 domus
894 1722 1043 1828 Templi
1069 1720 1118 1799 de
1146 1722 1268 1819 insula
1291 1721 1473 1800 Bochardi
1494 1751 1569 1830 que
1596 1739 1748 1801 vocatur

329 1879 473 1929 camera
496 1855 664 1960 magistri
687 1853 854 1945 Pictavii,
873 1853 912 1928 in
932 1878 1008 1958 qua
1028 1851 1178 1929 nullum
1199 1870 1279 1931 erat
1300 1852 1426 1951 altare,
1448 1853 1663 1959 Requisitus
1679 1854 1746 1960 qui

327 1979 477 2058 fuerant
489 1999 682 2085 presentes
699 1982 740 2059 in
758 1981 977 2087 racepciono
993 2007 1077 2072 sua,
1096 1982 1292 2086 respondit
1308 1982 1413 2088 quod
1430 1982 1545 2058 frater
1561 1980 1747 2060 Geraldus

329 2107 377 2184 de
401 2111 572 2215 Launay,
592 2127 791 2216 preceptor
814 2110 952 2189 domus
971 2110 1019 2187 de
1039 2113 1179 2219 Freooy
1204 2140 1321 2219 prope
1345 2113 1506 2203 Loches,
1529 2111 1744 2202 defunctus,

329 2254 368 2315 et
386 2237 515 2315 nullus
528 2238 633 2317 alius.
650 2240 866 2346 Requisitus
878 2240 964 2344 quis
981 2256 1238 2344 apportaverat
1252 2242 1390 2319 dictam
1406 2269 1556 2319 crucem
1572 2259 1609 2318 et
1624 2241 1743 2328 unde,

329 2382 369 2443 et
383 2365 508 2472 qualis
525 2385 606 2444 erat
623 2366 722 2443 dicta
736 2395 841 2457 crux,
856 2366 1054 2473 respondit
1066 2368 1172 2473 quod
1185 2367 1375 2444 Johannes
1386 2424 1394 2454 ,
1405 2367 1548 2445 valetus
1564 2368 1652 2444 dicti
1669 2395 1747 2475 pre-

328 2495 489 2599 ceptoris
509 2513 547 2573 et
565 2495 632 2603 qui
652 2523 739 2572 cum
760 2523 805 2572 eo
820 2495 1013 2601 equitabat
1027 2494 1152 2572 adhuc
1168 2496 1452 2600 superveniens,
1474 2511 1518 2571 ut
1532 2494 1670 2584 credit,
1684 2523 1748 2601 ap-

327 2625 504 2729 portavit,
519 2627 568 2703 de
591 2625 769 2703 mandato
792 2625 881 2701 dicti
908 2623 1155 2730 preceptoris',
1179 2623 1316 2701 dictam
1341 2650 1491 2699 crucem
1520 2623 1567 2699 de
1595 2623 1746 2702 ecclesia
1773 2628 1784 2657 ·’

327 2753 469 2862 prefate
486 2755 638 2845 domus,
651 2773 690 2832 et
706 2783 793 2832 cum
809 2754 1026 2831 tradidisset
1045 2781 1128 2829 eam
1147 2751 1337 2829 antedicto
1361 2753 1569 2860 preceptori
1583 2753 1629 2833 iu
1649 2754 1747 2831 dicta

327 2910 487 2974 mmera,
511 2883 600 2962 fecit
623 2901 820 2990 preceptor
842 2885 987 2962 dictum
1010 2880 1174 2959 valetum
1200 2881 1299 2960 exire
1326 2881 1374 2958 de
1400 2882 1498 2959 dicta
1519 2908 1681 2973 camera,
1709 2897 1748 2959 et

327 3011 399 3089 fuit
417 3041 486 3119 per
504 3014 630 3119 ipsum
648 3029 907 3119 preceptorem
931 3011 990 3089 vel
1016 3039 1084 3118 per
1110 3010 1227 3089 alium
1256 3026 1439 3088 astantem
1468 3011 1591 3088 statim
1623 3010 1746 3089 clausa

327 3156 435 3244 porta
459 3142 556 3220 dicte
579 3169 740 3233 camere,
762 3158 801 3218 et
820 3141 917 3218 dicta
937 3170 1027 3217 crux
1048 3140 1286 3253 erat'lignea,
1307 3155 1352 3217 ut
1372 3139 1480 3229 dixit,
1497 3169 1584 3217 cum
1603 3140 1747 3247 pictura

328 3266 504 3347 Crucifixi
531 3271 733 3378 antiquata.
754 3270 972 3379 Requisitus
990 3270 1021 3348 si
1040 3269 1103 3348 illa
1120 3270 1212 3347 hora
1234 3299 1309 3375 qua
1329 3269 1452 3346 dictus
1471 3270 1613 3347 valetus
1633 3270 1748 3345 intra-

327 3398 379 3474 vit
391 3399 528 3477 dictam
544 3429 745 3489 cameram,
760 3401 841 3509 ipso
860 3402 966 3479 testis
980 3400 1155 3478 induerat
1168 3396 1413 3490 mantellum,
1428 3397 1625 3505 respondit
1642 3397 1748 3504 quod
1858 3408 1863 3419 '

327 3553 420 3621 non,
442 3529 510 3607 sed
532 3548 618 3636 post
643 3531 937 3639 abnegaciouem
969 3548 1009 3607 et
1034 3529 1269 3637 spuicionem
1299 3528 1496 3636 predictas.
1526 3526 1633 3604 Unde
1662 3555 1749 3635 pro-

325 3674 411 3762 pter
430 3659 493 3735 illa
511 3687 586 3766 que
611 3661 690 3767 ipse
714 3660 854 3739 fecerat
875 3679 914 3738 et
939 3687 1014 3767 que
1042 3659 1191 3737 fuerant
1215 3674 1391 3766 precepta
1412 3657 1555 3748 eidem,
1574 3657 1748 3734 credebat

326 3782 486 3864 firmiter
513 3788 618 3893 quod
646 3787 814 3893 predicta
839 3789 978 3867 fierent
1005 3805 1044 3865 et
1074 3805 1312 3867 servarentur
1337 3788 1379 3865 in
1407 3803 1487 3864 toto
1517 3787 1666 3875 ordine,
1687 3813 1749 3863 ve·

327 3930 568 4021 rumptamen
587 3942 782 4021 nunquam
802 3916 1041 4006 interfuerat,
1062 3934 1106 3994 ut
1125 3918 1233 4007 dixit,
1255 3917 1462 4024 receptioni
1490 3914 1658 4008 alterius,
1679 3943 1749 3992 nec

326 4043 499 4149 capitulis
517 4043 758 4135 eorumdem,
777 4073 848 4123 nec
871 4047 911 4122 in
935 4046 1126 4155 aliquibus
1155 4048 1237 4124 aliis
1264 4046 1444 4123 domibus
1471 4044 1562 4122 dicti
1588 4044 1746 4135 ordinis,

326 4172 398 4251 nisi
417 4174 458 4251 in
477 4174 646 4281 predicta
665 4174 781 4252 domo
799 4174 848 4252 de
864 4175 987 4253 insula
1009 4175 1193 4254 Bochardi
1210 4176 1250 4250 in
1269 4203 1345 4282 qua
1362 4190 1530 4253 moratus
1547 4173 1670 4252 suerat
1681 4175 1749 4253 tri-

324 4302 400 4382 bus
417 4305 539 4394 annis,
556 4323 594 4383 et
610 4304 717 4411 quod
732 4304 772 4383 in
788 4305 903 4384 domo
921 4306 969 4385 de
987 4305 1138 4385 Moliuis
1158 4306 1358 4413 conjuncta
1375 4323 1413 4383 et
1429 4304 1548 4382 vicina
1564 4304 1688 4382 eidem
1707 4305 1747 4380 in

324 4458 401 4537 qua
421 4448 577 4509 steterat
594 4462 664 4541 per
684 4461 827 4511 annum
846 4463 937 4512 cum
960 4434 1130 4512 dimedio
1157 4434 1216 4511 vel
1243 4435 1356 4543 circa,
1379 4451 1424 4511 ut
1447 4433 1557 4521 dixit,
1579 4450 1618 4512 et
1643 4435 1683 4510 in
1705 4461 1749 4511 es

322 4558 448 4638 fuerat
476 4579 627 4666 captus,
653 4579 691 4640 et
717 4563 874 4640 exinde
901 4563 1040 4642 ductus
1063 4562 1134 4640 suit
1158 4562 1404 4653 laudunum,
1429 4562 1538 4640 etde
1563 4563 1747 4639 Lauduno

325 4692 427 4796 apud
445 4691 662 4801 Caynonem
681 4719 805 4771 coram
818 4692 972 4802 Baylivo
992 4694 1040 4771 de
1062 4694 1254 4800 Toroyne,
1272 4718 1397 4771 coram
1416 4721 1494 4801 quo
1513 4691 1587 4769 fuit
1605 4693 1748 4771 confes·

327 4845 389 4899 sus
406 4823 603 4929 premissa,
623 4841 668 4905 ot
687 4822 798 4914 dixit,
814 4822 960 4931 absque
978 4823 1196 4913 tormentis,
1217 4839 1257 4900 et
1276 4822 1370 4901 dixit
1388 4852 1428 4902 se
1447 4823 1562 4901 fixisse
1580 4825 1745 4931 gavisum
