4148 6052
339 576 387 649 si
728 555 921 648 moces
946 570 1040 644 nes
1065 571 1363 643 rennuens.

336 717 540 792 adherente
560 715 658 791 dicte
678 714 762 791 aule
781 713 978 820 episcopali
998 709 1129 816 prelati
1147 710 1291 786 domini
1309 708 1539 786 Mimatensis
1555 722 1597 786 et
1614 712 1757 790 Lemo-

336 846 492 922 u'censis
511 844 691 949 episcopi,
709 843 896 931 Matheus,
912 861 950 919 et
965 840 1208 918 Tridentinus
1225 868 1266 914 ac
1282 837 1555 944 Megalonensis
1570 839 1759 919 archidia-

337 977 437 1065 coni,
454 992 492 1051 et
506 975 660 1051 fuerunt
672 974 813 1050 ibidem
826 965 977 1049 adducti
997 998 1121 1048 coram
1140 970 1193 1045 eis
1213 968 1365 1045 insimul
1384 966 1514 1045 fratres
1530 968 1753 1077 subscripti,

336 1107 401 1212 qui
431 1103 580 1181 adducti
605 1103 719 1180 luisse
746 1101 966 1178 dicebantur
996 1099 1044 1176 de
1072 1099 1241 1176 lamvilla
1265 1098 1542 1177 Aurelianensis
1566 1099 1753 1181 diocesis:

334 1235 505 1311 videlicet
539 1232 669 1310 fratres
694 1231 887 1310 Dionisius
916 1229 1070 1335 Nepotis
1102 1228 1297 1335 presbyter
1327 1245 1477 1304 curatus
1503 1226 1550 1303 de
1581 1229 1751 1309 Errivilla

335 1363 572 1442 Carnotensis
606 1362 782 1451 diocesis,
814 1358 1035 1463 Arnulphus
1066 1357 1143 1434 deu
1172 1358 1314 1435 Porche
1345 1357 1601 1448 Carnotensis,
1629 1360 1670 1435 P.
1694 1361 1751 1439 de

335 1493 432 1570 Grisi
450 1490 682 1580 Parisiensis,
700 1488 911 1592 Stephanus
928 1485 975 1562 de
991 1487 1227 1591 Compendio
1251 1485 1545 1574 suessionensis,
1563 1486 1751 1568 Robettus

334 1622 381 1696 de
407 1619 609 1724 Nangivilla
638 1617 884 1707 Senonensis,
907 1616 1078 1693 Matheus
1107 1615 1155 1691 de
1183 1614 1355 1692 Carnella
1379 1614 1614 1706 Parisiensis,
1643 1614 1763 1697 Guit'

334 1749 469 1826 lelmus
504 1749 551 1824 de
581 1750 755 1854 Roynayo
787 1744 983 1850 presbyter
1012 1745 1263 1834 Lexoviensis,
1296 1744 1428 1820 Petrus
1464 1744 1512 1819 de
1543 1744 1749 1855 Cboyneyo

334 1879 589 1969 Carnotensis,
613 1876 832 1981 Amulphus
857 1876 905 1950 de
930 1875 1107 1952 Domnon
1134 1874 1367 1962 Parisiensis,
1393 1874 1601 1978 Stephanus
1626 1877 1747 1954 Licon

333 2007 590 2104 Ca'rnotensis,
615 2007 656 2081 P.
679 2004 726 2080 de
751 2003 924 2110 Belineys
949 2001 1243 2090 Aurelianensis,
1265 2003 1406 2108 Symon
1433 2002 1481 2077 de
1508 2003 1670 2080 Floriaco
1696 2035 1748 2083 en

332 2138 461 2244 Bieyra
492 2135 734 2224 Senonensis,
765 2132 990 2209 Guillelmus
1017 2133 1064 2208 de
1093 2133 1253 2236 Stampis
1289 2133 1529 2222 Senonensis,
1548 2134 1748 2221 Johannes

332 2267 380 2342 de
404 2265 593 2372 Maynillio
619 2262 756 2340 Albrici
789 2261 1021 2351 Parisiensis,
1048 2259 1174 2338 Guido
1203 2260 1250 2336 de
1271 2261 1461 2366 Maynillio
1481 2259 1621 2338 Albrici
1648 2264 1748 2342 Peri-

330 2395 476 2482 siensis,
502 2390 723 2495 Radulphus
755 2390 803 2466 de
833 2388 964 2467 Galeto
993 2389 1271 2478 Ambianensis‚
1304 2387 1622 2470 Guaulredusde
1652 2395 1746 2472 san-

330 2525 396 2600 ctis
416 2521 672 2608 Carnotensis,
698 2520 840 2626 Symon
866 2520 913 2595 de
935 2520 1094 2595 Feritate
1117 2520 1375 2610 Carnotensis,
1395 2518 1575 2597 Girardus
1594 2521 1744 2601 Boileve

329 2651 623 2736 Aurelianensis,
649 2647 763 2724 Oddo
790 2647 837 2721 de
862 2647 1045 2723 Garinuhi
1070 2647 1349 2738 Ambianensis,
1379 2664 1417 2723 et
1441 2647 1665 2729 Guillelmus
1694 2654 1745 2731 de

264 2823 268 2831 ·
330 2779 545 2858 Guilherval
566 2775 804 2855 Carnotensis
829 2774 1047 2883 diocesium.
1076 2778 1152 2869 Qui
1168 2777 1405 2884 singulariter
1422 2793 1459 2852 et
1475 2778 1665 2882 separatim
1683 2781 1742 2856 in-

329 2908 517 3011 terrogati,
538 2907 569 2982 si
582 2903 755 2981 volebant
771 2903 912 2980 dictum
928 2904 1099 2982 ordinem
1115 2905 1334 2997 defendere,
1351 2907 1622 3019 responderunt
1633 2912 1741 3014 quod

330 3040 399 3124 sic;
424 3037 540 3113 eciam
564 3035 652 3111 dicti
671 3032 863 3110 Dionisius
880 3037 1031 3140 Nepotis
1054 3053 1092 3112 et
1104 3035 1323 3141 Arnulphus
1343 3037 1419 3113 deu
1439 3037 1603 3127 Porche,
1620 3067 1739 3147 usque

330 3168 377 3244 ad
399 3183 575 3255 mortem,
598 3183 640 3242 ut
662 3165 854 3250 dixerunt;
876 3167 1121 3269 etpecierunt
1141 3193 1272 3247 omnes
1291 3167 1350 3244 isti
1372 3165 1614 3246 ecclesiastica
1630 3196 1743 3248 sacra-

328 3316 464 3376 menta.

384 3430 471 3507 Acta
502 3428 656 3504 luerunt
679 3428 749 3503 hec
780 3426 957 3531 predictis
986 3425 1047 3502 die
1075 3444 1112 3503 et
1136 3426 1235 3518 loco,
1261 3430 1497 3536 presentibus
1519 3458 1582 3508 me
1603 3432 1740 3511 lloria-

328 3577 455 3636 monte
475 3558 673 3637 Dondedei
695 3575 732 3633 et
751 3555 831 3632 aliis
851 3556 1002 3634 notariis
1021 3585 1132 3661 supra
1150 3558 1320 3662 proximo
1336 3560 1546 3637 nominatis.

382 3823 470 3899 Post
488 3823 574 3911 hec,
595 3821 656 3897 die
678 3819 775 3895 lovis
799 3819 988 3924 sequenti,
1009 3845 1083 3923 que
1098 3818 1170 3896 fuit
1191 3848 1275 3899 xxvl
1295 3820 1376 3900 dies
1399 3823 1486 3900 dicti
1510 3814 1648 3902 mensis
1667 3826 1739 3902 Fe·

326 3951 483 4040 bruarii,
503 3966 757 4027 convenerunt
775 3949 813 4023 in
830 3949 961 4024 eadem
979 3976 1121 4024 camera
1134 3949 1265 4053 prelati
1284 3951 1426 4028 domini
1450 3954 1679 4037 Mimatensis
1702 3974 1739 4033 et

326 4082 597 4160 Lemovicensis
619 4077 802 4185 episcopi,
829 4078 1021 4169 Matheus,
1050 4095 1088 4153 et
1108 4079 1388 4157 archidiaconus
1415 4083 1675 4170 Tridentinus3
1701 4102 1740 4161 et

326 4210 479 4287 suerunt
503 4213 645 4288 ibidem
674 4209 826 4286 adducti
854 4238 978 4287 coram
1005 4207 1059 4285 eis
1091 4208 1244 4287 insimul
1272 4209 1401 4288 fratres
1430 4212 1648 4319 subscripti,
1670 4214 1735 4320 qui
1772 4180 1777 4195 ,

325 4341 474 4417 adducti
494 4340 606 4418 luisse
634 4339 854 4417 dicebantur
877 4340 924 4415 de
945 4339 1115 4416 Gizorcio
1142 4338 1451 4444 Rothomagensis
1470 4341 1638 4419 diocesis.
1660 4342 1736 4435 Qui

323 4472 558 4578 singulariter
579 4490 616 4548 et
628 4468 826 4574 separatim
841 4467 1072 4572 interrogati,
1090 4469 1120 4544 si
1140 4467 1314 4544 volebant
1330 4469 1660 4575 dictumordinem
1674 4471 1738 4548 de·

324 4599 493 4687 sendere,
509 4599 785 4702 responderunt
799 4596 1037 4703 singulariter
1053 4613 1096 4672 ut
1112 4597 1282 4702 sequitur
1295 4628 1303 4671 :
1316 4596 1445 4676 fratres
1461 4600 1617 4677 Enricus
1633 4600 1737 4677 Zelot

324 4725 518 4833 presbyter
549 4725 744 4813 Tulensis,
772 4726 959 4803 Robertus
991 4725 1039 4801 do
1067 4725 1312 4803 Monsterolio
1344 4728 1540 4835 presbyter
1567 4694 1740 4808 suessio-⁹

323 4856 467 4945 nensis,
492 4872 529 4932 et
550 4854 588 4932 Ρ.
612 4852 658 4929 de
681 4851 853 4958 Dampno
874 4852 1033 4930 Martino
1057 4855 1251 4964 presbyter
1274 4856 1488 4936 Parisiensis
1507 4857 1733 4949 diocesium,
