4148 6052
330 540 399 614 uo
708 529 902 623 raeces
928 547 1022 620 uas
1048 545 1348 620 ruuruaaas.

323 685 447 771 miles,
472 703 511 762 et
526 687 714 765 Johannes
734 689 782 765 de
810 690 938 767 Monte
953 685 1087 792 regali,
1104 702 1142 763 et
1157 686 1240 762 Ber.
1262 685 1470 774 Charverii,
1489 714 1530 763 ac
1549 687 1744 768 Johannes

324 814 371 888 de
391 812 592 922 Bellafaya‚
616 845 685 921 pro
705 846 744 895 se
767 835 806 895 et
828 818 1075 896 aliisxxxvnrr
1095 813 1272 895 fratribus
1293 815 1471 921 predictis
1491 817 1565 922 qni·
1578 846 1668 894 cum
1687 821 1744 897 eis

324 943 550 1021 tenebantur
568 946 742 1024 in'domo
756 947 902 1025 Ricardi
923 945 971 1022 de
986 944 1124 1051 Spoliis
1135 945 1175 1021 in
1189 945 1270 1021 vico
1289 943 1440 1050 Templi
1452 944 1633 1034 Parisius;
1649 947 1742 1025 item

322 1070 454 1149 fratres
477 1074 633 1178 Egidius
658 1074 705 1150 de
724 1076 895 1153 Parbona
915 1092 954 1151 et
978 1072 1152 1152 Nicolaus
1169 1074 1397 1180 Versequin,
1424 1102 1493 1179 pro
1525 1102 1565 1151 se
1592 1090 1630 1152 et
1658 1076 1742 1154 aliis

325 1228 347 1275 x
375 1200 551 1278 fratribus
570 1203 635 1308 qui
663 1232 752 1282 cum
776 1205 830 1282 eis
851 1203 1079 1282 tenebantur
1101 1204 1141 1278 in
1161 1202 1314 1280 abbacia
1335 1203 1450 1281 sancti
1479 1204 1650 1310 Magtorii
1672 1206 1744 1283 Pa-

325 1331 444 1406 risius.
471 1334 518 1407 Et
536 1322 661 1409 'dictus
690 1332 806 1412 frater
830 1335 1018 1412 Johannes
1047 1332 1095 1409 de
1124 1334 1253 1410 Monta
1278 1332 1409 1438 regali,
1434 1360 1503 1437 pro
1523 1360 1563 1411 se
1590 1350 1628 1410 et
1658 1333 1741 1413 aliis

323 1461 501 1564 predictis
520 1462 824 1568 comparentibus
843 1481 881 1540 et
894 1491 963 1568 pro
978 1462 1061 1539 aliia
1078 1462 1126 1538 de
1143 1489 1281 1539 eorum
1290 1461 1530 1539 societatibus
1544 1461 1738 1566 predictis,

325 1589 467 1666 exibuit
487 1607 525 1666 et
542 1590 635 1696 legit
648 1591 688 1667 in
711 1593 902 1697 presencia
921 1591 1164 1668 dominorum
1184 1589 1526 1668 commissariorum
1550 1591 1741 1695 predicto-

325 1747 410 1794 rum
435 1718 497 1794 ad‘
510 1713 769 1807 detrusionem
793 1721 936 1799 ordinis
952 1720 1010 1796 sui
1030 1718 1236 1824 quamdam
1255 1716 1442 1804 cedulam,
1473 1734 1644 1797 tenorem
1672 1721 1738 1825 qui

325 1849 496 1954 sequitur
509 1850 785 1927 continentem:
1371 1869 1373 1874 “

382 1979 463 2055 «En
485 2008 574 2056 nom
590 1980 638 2056 de
658 1981 790 2061 Nostre
811 1980 908 2070 Sire,
926 2007 1047 2057 amen.
1064 1982 1312 2084 Propaussant
1325 1978 1352 2054 li
1367 1976 1578 2082 Templers‚
1598 1980 1742 2083 prima·

324 2125 469 2186 rament
488 2137 562 2214 que
582 2108 641 2186 lor
660 2109 770 2189 ordre
790 2103 830 2187 fu
851 2138 939 2187 sena
962 2127 999 2187 et
1018 2136 1172 2214 aprovez
1187 2110 1446 2214 antiquamant
1458 2107 1535 2185 ben
1549 2110 1742 2187 ethones-

220 2263 225 2269 ·
323 2231 464 2313 tamaut
483 2267 580 2346 pour
598 2239 634 2315 la
653 2256 778 2317 sancta
791 2239 939 2346 Eglei-ze
960 2241 1009 2317 de
1020 2241 1151 2318 Roma.
1184 2262 1194 2281 ·
1218 2313 1220 2318 ,

289 2423 294 2432 ·
380 2368 516 2458 «Item,
530 2385 761 2473 propousant
771 2397 845 2476 que
857 2369 956 2445 touit
968 2368 994 2445 li
1005 2368 1102 2445 frere
1118 2369 1185 2475 qui
1197 2366 1324 2444 furent
1336 2366 1391 2442 fea
1403 2367 1450 2443 de
1462 2366 1518 2443 cel
1528 2395 1593 2444 ora
1598 2368 1737 2474 jusque

321 2497 384 2584 ici,
400 2496 527 2575 [urent
544 2496 599 2576 fea
614 2500 703 2577 bien
719 2516 758 2577 et
775 2501 1055 2586 honestament,
1074 2527 1094 2575 e
1114 2526 1199 2575 senz
1218 2514 1302 2576 tout
1320 2493 1464 2602 pechid,
1484 2524 1605 2602 segun
1621 2497 1659 2574 la
1677 2497 1738 2604 foy

324 2628 500 2706 catholica
520 2629 567 2705 de
585 2631 722 2715 Roma,
744 2631 822 2706 ensi
843 2657 920 2736 quo
936 2656 975 2705 se
987 2644 1081 2733 puet
1098 2645 1222 2705 trover
1241 2654 1312 2732 por
1327 2627 1382 2704 les
1396 2625 1507 2705 liures
1526 2626 1573 2705 de
1594 2626 1630 2705 la
1649 2656 1743 2706 maa

322 2786 390 2833 son
404 2752 607 2862 'oisquieus
630 2757 924 2846 secontient31i
946 2756 1172 2863 quieuiivre
1192 2774 1280 2834 sunt
1306 2756 1354 2832 de
1381 2784 1458 2832 una
1483 2758 1647 2834 maniere
1666 2783 1740 2861 por

323 2885 378 2959 les
393 2876 554 2963 dive‘rsas
572 2885 736 2991 partidas
755 2887 832 2965 dou
849 2888 971 2966 siecle.
989 2886 1113 2991 Appar
1131 2885 1210 2962 ensi
1224 2912 1323 2991 pour
1339 2884 1367 2959 li
1381 2883 1478 2961 frere
1496 2884 1563 2991 qui
1579 2900 1645 2962 ont
1659 2887 1742 2963 este

325 3016 400 3090 deu
427 3014 485 3091 dit
503 3015 614 3092 ordre
633 3021 855 3121 tresportres
875 3045 922 3094 en
945 3032 1067 3102 autre,
1089 3015 1177 3091 c'est
1197 3023 1217 3091 a
1237 3014 1361 3091 savoir'
1375 3041 1422 3091 en
1443 3012 1610 3118 l'Ospital
1629 3031 1667 3090 et
1687 3042 1738 3090 en

324 3143 460 3220 l'ordre
485 3147 532 3221 de
559 3174 643 3222 sans
668 3147 828 3236 Lorens‚
858 3164 896 3223 et
920 3175 967 3224 en
992 3175 1083 3224 ceau
1109 3145 1205 3222 deus
1229 3143 1414 3221 Escoliers
1443 3144 1509 3249 qui
1538 3141 1665 3221 furem
1690 3171 1739 3219 en

324 3272 458 3350 l'ordre
474 3275 550 3351 deu
564 3274 738 3380 Temple,
757 3291 794 3351 et
805 3303 903 3380 pour
914 3274 969 3352 les
984 3272 1211 3386 contessions
1232 3274 1298 3350 des
1312 3271 1428 3350 freres
1447 3271 1513 3376 qui
1534 3289 1620 3349 sont
1638 3299 1740 3348 mors

324 3431 370 3478 en
391 3403 426 3480 {a
445 3405 607 3509 prisson,
626 3433 646 3480 e
665 3433 732 3510 par
750 3403 806 3482 les
821 3420 1017 3509 apostatos.

381 3535 611 3639 «Proposant
629 3532 766 3612 lifrere
788 3535 864 3611 deu
884 3535 940 3612 dit
959 3535 1070 3612 ordre
1091 3533 1205 3639 queil
1221 3534 1387 3610 vivorent
1399 3532 1489 3609 bien
1509 3548 1547 3608 et
1566 3533 1739 3608 honesta-

325 3681 429 3740 ment
447 3693 561 3770 segon
582 3666 617 3742 la
640 3665 701 3772 foy
721 3665 901 3744 catholica
926 3667 974 3744 de
998 3668 1132 3750 Roma,
1155 3693 1202 3742 en
1228 3674 1284 3742 oir
1303 3663 1387 3741 leur
1403 3691 1524 3748 orrea,
1545 3690 1593 3739 en
1611 3660 1687 3738 iare
1704 3660 1739 3737 le

320 3793 440 3900 jejuni
469 3825 543 3901 que
571 3813 652 3872 sant
665 3796 812 3901 Eglieze
836 3797 1073 3887 commanda,
1096 3812 1134 3871 et
1159 3794 1245 3900 plus
1264 3822 1339 3900 que
1359 3794 1385 3870 il
1400 3793 1618 3901 jejunavant
1635 3818 1661 3868 11
1681 3820 1741 3869 ca·

324 3940 496 4002 rantenas
516 3926 679 4002 chescun
705 3954 768 4012 an,
791 3922 1043 4002 confessavant
1062 3952 1083 3999 e
1106 3938 1392 4030 comenegavant
1410 3939 1487 4000 tres
1505 3919 1594 4010 fois,
1617 3922 1743 3998 c’estt

325 4054 444 4130 saveir
462 4062 482 4129 t
502 4053 611 4141 Nost,
629 4055 832 4145 tPaschas,
847 4061 868 4129 a
883 4056 1117 4140 Pentecoste,
1133 4080 1180 4128 en
1195 4079 1370 4156 presensa
1383 4052 1459 4128 deu
1473 4049 1626 4157 pueple,
1642 4077 1744 4154 pour

326 4180 361 4255 la
383 4210 569 4286 personne
590 4185 666 4261 deu
678 4181 774 4261 frere
794 4182 989 4291 chapellan
1009 4182 1060 4260 do
1075 4181 1162 4260 lour
1181 4180 1311 4270 ordre,
1333 4208 1372 4257 se
1393 4179 1420 4256 il
1439 4180 1451 4255 i
1471 4179 1566 4268 fust,
1582 4194 1621 4255 ct
1637 4177 1675 4255 si.
1689 4206 1742 4254 no

327 4311 337 4383 i
362 4308 455 4402 sust,
482 4341 549 4417 par
575 4329 777 4389 unaautre
806 4312 984 4418 religione
1003 4318 1024 4389 a
1044 4310 1184 4416 capella
1208 4310 1284 4387 deu
1310 4308 1434 4386 sieclo.
1459 4308 1549 4386 Ensi
1574 4324 1694 4413 quant
1717 4307 1745 4384 il

327 4442 486 4518 estoient
513 4443 693 4530 maiades,
720 4439 913 4528 coufesier‚
941 4441 1205 4547 commengier,
1232 4440 1386 4525 enolicr,
1409 4469 1429 4516 e
1455 4438 1600 4529 sevolir,
1626 4453 1745 4544 quant

328 4573 488 4647 estoient
515 4599 632 4658 mors,
659 4601 707 4649 en
734 4590 834 4649 terra
862 4571 1074 4665 benedeta,
1093 4572 1173 4650 ensi
1198 4597 1345 4649 comme
1375 4569 1477 4649 loiau
1496 4568 1668 4649 Crestian
1696 4568 1743 4646 de

327 4700 459 4776 Nostra
484 4701 639 4807 Seguor,
666 4728 713 4777 en
738 4729 915 4808 presensa
939 4701 1014 4779 deu
1038 4693 1192 4809 pueple3
1214 4729 1350 4810 epour
1371 4701 1532 4780 chascun
1554 4698 1653 4778 frere
1676 4698 1743 4806 qui

328 4845 492 4915 merent,
514 4828 540 4905 il
565 4829 734 4909 tenoient
754 4811 807 4907 im
828 4858 947 4935 poure
967 4834 1106 4937 repari,
1128 4848 1226 4938 pour'
1245 4832 1372 4909 l'trme
1396 4833 1443 4908 de
1463 4830 1509 4922 li,
1528 4857 1575 4909 aa
1592 4831 1675 4937 jora
1694 4827 1745 4906 de
