4080 6052
520 529 563 602 ur
902 498 1100 591 rnocts
1127 515 1221 588 nus
1248 512 1548 587 rennuens.

513 672 561 748 ad
586 682 762 746 contenta
781 664 821 739 in
841 659 952 736 dictis
969 658 1103 736 litteris
1126 656 1336 764 apostolicis
1354 655 1503 731 racione
1523 656 1649 760 previa
1667 661 1933 764 procedemus,

512 829 646 880 eorum
673 793 845 875 absencia
866 819 943 869 non
964 790 1150 878 obstante,
1178 788 1322 864 dictum
1341 786 1547 863 terminum
1568 816 1638 894 pro
1657 790 1782 871 tribus
1803 795 1937 876 edictis

514 948 553 1008 et
572 958 650 1008 uno
676 923 947 1034 peremptorie,
974 922 1062 1028 quia
1083 919 1282 1026 negocium
1306 917 1560 1025 periculosum
1585 937 1643 997 est
1664 923 1736 999 toti
1757 924 1850 1004 fidei
1876 956 1937 1007 or·

514 1063 626 1139 thore
648 1075 686 1136 et
706 1056 934 1134 celeritatem
956 1051 1159 1138 desiderat,
1181 1068 1277 1128 etex
1296 1048 1378 1126 aliis
1400 1050 1518 1126 causis
1533 1051 1645 1157 justis
1665 1070 1704 1130 et
1721 1055 1932 1163 legittimis,

514 1192 750 1298 prefigentes.
768 1190 883 1264 Porro
899 1201 943 1261 ut
955 1184 1029 1262 hoc
1043 1181 1239 1289 publicum
1254 1198 1380 1259 nostre
1397 1180 1588 1259 citationis
1608 1184 1773 1264 edictum
1787 1189 1835 1265 ad
1848 1218 1935 1295 pre·

516 1322 702 1399 dictorum
724 1317 868 1395 ordinis
887 1314 1047 1391 fratrum
1067 1343 1109 1390 ac
1126 1313 1296 1391 omnium
1318 1312 1592 1389 evocandorum
1608 1331 1647 1391 et
1665 1343 1935 1422 quorumcum.

392 1533 393 1536 ,
513 1478 585 1558 que
608 1449 787 1528 noticiam
813 1446 1003 1552 publicam
1030 1444 1227 1532 deseratur,
1256 1442 1601 1546 circumspectionis
1626 1462 1745 1523 vestre
1767 1450 1935 1552 prudeu-

512 1583 609 1657 ciam
620 1579 840 1656 auctoritate
851 1575 1053 1681 apostolica
1062 1573 1306 1680 requirimus,
1322 1573 1409 1648 etin
1422 1572 1560 1650 virtute
1571 1593 1695 1653 sancte
1713 1575 1934 1657 obediencie

514 1711 681 1788 districte
702 1707 931 1815 injungimus
956 1721 995 1781 et
1012 1704 1248 1794 mandamus,
1271 1720 1457 1808 quatenus
1480 1732 1593 1810 quarn
1612 1705 1716 1811 prius
1736 1710 1934 1787 commode
2003 1776 2009 1787 .

512 1840 728 1944 potueritis,
750 1836 892 1912 laniatis
913 1837 1012 1911 dicte
1035 1834 1225 1912 citationis
1243 1850 1370 1910 nostre
1392 1833 1576 1923 edictum,
1595 1863 1682 1911 cum
1700 1835 1749 1912 ad
1767 1865 1833 1914 vos
1850 1866 1935 1943 per·

511 1970 671 2058 venerit,
692 1967 844 2073 publice
860 1993 903 2040 ac
916 1964 1122 2041 solenniter
1134 1965 1218 2040 lieri
1236 1963 1328 2069 legi,
1351 1963 1498 2040 recitari
1519 1993 1561 2040 ac
1574 1965 1759 2070 publicari
1778 1967 1876 2045 clero
1896 1986 1934 2046 et

514 2098 656 2204 populo
677 2098 716 2172 in
732 2094 1030 2183 cathedralibus,¹
1041 2110 1080 2170 et
1092 2093 1238 2200 mugnis
1257 2093 1462 2199 collegiatis
1484 2094 1664 2181 ecclesiis,
1681 2123 1723 2172 ac
1744 2096 1857 2175 scolis
1869 2097 1935 2176 ubi

514 2243 572 2304 est
591 2227 760 2303 studium
786 2224 981 2332 generale,
1006 2240 1044 2299 et
1066 2217 1180 2299 curiis
1199 2220 1416 2300 officialium
1435 2241 1659 2312 vestrorum,
1681 2222 1876 2303 civitatum
1898 2246 1936 2306 ct

515 2355 724 2434 diocesium
735 2373 958 2446 vestrarum,
976 2369 1014 2430 et
1028 2353 1068 2430 in
1081 2352 1349 2460 principalibus
1364 2353 1540 2432 domibus
1555 2354 1726 2461 ejusdem
1738 2355 1884 2435 ordinis
1896 2359 1934 2434 in

514 2486 623 2563 dictis
637 2487 768 2564 vestris
783 2485 992 2562 civitatibus
1006 2501 1044 2561 et
1058 2484 1272 2562 diocesibus
1283 2484 1509 2574 constitutis,
1525 2502 1563 2560 et
1578 2485 1617 2561 in
1632 2483 1724 2562 locis
1742 2483 1781 2561 in
1795 2485 1933 2590 quibus

513 2616 644 2693 fratres
658 2616 776 2722 ipsius
796 2615 940 2692 ordinis
953 2614 1049 2719 eapti
1066 2630 1253 2704 tenentur,
1270 2614 1316 2691 de
1331 2615 1522 2720 premissis
1537 2614 1715 2692 omnibus
1730 2631 1768 2691 et
1778 2613 1935 2722 siugulis

513 2746 690 2822 facientes
698 2745 747 2821 ad
755 2744 937 2823 cautelam
949 2744 1031 2820 fieri
1041 2743 1189 2849 publica
1199 2745 1434 2823 munimenta
1444 2743 1810 2854 [instrumentullque
1820 2772 1933 2824 manu

515 2874 665 2979 publica
680 2875 894 2980 consignata
910 2876 969 2951 vel
984 2874 1114 2981 sigillis
1129 2876 1323 2953 autenticis
1339 2877 1585 2967 communita,
1603 2877 1642 2952 in
1657 2875 1758 2952 dicto
1772 2876 1934 2956 termino

515 3003 572 3080 vel
588 3021 689 3092 ante,
706 3034 775 3111 per
797 3006 961 3113 aliquem
980 3006 1144 3084 vestrum
1159 3008 1350 3115 ydoneum
1373 3026 1517 3085 certum
1538 3025 1577 3084 et
1591 3024 1716 3084 tutum
1735 3009 1931 3093 nuncium,

514 3135 677 3212 Parisius
692 3135 801 3213 nobis
815 3137 873 3214 vel
893 3155 1065 3216 nostrum
1087 3139 1193 3217 alteri
1208 3139 1469 3228 transmitatis,
1494 3139 1545 3214 ita
1563 3109 1720 3215 solerter
1733 3165 1847 3242 super
1860 3139 1935 3216 biis

515 3293 578 3341 vos
592 3266 789 3357 habentes,
811 3268 915 3374 quod
934 3270 980 3345 de
997 3269 1197 3376 diligencia
1212 3269 1486 3361 commendari,
1509 3285 1546 3345 et
1564 3268 1611 3344 de
1627 3267 1859 3374 negligencia
1878 3298 1936 3346 re·

512 3397 643 3502 dargui
671 3399 830 3475 minir'ne
857 3397 1020 3476 valeatis.
1049 3401 1146 3478 Sane
1171 3403 1322 3478 easdem
1339 3402 1481 3476 litteras
1504 3400 1671 3504 ipsarum
1687 3397 1797 3476 reddi
1818 3401 1936 3505 preci-

512 3527 639 3629 pimus
658 3529 849 3631 portitori,
873 3530 911 3604 in
932 3556 1064 3606 omnes
1085 3549 1123 3607 et
1141 3531 1309 3636 singulos
1329 3531 1395 3636 qui
1417 3530 1679 3606 execucionem
1699 3531 1935 3633 presencium

512 3655 725 3731 litterarum
751 3657 890 3735 directe
911 3658 970 3735 vel
988 3659 1186 3746 indirecte,
1203 3661 1354 3764 publice
1369 3659 1427 3735 vel
1443 3659 1584 3746 oculte,
1600 3686 1669 3763 per
1688 3687 1728 3769 se
1739 3658 1799 3736 -vel
1819 3660 1935 3736 aliurn

515 3814 582 3861 seu
602 3786 712 3874 alios,
732 3786 884 3863 turbare
904 3789 962 3864 vel
977 3789 1161 3893 impedire
1177 3788 1480 3894 quomodolibet,
1498 3788 1556 3865 vel
1575 3787 1717 3865 litteras
1734 3806 1878 3866 nostras
1897 3808 1935 3866 et

514 3915 605 3992 dicti
639 3917 784 3993 domini
806 3918 1023 3994 Parisiensis
1050 3918 1234 4023 episcopi,
1262 3945 1354 4024 quas
1384 3919 1484 3994 idem
1512 3919 1608 3996 lator
1635 3944 1762 3995 secum
1792 3919 1933 4011 defert,

517 4064 642 4121 contra
663 4049 743 4154 ejus
770 4049 1002 4126 voluntatem
1023 4046 1168 4124 auterre
1194 4047 1253 4124 vel
1278 4048 1446 4125 detinere
1470 4050 1778 4155 presumpserint,
1801 4049 1840 4123 in
1860 4049 1936 4126 lriis

516 4173 663 4277 scriptis
688 4178 1087 4257 excommunicacionis
1111 4179 1340 4258 sentenciam
1363 4179 1606 4286 proferentes.
1630 4180 1672 4255 ln
1698 4205 1861 4284 quarum
1880 4196 1937 4255 te-

516 4302 738 4380 stimonium
766 4307 886 4413 sigilla
917 4325 1041 4385 nostra
1068 4312 1306 4413 presentibus
1334 4310 1469 4386 litteris
1496 4311 1672 4387 duximus
1701 4308 1934 4415 apponenda.

516 4431 652 4510 Actum
678 4451 715 4511 et
739 4435 869 4515 datum
889 4438 1051 4515 Parisius
1070 4437 1132 4514 die
1147 4441 1303 4518 Veneris
1328 4458 1412 4516 ante
1437 4439 1575 4517 festum
1598 4440 1699 4518 beati
1722 4439 1933 4528 Laurentii,

519 4588 616 4637 anno
636 4563 791 4638 Domini
812 4583 852 4644 u⁰
872 4585 951 4647 ccc⁰
970 4597 1088 4656 nono,
1106 4569 1309 4648 indictione
1329 4571 1501 4677 septima,
1524 4571 1761 4677 pontificatus
1776 4568 1933 4675 predicti

519 4687 664 4765 domini
687 4694 804 4768 nostri
831 4700 969 4773 summi
987 4699 1178 4777 Pontificis
1196 4729 1294 4778 anno
1313 4719 1459 4809 quarto.
1480 4704 1571 4781 Acta
1584 4703 1739 4779 fuerunt
1752 4700 1825 4777 hec
1838 4725 1934 4777 anno

518 4820 700 4924 predicto,
718 4823 778 4902 die
795 4842 872 4905 vui*
884 4827 1043 4910 intrante
1056 4861 1184 4912 mense
1193 4835 1367 4940 Augusti,
1380 4835 1541 4914 Parisius
1557 4836 1595 4911 in
1612 4833 1790 4913 domibus
1808 4858 1937 4910 mona·
