4080 6052
494 541 691 634 rnocss
717 558 811 631 nes
837 559 1136 633 cunenses.
1448 565 1520 633 cor

110 695 280 775 dicebat:
296 697 437 790 Etv0s‚
455 699 662 805 capellam,
679 699 878 778 absolvatis
891 728 972 792 eos3
989 717 1028 778 et
1038 718 1129 777 tunc
1144 699 1356 806 capellanus
1367 699 1525 779 faciebat

108 830 320 935 generalem
332 830 604 908 consessionem
616 849 653 908 et
661 828 942 908 absolucionem
952 831 1162 909 secuudum
1175 829 1521 925 sormamttceteste,

105 961 336 1065 aspergendo
353 990 488 1067 aquam
512 961 749 1041 benedictam
773 989 888 1066 super
907 988 982 1039 eos.
1004 960 1217 1067 Requisitus
1237 961 1284 1050 si,
1302 989 1370 1066 per
1384 961 1521 1039 dictam

105 1089 384 1197 indulgenciam
412 1120 526 1198 quam
550 1091 640 1169 dicti
668 1090 751 1168 laici
775 1089 977 1182 faciebant,
1006 1090 1208 1169 credebant
1230 1089 1360 1167 fratres
1379 1091 1522 1172 ordinis

14 1245 21 1253 ·
107 1247 187 1296 esse
213 1220 375 1298 absoluti
396 1250 416 1296 a
439 1224 599 1326 peccatis
621 1220 829 1300 venialibus
852 1221 911 1299 vel
934 1221 1174 1312 mortalibus,
1199 1218 1393 1325 respondit
1417 1224 1521 1328 quod

107 1349 185 1454 ipse
202 1378 279 1426 non
291 1351 486 1442 credebat,
500 1381 571 1428 nec
587 1353 705 1429 credit
719 1351 824 1458 quod
841 1350 905 1427 alii
919 1350 1048 1428 batres
1059 1351 1205 1427 ordinis
1221 1352 1293 1427 boc
1304 1351 1519 1442 crederent;

105 1479 225 1555 credit
249 1497 376 1557 umen
404 1482 507 1587 quod
534 1511 602 1586 per
621 1483 756 1558 dictam
779 1481 994 1586 generalem
1022 1478 1294 1559 consessionem
1313 1497 1352 1554 et
1369 1480 1520 1563 absolu·

104 1609 251 1685 cionem
280 1612 479 1715 capellani,
504 1628 629 1688 essent
654 1610 816 1687 absoluti
836 1639 857 1687 a
875 1611 1035 1715 peccatis
1059 1611 1278 1689 venialibus.
1305 1611 1520 1714 Requisitus

103 1738 196 1843 quid
226 1738 458 1845 intelligebat
486 1768 554 1845 per
575 1741 676 1819 dicta
705 1739 817 1818 verba
833 1771 844 1815 ε
858 1739 1134 1819 =uerecundiam
1158 1740 1297 1829 carnis,
1324 1742 1520 1844 respondit

103 1868 206 1973 quod
227 1869 266 1942 in
285 1869 384 1945 dicto
407 1869 540 1945 ordine
561 1868 851 1974 imponebantur
877 1867 930 1943 eis
953 1868 1072 1942 multe
1092 1896 1189 1972 pene
1210 1897 1253 1942 ex
1276 1866 1413 1973 quibus
1433 1898 1520 1945 eon·

105 1996 359 2073 fundebantur
379 1998 794 2087 et-verecnndabantur,
816 2014 853 2075 et
872 1997 959 2074 ideo
985 1997 1104 2077 credit
1122 1997 1226 2102 quod
1251 1996 1440 2075 diceretur
1466 1999 1518 2074 eis

102 2127 204 2231 quod
224 2127 269 2215 si,
288 2127 337 2204 ob
355 2126 493 2203 dictam
507 2128 771 2204 verecundiam
788 2128 845 2205 vel
869 2145 1022 2233 propter
1040 2156 1221 2233 penarum
1239 2127 1431 2217 timorem,
1446 2130 1518 2207 ,ob-

103 2255 286 2332 mitebant
306 2256 431 2333 dicere
451 2275 489 2334 et
507 2257 697 2364 publicare
723 2259 851 2362 culpas
874 2259 1101 2364 suascquod
1113 2256 1277 2335 ,faciebat
1302 2258 1357 2335 cis
1377 2258 1516 2345 dictam

101 2386 390 2492 indulgenciam.
411 2389 526 2478 Item,
552 2388 645 2464 djsia
664 2388 908 2495 quodstatim
929 2416 997 2493 pro
1017 2387 1191 2493 professis
1208 2385 1454 2478 habebantur,
1473 2406 1517 2465 ut

100 2533 252 2620 possent
268 2517 499 2604 immediate,
518 2518 548 2593 si
565 2547 660 2624 opus
676 2534 787 2607 esset,
803 2517 901 2593 mitti
920 2518 1016 2593 ultra
1035 2547 1152 2606 mare,
1170 2534 1207 2593 ct
1222 2515 1399 2623 jurabant
1415 2519 1516 2593 ordi-

101 2672 187 2720 nem
208 2676 286 2724 non
303 2647 414 2723 exire.
437 2648 678 2725 Clandestine
700 2648 988 2754 recipiebantur,
1005 2677 1140 2754 exque
1161 2648 1279 2723 credit
1299 2648 1401 2753 quod
1421 2666 1516 2724 esset

100 2777 261 2880 suspicio
279 2794 407 2854 contra
426 2806 502 2856 eos.
520 2781 603 2855 Non
618 2779 737 2855 credit
753 2779 858 2885 quod
874 2778 1069 2855 carnaliter
1086 2778 1429 2870 commiscerentur,
1446 2808 1515 2855 nec

100 2905 203 3011 quod
237 2905 425 2984 diceretur
454 2901 507 2983 eis
534 2908 639 3014 qued
653 2910 740 2985 'hoc
765 2925 917 3013 possent
946 2907 1082 2996 facere,
1115 2936 1183 2985 nec
1209 2908 1312 3013 quod
1331 2907 1515 2985 haberent

99 3035 227 3140 ydola,
252 3064 322 3112 nec
339 3037 444 3142 qued
461 3037 616 3113 cordula
636 3066 723 3114 cum
742 3037 882 3144 quibus
903 3038 941 3113 in
961 3039 1109 3144 signum
1120 3038 1299 3118 castitatis
1316 3038 1515 3144 cingeban-

99 3183 163 3239 tur
188 3195 302 3272 super
328 3167 497 3243 camisias
521 3197 608 3244 cum
630 3167 770 3275 quibus
793 3168 986 3276 jacebant,
1008 3197 1099 3274 quas
1119 3167 1290 3247 cordulas
1315 3168 1514 3246 sumebant
1541 3236 1547 3248 .

100 3295 201 3375 unde
231 3296 421 3388 volebant,
451 3315 647 3406 tangerent
672 3300 792 3405 capita
815 3300 1029 3408 ydolorum.
1063 3300 1145 3375 Non
1179 3297 1320 3375 audivit
1348 3298 1512 3402 aliquem

98 3426 224 3528 puniri
244 3428 349 3532 quod
369 3426 554 3506 noluisset
576 3428 695 3508 lacere
720 3430 848 3507 illicita
870 3430 909 3507 in
928 3428 1147 3533 recepcione
1172 3454 1253 3515 sua,
1277 3453 1348 3502 nec
1373 3426 1512 3504 audivit

99 3555 202 3658 quod
221 3555 356 3662 aliquis
380 3585 423 3634 ea
438 3558 678 3647 revelaverit;
707 3560 776 3636 scd
795 3561 824 3636 si
848 3559 933 3663 quis
956 3556 1153 3653 revelasset
1177 3555 1234 3631 vel
1254 3571 1392 3631 secreta
1412 3557 1512 3661 capi-

97 3682 297 3773 tuliorum,
319 3687 438 3762 credit
454 3688 559 3791 quod
573 3688 799 3793 perdidisset
812 3686 987 3765 habitum
1003 3712 1225 3789 perannum
1246 3702 1284 3761 et
1298 3683 1411 3761 diem.
1428 3687 1510 3770 Non

99 3810 342 3888 inhibebatur
362 3813 471 3890 eisin
488 3815 638 3920 speciali
661 3817 765 3922 quod
780 3843 861 3893 non
885 3812 1091 3891 revelarent
1108 3816 1264 3891 modeim
1284 3814 1512 3918 recepcionis
1638 3910 1642 3925 Ι

98 3968 251 4032 eorum,
279 3969 349 4020 nec
372 3945 477 4049 quod
498 3973 579 4021 non
600 3946 871 4025 confiterentur
896 3945 969 4023 nisi
992 3945 1247 4023 sacerdotibus
1272 3944 1426 4021 ordin-is.
1451 3942 1510 4021 ttti

98 4071 164 4175 qui
183 4070 351 4149 sciebant
368 4100 513 4151 errores
528 4092 567 4151 et
578 4093 751 4181 poterant
765 4074 967 4185 corrigere,
985 4074 1138 4153 luerunt
1153 4072 1401 4181 negligentes,
1423 4073 1510 4177 quia

98 4228 175 4276 non
200 4221 442 4282 correxerunt
469 4232 532 4283 eos
554 4233 629 4283 nec
651 4205 972 4284 denunciaverunt
989 4205 1164 4282 Ecclesia.
1193 4203 1447 4283 Eleemosinas
1472 4222 1510 4280 et

98 4328 389 4436 hospitalitatem
403 4335 670 4413 convenienter
682 4336 775 4413 vidit
790 4336 873 4413 fieri
889 4353 926 4412 et
941 4336 1075 4413 servari
1094 4335 1133 4410 in
1145 4335 1289 4414 ordine.
1309 4335 1390 4411 Non
1404 4334 1509 4411 audi·

97 4459 149 4533 vit
177 4452 316 4567 precipi
346 4464 448 4568 quod
478 4466 713 4572 acquirerent
737 4494 807 4572 per
835 4456 955 4555 nesam
989 4466 1080 4551 imo,
1115 4463 1207 4543 dixit
1233 4463 1337 4569 quod
1364 4462 1509 4539 eratde

98 4591 245 4668 statutis
264 4593 407 4670 ordinis
425 4595 605 4703 quodjus
625 4597 790 4673 alienum
810 4624 887 4674 non
906 4611 1144 4702 usurparent,
1166 4595 1343 4671 licethoc
1363 4620 1511 4697 semper

99 4745 175 4794 non
196 4718 461 4799 observassent.
488 4725 598 4802 Missa
625 4725 825 4814 celebrata,
852 4726 946 4803 olam
974 4724 1148 4830 capitulis
1166 4722 1392 4803 tenebantur
1413 4722 1509 4811 :sed

98 4875 175 4923 non
193 4848 333 4925 audivit
346 4853 450 4957 quod
463 4854 619 4932 excubie
633 4873 876 4961 ponerentur,
893 4881 963 4932 nec
983 4854 1086 4961 quod
1105 4852 1245 4931 familia
1262 4851 1510 4958 expelleretur
