4080 6052
479 484 673 582 rnocts
699 502 793 579 nns
814 503 1122 578 -nnurnruns
1434 509 1504 583 aar

93 651 296 731 elemosine
311 647 466 727 luerunt
484 648 653 726 restricte
671 647 712 724 in
727 645 879 735 ordinm
893 664 1093 755 postquam
1110 644 1183 724 fuit
1201 665 1348 754 captus,
1368 651 1510 728 audivit

92 784 166 860 dici
187 780 289 887 quod
308 807 467 886 magnus
486 777 662 885 Magister
681 776 801 855 etalii
822 773 980 855 confessi
999 775 1157 856 luerunt
1174 777 1320 886 aliquos
1340 806 1505 868 errores,

90 912 209 990 nescit
225 938 340 1016 quos,
360 926 490 988 oontm
508 908 693 987 ordinem.

145 1039 361 1146 Requisitus
391 1037 422 1116 si
448 1037 504 1117 sic
538 1038 764 1144 deposuerat
790 1063 920 1144 prece,
945 1055 1143 1144 precepto,
1168 1038 1329 1131 timore,
1357 1067 1507 1132 amore,

91 1171 202 1261 odio,
228 1168 287 1245 vel
318 1167 481 1245 comodo
508 1167 706 1274 temporali
730 1167 861 1245 habito
887 1166 946 1244 vel
969 1167 1165 1260 habendo,
1190 1168 1386 1274 respondit
1405 1173 1509 1276 quod

91 1329 180 1387 non,
194 1297 263 1375 sed
281 1326 350 1403 pro
364 1297 517 1375 veritate
534 1298 703 1375 dicenda.
716 1297 788 1376 Cui
799 1294 872 1374 fuit
886 1296 1098 1403 injunctum
1115 1326 1184 1402 per
1198 1297 1318 1376 dictos
1336 1298 1511 1378 dominos

92 1429 380 1517 commissarios,
401 1428 441 1503 in
459 1428 596 1505 virtute
611 1427 817 1535 juramenti
837 1427 983 1534 prestiti
1003 1455 1072 1531 per
1091 1427 1286 1519 eumdem,
1308 1428 1414 1534 quod
1432 1458 1509 1507 non

91 1560 271 1637 revelaret
289 1561 385 1637 hanc
411 1587 519 1636 suam
544 1557 825 1665 deposicionem
837 1580 855 1645 ,¹
868 1585 1068 1664 quousque
1089 1559 1348 1640 attestaciones
1367 1557 1510 1637 luerint

91 1689 291 1796 publicata.

146 1952 300 2030 Eisdem
321 1949 382 2028 die
407 1968 445 2029 et
468 1950 552 2029 loco
581 1932 654 2028 luit
676 1948 862 2029 adductus
882 1947 929 2026 ad
947 1948 1180 2056 presenciam
1200 1947 1424 2026 eorumdem
1444 1952 1513 2030 do-

92 2084 283 2161 minorum
304 2082 647 2162 commissariorum
665 2080 779 2159 frater
799 2079 987 2159 bobertus
1006 2080 1053 2157 de
1072 2079 1274 2160 Cormeliis
1293 2083 1510 2162 Parisiensis

93 2215 262 2303 diocesis,
273 2212 380 2291 testis
394 2242 506 2319 supra
513 2213 671 2319 juratus,
687 2228 732 2288 ut
746 2210 953 2319 deponeret
966 2212 1110 2287 dictum
1122 2239 1251 2302 suum,
1264 2213 1509 2323 quadraginta

91 2346 261 2452 quinque
281 2371 467 2421 annorum
485 2341 545 2418 vel
565 2341 675 2433 circa,
703 2367 781 2417 non
798 2339 972 2418 deferens
995 2339 1218 2417 mantellum
1238 2341 1400 2429 ordinis,
1421 2346 1510 2451 quia

92 2478 217 2583 ipsum
228 2475 421 2552 dimiserat
429 2473 469 2551 in
480 2472 637 2551 concilio
650 2470 876 2562 Senonensi,
889 2489 927 2548 et
935 2472 1180 2577 postmodum
1190 2469 1327 2549 fecerat
1340 2473 1412 2550 sibi
1427 2476 1510 2557 radi

91 2606 268 2693 barbam,
291 2622 328 2681 et
354 2604 476 2681 ficerat
499 2631 585 2680 cum
613 2631 659 2680 eo
684 2600 907 2710 inquisitum
931 2601 1112 2692 Senonis,
1136 2600 1225 2678 sede
1247 2614 1416 2693 vacante,
1443 2634 1512 2711 per

92 2736 291 2813 dominum
316 2734 544 2840 episcopum.
558 2731 887 2821 Aurelianensem,
915 2748 953 2808 et
974 2730 1170 2808 absolutus
1191 2749 1229 2809 et
1249 2734 1511 2814 reconciliatus

91 2894 159 2972 per
186 2893 286 2942 eum.
309 2863 431 2941 Lectis
451 2881 578 2940 autem
599 2878 636 2940 et
660 2860 951 2969 diligentersibi
977 2861 1153 2966 expositis
1175 2863 1352 2941 omnibus
1373 2882 1414 2940 et
1437 2867 1512 2941 sin-

92 2994 189 3102 gulis
210 2992 391 3079 articulis,
412 2991 608 3098 respondit
629 2990 677 3068 ad
697 3019 777 3081 eos,
800 3007 839 3067 et
855 2989 978 3097 primo
998 2989 1046 3066 ad
1066 2991 1210 3096 primos
1227 3018 1287 3079 xv,
1309 2994 1415 3098 quod
1433 3023 1511 3082 non

92 3122 315 3200 interfuerat
331 3121 542 3228 receptioni
563 3121 720 3228 alicujus
740 3120 892 3199 alterius
909 3117 1049 3210 fratris,
1071 3149 1141 3198 nec
1164 3122 1334 3227 capitulis
1349 3152 1509 3216 corum,

92 3279 163 3327 nec
177 3251 316 3329 sciehat
333 3251 364 3328 si
384 3251 627 3328 servabantur
641 3251 681 3327 in
699 3249 831 3327 ordine
846 3266 1021 3327 contenta
1034 3250 1074 3326 in
1087 3250 1195 3329 dictis
1211 3279 1259 3332 xv
1267 3253 1457 3340 articulis,
1476 3275 1513 3332 et

92 3383 225 3485 pocius
234 3380 354 3461 credit
366 3381 470 3487 quod
482 3381 521 3456 in
536 3378 819 3486 recepcionibus
833 3407 911 3457 non
925 3379 1152 3488 abnegarent
1167 3409 1235 3458 nec
1250 3381 1414 3460 lacerent
1425 3384 1512 3462 talia

93 3530 265 3590 contenta
276 3513 314 3588 in
326 3511 493 3589 articulis
504 3541 617 3619 quam
632 3513 874 3590 contrarium.
890 3512 973 3616 Ipse
982 3528 1109 3588 tamen
1125 3512 1190 3617 qui
1206 3528 1380 3616 receptus
1390 3511 1514 3591 suerat

92 3672 160 3748 per
188 3644 340 3721 fratrem
357 3644 568 3720 Johannem
588 3645 636 3722 de
665 3645 819 3733 Turno,
847 3641 1124 3719 thesaurarium
1144 3643 1336 3747 quondam
1362 3646 1512 3752 Templi

93 3774 327 3863 Parisiensis,
349 3789 462 3849 erunt
479 3799 525 3851 xv
545 3772 633 3848 anni
652 3770 710 3847 vel
733 3770 831 3847 circa
848 3771 948 3847 inter
966 3772 1105 3847 Pascha
1126 3788 1164 3847 et
1182 3772 1446 3867 Pentecosten,
1473 3777 1513 3852 in

94 3902 235 4008 capella
255 3904 393 3979 domus
411 3901 579 4006 Templi„
589 3903 636 3978 de
662 3899 835 4007 Soysiaco
855 3899 1060 3978 Meldensis
1082 3900 1257 3993 diocesis,
1277 3907 1516 4009 presentibus

95 4035 246 4111 Matheo
262 4033 310 4110 de
325 4031 541 4139 Angicuria‚
558 4030 728 4109 Johanne
750 4032 797 4108 de
813 4029 1024 4119 Crezeiaeo,
1044 4031 1225 4110 Bernerio
1250 4033 1297 4112 dc
1321 4036 1420 4144 Croy
1440 4066 1517 4115 ser-

95 4164 297 4251 vientibus,
321 4163 536 4254 deffunctis,
559 4190 650 4273 eum
666 4158 921 4268 requisivisset
938 4187 1076 4266 panem
1097 4177 1136 4238 et
1155 4190 1291 4267 aquam
1311 4182 1350 4241 et
1374 4196 1516 4274 paupe-

95 4324 177 4371 rem
199 4295 375 4372 vestitum
400 4293 559 4384 ordinis,
588 4308 625 4370 et
648 4291 865 4379 societatem
890 4290 1081 4369 bonorum
1107 4292 1251 4370 ordinis
1275 4292 1317 4370 in
1342 4294 1440 4374 dicta
1459 4328 1517 4375 ca·
1645 4367 1647 4370 ,

97 4422 216 4530 pella,
238 4442 276 4501 ct
296 4425 418 4501 dictus
438 4439 611 4529 receptor
630 4420 887 4527 respondisset
909 4420 1015 4528 quod
1040 4420 1138 4498 bene
1162 4420 1405 4516 deliberaret,
1426 4430 1515 4537 quia

28 4635 39 4655 .
96 4553 278 4661 grandem
306 4583 388 4631 rem
411 4552 578 4660 petebat,
605 4580 693 4629 nam
709 4551 752 4637 „ai
783 4568 880 4628 esset
906 4550 1036 4641 frater,
1052 4569 1255 4657 ‚oporteret
1281 4584 1370 4632 eum
1397 4558 1517 4637 multa

97 4682 193 4769 dura
209 4683 394 4775 sustinere
415 4709 490 4792 que
509 4682 580 4789 ipsi
600 4681 858 4769 sustinebant,
879 4710 949 4759 nec
972 4679 1131 4761 haberet
1149 4682 1303 4762 forsitan
1321 4689 1514 4779 vestitum,

98 4842 215 4921 equos
227 4817 271 4890 'et
289 4813 361 4893 alia
379 4842 454 4923 que
475 4813 627 4891 videbat
646 4841 710 4892 eos
728 4812 891 4892 exterius
909 4811 1071 4902 habere,
1094 4830 1133 4892 et
1149 4813 1230 4922 ipse
1247 4818 1353 4896 testis
1369 4848 1518 4927 respon·

182 4949 288 5014 esocis
310 4973 362 5015 nes
381 4971 553 5014 martinus.
566 4972 635 5012 -1.
772 4972 776 4981 ·
1349 4955 1390 5019 56
