4080 6052
695 557 1008 654 rnocnsnns
1033 573 1334 653 rnurnrnns.
1646 582 1717 657 sat

304 724 613 809 Aurelianensem·
627 721 788 800 Senonis
801 717 1101 799 etabsolutuset
1115 716 1378 796 reconciliatus
1396 744 1465 824 per
1484 743 1590 810 eom,
1610 737 1649 799 et
1665 741 1722 801 est

305 861 411 936 etatis
435 852 690 964 quadragenta
717 877 920 939 annorum,
935 848 1006 925 ,vel
1030 848 1144 943 circa,
1178 866 1216 926 ot
1230 848 1469 937 illiteratus,
1490 848 1588 927 sicut
1616 849 1720 929 dixit.

303 990 425 1067 Lectis
448 1003 573 1065 autem
589 977 639 1061 'et
662 980 863 1090 diligenter
892 981 1069 1091 expositis
1095 980 1166 1059 sibi
1192 980 1372 1061 omnibus
1395 998 1433 1059 et
1457 981 1615 1091 ungulis
1637 983 1724 1063 arti-

304 1121 412 1209 culis,
441 1108 802 1227 respondit-adeos
822 1132 867 1191 ut
894 1113 1079 1220 sequitur.

359 1253 409 1330 Et
430 1248 627 1359 primoad
643 1246 793 1354 -p'rimos
824 1272 879 1323 1n1
906 1245 1103 1352 respondit
1131 1270 1171 1321 se
1197 1242 1312 1321 fiiisse
1336 1261 1531 1349 receptum
1561 1244 1724 1325 indicto

306 1381 440 1461 ordine
472 1408 540 1488 per
570 1377 727 1456 'stenem
755 1370 965 1453 Johannem
994 1375 1046 1452 de
1075 1375 1222 1467 turno,
1255 1375 1416 1452 condam
1448 1375 1725 1453 thesaurarium

304 1512 454 1618 Templi
483 1509 584 1616 apud
599 1506 824 1597 ‘Dormeles,
852 1507 891 1581 in
922 1504 1061 1612 capella
1089 1504 1186 1580 dicte
1214 1503 1352 1580 domus
1381 1502 1539 1609 Templi.
1556 1506 1605 1581 de
1628 1508 1725 1584 Dor-

305 1642 431 1729 melis,
451 1642 581 1718 decem
601 1639 687 1715 anni
708 1637 863 1714 luerunt
878 1637 998 1742 prima
1019 1633 1080 1711 die
1100 1633 1241 1711 mensis
1259 1634 1347 1711 Maii
1364 1634 1535 1739 proximo
1555 1636 1725 1740 preteriti

304 1771 362 1848 vel
387 1773 496 1859 circa,
524 1768 763 1877 presentibus
790 1765 967 1843 fratribus
989 1765 1161 1842 iohanne
1188 1764 1235 1839 de
1259 1763 1422 1839 Bondiex
1451 1765 1661 1869 presbitero
1689 1785 1727 1843 et

306 1903 415 1979 Petro
430 1901 579 1988 Gaude,
598 1917 688 1976 tunc
707 1913 926 2003 preceptore
941 1895 988 1972 de
1004 1893 1110 1973 Bello
1122 1893 1216 1974 Visu
1233 1893 1273 1969 in
1288 1893 1508 1986 Gestinesio,
1521 1894 1723 1986 defunctis,

307 2033 346 2106 in
371 2031 473 2106 hunc
489 2029 668 2106 modurn:
687 2030 780 2104 Nam
800 2027 1083 2131 cum-peciisset
1103 2051 1240 2131 panem
1261 2040 1299 2100 et
1317 2052 1469 2130 aquam,
1490 2025 1665 2102 vestitum
1691 2045 1729 2103 et

308 2160 523 2237 societatem
539 2159 730 2236 bonorum
749 2158 949 2233 bominum
971 2155 1060 2232 dicti
1081 2156 1224 2232 ordinis
1244 2172 1283 2232 et
1297 2155 1567 2234 concessissent
1587 2157 1724 2243 eidem,

309 2290 480 2368 lecerunt
499 2318 588 2365 eum
606 2315 738 2364 vovere
757 2287 975 2374 castitatem,
995 2287 1115 2362 vivere
1141 2287 1221 2361 sine
1240 2287 1394 2390 proprio
1417 2304 1455 2362 et
1471 2288 1626 2364 obedire
1644 2290 1730 2395 qui-

268 2437 270 2440 ’
310 2422 546 2527 buscumque
576 2418 760 2525 preceptis
781 2414 959 2492 faciendis
994 2415 1130 2504 eidem,
1163 2432 1201 2491 et
1223 2415 1361 2520 juravit
1393 2444 1507 2521 super
1539 2418 1727 2523 quendam

311 2550 452 2628 librum
469 2549 573 2657 quod
592 2549 665 2625 iret
681 2548 779 2624 ultra
798 2574 901 2622 mare
923 2545 1076 2652 quando
1095 2544 1352 2653 preciperetur
1371 2547 1496 2623 eidem
1511 2576 1581 2653 pro
1601 2549 1730 2627 defen-

311 2682 416 2758 sione
430 2699 529 2758 terre
545 2696 685 2766 sancte,
704 2694 741 2754 et
756 2677 860 2783 quod
875 2692 1023 2751 teneret
1038 2692 1178 2752 secreta
1194 2676 1354 2766 ordinis,
1373 2694 1411 2752 et
1427 2678 1585 2754 modum
1602 2707 1731 2788 recep-

312 2813 428 2888 cionis
446 2839 514 2887 sue
532 2809 672 2886 nemini
690 2807 897 2885 revelleret.
914 2807 962 2883 Et
979 2806 1224 2911 postmodum
1245 2807 1368 2884 dictus
1388 2825 1559 2913 receptor
1577 2811 1733 2889 tradidit

312 2941 383 3017 sibi
403 2939 624 3017 mantellum
643 2927 807 3027 ordinis,
827 2965 904 3042 quo
923 2937 1061 3012 tradito
1078 2938 1247 3042 precepit
1266 2938 1300 3015 ei
1326 2939 1431 3044 quod
1450 2957 1604 3044 spueret
1615 2964 1732 3047 vsuper

313 3072 524 3177 ymaginem
538 3068 715 3146 Crucifixi
733 3068 925 3173 depictam·
932 3066 971 3143 in
988 3067 1068 3171 ipso
1084 3065 1198 3154 libro,
1216 3067 1346 3174 etipse
1365 3070 1469 3145 testis
1486 3095 1530 3145 ex
1547 3069 1619 3166 hiis
1633 3070 1732 3148 mul-

313 3218 396 3277 tum
426 3197 652 3302 stupefactus
676 3197 846 3289 existens,
872 3213 915 3272 ut
934 3197 1037 3287 dixit,
1058 3197 1159 3303 spuit
1176 3224 1253 3274 non
1273 3226 1385 3304 supra
1404 3200 1472 3276 sed
1486 3201 1591 3307 juxta
1613 3201 1735 3307 ipsam

315 3328 546 3437 ymaginem,
568 3326 713 3434 fingens
732 3355 772 3404 se
794 3353 930 3433 spuere
950 3353 1181 3432 supeream,
1205 3344 1244 3404 et
1267 3326 1360 3404 dixit
1385 3329 1418 3404 ei
1444 3330 1548 3434 quod
1567 3331 1732 3435 predicta

316 3458 504 3537 debebant
530 3455 613 3535 fieri
643 3457 851 3534 secundum
879 3474 1017 3563 puncta
1046 3456 1200 3535 ordinis.
1233 3459 1345 3549 Item,
1373 3458 1539 3564 precepit
1565 3459 1600 3535 ei
1629 3462 1733 3567 quod

316 3589 515 3695 abnegaret
538 3589 679 3677 Deum,
712 3605 750 3664 et
782 3587 977 3693 abnegavit
1004 3616 1093 3665 eum
1118 3615 1183 3664 ore
1200 3605 1251 3663 et
1282 3613 1360 3664 non
1388 3588 1517 3679 corde,
1548 3606 1591 3665 ut
1624 3589 1731 3683 dixit,

316 3720 405 3825 quia
419 3717 542 3794 noluit
555 3716 677 3794 dictus
695 3733 877 3822 receptor,
896 3715 1193 3821 sicutdixitipse
1211 3715 1333 3808 testis,
1348 3732 1566 3821 supportare
1583 3746 1671 3796 eum
1685 3746 1733 3796 ne

317 3847 455 3923 laceret
470 3844 647 3952 predicta,
665 3875 752 3921 cum
767 3844 993 3950 supplicaret
1002 3846 1080 3951 ipse
1098 3846 1203 3922 testis
1220 3845 1464 3953 eidemquod
1479 3866 1647 3953 parceret
1663 3848 1735 3927 sibi

318 4002 366 4052 ne
386 3972 524 4051 faceret
543 3972 679 4049 dictam
698 3973 1006 4080 abnegacionem,
1029 3974 1095 4052 sed
1119 3975 1243 4053 dictus
1266 3993 1437 4083 receptor
1457 3976 1549 4053 dixit
1572 3980 1605 4054 ei
1630 3980 1736 4087 quod

321 4105 463 4182 diceret
481 4102 668 4192 audacter,
692 4105 779 4210 quia
799 4104 872 4180 hoc
891 4104 1088 4210 oportebat
1111 4108 1199 4182 eum
1224 4102 1344 4182 ficere
1369 4107 1578 4183 secundum
1598 4127 1736 4217 puncta
1848 4139 1850 4143 ’

321 4235 475 4313 ordinis.
506 4237 616 4322 Item,
646 4235 739 4311 dixit
762 4233 930 4310 eundem
961 4252 1194 4341 receptorem
1224 4237 1434 4342 precepisse
1472 4237 1596 4315 eidem
1631 4240 1737 4348 quod

321 4364 553 4443 oscularetur
572 4391 661 4441 eum
678 4380 779 4441 retro
799 4365 839 4440 in
865 4391 950 4457 ano,
968 4381 1006 4442 et
1029 4392 1116 4463 cum
1135 4366 1214 4472 ipse
1237 4369 1343 4444 testis
1362 4367 1517 4447 instaret
1534 4354 1582 4447 ne
1600 4368 1737 4448 faceret

321 4494 594 4573 osculacionem
627 4494 849 4601 predim,
882 4494 1005 4572 dictus
1037 4513 1209 4603 receptor
1247 4496 1339 4574 dixit
1379 4498 1483 4606 quod
1527 4501 1736 4578 secundum

321 4623 459 4700 dunma
489 4623 631 4700 ordinis
660 4623 824 4701 debebat
847 4623 967 4702 lacere
999 4626 1164 4732 predicta
1196 4627 1283 4704 nisi.
1297 4629 1553 4707 remitteretur
1584 4632 1640 4708 ei.
1663 4633 1737 4710 Ve-

320 4769 562 4858 rumptamen
588 4753 732 4830 remisit
762 4755 796 4829 ei
828 4753 1103 4834 osculacionem
1132 4755 1351 4863 predictam.
1375 4757 1558 4838 Alienon
1582 4759 1738 4840 fuerunt

322 4882 415 4960 lacta
426 4882 466 4957 in
480 4883 698 4989 recepcione
713 4910 780 4961 sua
795 4883 899 4990 quod
913 4885 1064 4980 recolat,
1082 4886 1184 4966 siout·
1199 4887 1306 4982 dixit,
1321 4887 1406 4968 <nisi
1426 4891 1531 4999 quod
1557 4891 1660 4971 idem
1679 4918 1739 4970 re-

409 5016 514 5082 rnocis
535 5039 588 5082 ors
608 5038 779 5083 rennuens.
791 5053 834 5069 -
846 5040 866 5081 1.
1591 5029 1627 5093 lu
