4080 6052
695 529 891 622 procas
916 548 1012 621 nas
1036 549 1338 626 renarrans
1651 553 1724 629 ara

308 693 503 802 respondit
530 717 571 768 se
603 689 720 766 nichil
746 691 846 767 scire·
867 689 952 797 plus
972 717 1090 797 quam
1118 716 1231 797 supra
1259 692 1448 798 deposuit,
1475 693 1547 769 hoc
1576 713 1727 801 excepto

308 824 411 933 quod
430 825 508 930 ipsc
535 822 633 898 bene
659 821 836 898 credebat
863 824 1159 909 sacramentum,
1181 841 1219 900 et
1243 825 1364 900 credit
1384 822 1489 929 quod
1512 821 1579 898 alii
1597 821 1729 903 fratres

306 955 452 1032 ordinis
468 951 680 1042 crederent,
705 969 742 1027 et
765 951 870 1057 quod
893 951 1257 1029 sacerdotes-eorum
1281 981 1358 1030 non
1378 952 1595 1030 omitterent
1615 954 1728 1033 verba

306 1086 469 1164 canonis.
498 1082 662 1178 Quando
686 1081 858 1189 capitulis
888 1083 1121 1159 tenebantur·
1144 1098 1182 1159 et
1209 1084 1338 1162 lratres
1367 1083 1642 1161 confitebantur
1667 1114 1727 1162 ex-

306 1243 432 1294 cessus
454 1229 686 1321 perpetratos
707 1241 878 1318 percos,
900 1230 939 1290 et
960 1213 1139 1320 petebant
1159 1216 1303 1291 veniam
1326 1215 1372 1291 ab
1397 1213 1463 1290 illo
1488 1215 1553 1320 qui
1576 1216 1729 1293 tenebat

306 1345 529 1453 capitulum,
557 1344 708 1421 exibant
730 1362 832 1421 extra
856 1344 922 1452 qni
944 1343 1123 1450 petebant
1140 1346 1303 1433 veniam,
1323 1362 1361 1421 et
1388 1345 1453 1420 ille
1480 1345 1544 1449 qui
1577 1346 1729 1423 tenebat

307 1476 513 1583 capitulum
537 1473 768 1551 deliberabat
791 1500 878 1550 cum
903 1473 1089 1550 fratribus
1107 1475 1230 1579 qualis
1250 1502 1346 1580 pena
1371 1475 1629 1580 imponeretur
1656 1477 1727 1565 eis3

305 1605 559 1711 postmodum·
573 1600 635 1681 illi·
653 1604 717 1712 qui
743 1603 1020 1681 confitebantur
1039 1632 1210 1682 excessus
1227 1633 1316 1683 suos
1337 1605 1397 1682 vel
1415 1603 1730 1682 convincebantur

304 1735 534 1812 reintrabant
543 1727 1121 1842 capimlum,etillequitenebat
1132 1736 1340 1841 capitulum
1350 1736 1730 1841 dicebateisqualiter

304 1890 441 1971 penam
461 1865 651 1942 debebmt
669 1866 871 1951 sustinere,
893 1865 1104 1941 secundum
1133 1882 1268 1941 statuta
1292 1865 1435 1942 ordinis
1458 1883 1496 1941 et
1519 1866 1728 1941 secundum

306 1994 503 2071 arbitrium
522 1990 682 2073 fratrum
706 1995 772 2100 qui
798 1995 953 2071 aderant
973 1994 1012 2070 in
1030 1995 1224 2100 capitulio,
1247 2013 1285 2073 et
1304 1994 1505 2101 aliquando
1526 1995 1728 2071 inmediate

306 2124 545 2228 recipiebant·
568 2122 802 2230 disciplinam
831 2140 869 2200 et
899 2123 1099 2228 portabant
1129 2152 1264 2230 penam
1285 2126 1338 2202 eis
1359 2126 1575 2232 inpositam,
1602 2143 1640 2202 et
1664 2125 1730 2202 ali-

307 2254 461 2363 quando
490 2252 735 2331 differebatur
762 2282 883 2360 usque
909 2255 960 2330 ad·
985 2254 1096 2330 aliam
1117 2255 1236 2344 diem,
1255 2272 1303 2331 et
1326 2255 1520 2331 dicebatur
1547 2256 1600 2331 eis
1625 2256 1730 2361 quod

308 2386 406 2462 irent
425 2384 473 2465 ad
488 2382 737 2495 presbiterum
759 2383 902 2461 ordinis
926 2406 1077 2471 eorum,
1103 2401 1141 2459 et
1164 2382 1373 2460 absolveret
1392 2410 1466 2460 eos.
1491 2384 1593 2460 Dixit
1611 2386 1728 2461 eciam

308 2516 423 2623 quod,
436 2514 647 2592 terminatis
664 2512 851 2620 capitulis,
871 2512 986 2590 frater
1001 2513 1188 2619 presbiter
1206 2515 1271 2620 qui
1293 2514 1419 2590 aderat
1431 2512 1648 2591 absolvebat
1665 2543 1730 2593 eos

308 2663 346 2722 et
363 2645 511 2722 dicebat
529 2644 568 2719 in
583 2642 724 2749 vulgari
744 2674 753 2719 τ
770 2642 962 2720 Confiteor
975 2644 1073 2732 Deo,
1091 2661 1179 2731 etc,
1200 2660 1237 2719 et
1254 2643 1412 2720 faciebat
1430 2643 1727 2734 absolucionem,

307 2777 403 2853 sicut
421 2792 507 2882 post
520 2773 733 2882 generalem
749 2773 1020 2850 confessionem
1039 2774 1083 2850 lit
1097 2775 1135 2849 in
1150 2773 1329 2861 Ecclesia3
1347 2800 1417 2850 nec
1433 2773 1610 2850 credebat
1617 2776 1729 2880 ‘quod

308 2907 432 3014 laycus
443 2923 569 3012 posset
588 2904 780 2981 absolvere
800 2933 820 2979 a
840 2905 1013 3009 peccatis,
1028 2931 1098 2980 neo
1116 2905 1194 3009 ipse
1212 2921 1404 3009 reputaret
1423 2932 1462 2980 se
1483 2905 1607 2980 extuli
1625 2903 1730 2980 abso-

308 3037 458 3114 lucione
478 3034 641 3141 generali
653 3033 851 3140 presbiteri
866 3034 1083 3112 absolutum
1103 3063 1122 3109 a
1142 3035 1300 3140 peccatis
1318 3034 1539 3112 mortalibus
1552 3056 1731 3111 noncon-

309 3165 467 3253 lassatis,
489 3162 708 3270 frequenter
725 3162 799 3238 luit
818 3163 1101 3269 inproperatum
1123 3163 1195 3241 sibi
1220 3142 1387 3269 quod'se
1409 3163 1674 3240 osculabantur
1691 3163 1730 3238 in

308 3321 397 3384 ano,
420 3312 457 3371 et
471 3295 559 3400 quia
577 3293 706 3400 plures
722 3293 883 3392 ,confessi
907 3311 995 3371 sunt
1016 3294 1161 3371 dictum
1187 3294 1374 3382 osculum,
1396 3294 1514 3371 nescit
1529 3294 1637 3400 quod·
1650 3320 1730 3369 cre·

309 3428 372 3504 dat
390 3427 437 3503 de
456 3453 517 3515 θος
533 3423 711 3531 jurabant
735 3453 812 3502 non
837 3424 936 3503 exire
959 3424 1145 3502 ordinem.
1172 3424 1312 3502 Statim-
1327 3446 1397 3530 pro
1416 3423 1598 3530 professis·
1616 3422 1730 3498 habe·

307 3558 464 3646 bantur;
481 3557 511 3634 si
527 3556 738 3644 exivissent,
756 3555 1065 3633 excommunicati
1079 3555 1360 3660 reputabantur,
1378 3571 1416 3630 et
1430 3568 1559 3630 essent¹
1573 3553 1732 3657 graviter

308 3688 447 3795 puniti,
465 3689 495 3763 si
512 3686 608 3792 capti
628 3685 803 3775 luissent3
820 3685 1067 3762 clamdestine
1085 3683 1373 3789 recipiebantur,
1393 3685 1497 3791 qnod
1513 3682 1732 3788 displicebat

311 3816 434 3893 eidem
456 3816 544 3892 testi
566 3832 604 3891 et
628 3812 730 3890 fratri
755 3812 977 3919 llugonide
1003 3812 1162 3890 Peraldo
1182 3830 1220 3890 et
1244 3812 1436 3920 aliquibus
1453 3813 1535 3890 aliis
1554 3811 1731 3887 fratribus

310 3946 469 4040 ordinis,
484 3961 523 4021 et
541 3942 660 4020 credit
677 3944 782 4049 quod
800 3944 873 4020 boc
892 3943 1052 4050 suspicio
1073 3935 1629 4031 contra-ordinem'habereturr
1646 3968 1732 4018 cor-

311 4077 410 4152 dulis
434 4072 632 4182 cingebant
657 4102 696 4150 se
721 4101 837 4178 super
859 4073 1033 4151 camisias·
1050 4102 1137 4149 cum
1161 4074 1301 4180 quibus
1319 4074 1493 4180 jacebant
1509 4074 1556 4148 'in
1581 4059 1730 4180 signum

311 4207 484 4284 castitatis
499 4222 537 4282 et
553 4205 791 4297 humilitatis,
812 4222 850 4281 et
862 4204 1016 4281 cordule
1029 4234 1121 4282 cum
1140 4205 1280 4311 quibus
1298 4205 1377 4310 ipse
1395 4204 1502 4280 testis
1513 4202 1732 4311 cingebatur

310 4339 510 4443 tetigerant
533 4335 724 4442 quoddam
750 4333 868 4440 pilare
894 4334 1054 4412 existens
1077 4336 1116 4411 in
1135 4337 1287 4423 Naaare,
1301 4335 1353 4410 ·in
1375 4334 1458 4411 loco
1488 4334 1526 4409 in
1555 4358 1632 4440 quo
1661 4333 1733 4408 luit

311 4468 403 4543 lacta
423 4466 648 4543 Auunciacio
668 4493 737 4570 per
756 4463 935 4570 angelum
950 4463 1062 4542 beate
1080 4463 1212 4555 Marie,
1235 4481 1273 4540 et
1291 4463 1432 4571 aliquas
1447 4463 1629 4569 reliquias
1640 4486 1733 4569 quas

312 4596 500 4673 habebant
526 4596 564 4672 in
587 4596 721 4673 ordine
743 4595 961 4683 ultramare,
983 4596 1124 4672 scilicet
1142 4595 1340 4670 beatorum
1350 4593 1602 4701 Policarpii¹et
1621 4592 1733 4669 Eule-

311 4727 399 4802 mie.
415 4727 497 4803 Non
517 4725 610 4801 vidit
630 4725 775 4832 aliquos
794 4724 956 4802 interfici
972 4726 1030 4803 vel
1046 4725 1264 4802 incarcerari
1275 4726 1364 4832 quia
1381 4725 1593 4801 noluissent
1611 4722 1730 4799 lacere

310 4857 469 4960 illaque
501 4855 541 4930 in
564 4854 848 4959 recepcionibus
872 4854 1177 4961 precipiebamur
1198 4854 1264 4930 eis.
1289 4856 1343 4930 Ex
1369 4862 1733 4931 'sacramentotene-

1576 4989 1626 5049 53.
