4080 6052
168 611 174 622 -
304 565 377 639 ms
688 543 882 637 raucas
908 562 1002 633 nss
1027 560 1331 634 renarrans.

304 723 410 812 peret
436 731 544 797 eum,
571 706 657 782 etsi
685 705 738 782 sic
769 703 889 782 nollet
914 701 1067 809 corrigi,
1095 701 1341 779 denunciaret
1360 696 1548 801 superiori
1567 724 1666 790 suo;
1694 715 1730 774 et

304 834 445 912 multos
469 864 574 913 casus
598 835 769 941 exposuit
795 833 866 912 sibi
892 849 1045 938 propter
1068 860 1176 938 quos.
1192 847 1339 937 poterat
1364 825 1528 934 perdere
1554 827 1729 905 ordinem

303 966 362 1042 vel
380 965 621 1053 mantellum,
646 982 690 1043 ut
708 966 738 1041 si
757 964 996 1043 subtraheret
1012 961 1112 1040 bona
1137 961 1288 1040 ordinis·
1302 977 1339 1037 et
1360 957 1723 1065 aliquaoonsimilia.

305 1099 484 1200 Postque
505 1097 598 1172 dixit
618 1098 653 1172 ei
670 1096 774 1201 quod
788 1095 914 1172 adhuc
934 1093 1162 1171 deliberaret
1180 1095 1317 1169 iterum
1339 1092 1369 1168 si
1389 1090 1547 1168 ‚volebat
1560 1117 1638 1166 esse
1651 1089 1724 1167 fra·

305 1242 364 1300 ter
382 1253 530 1315 eorum,
550 1243 588 1302 et
606 1224 711 1331 quod
726 1225 842 1302 exiret
859 1240 976 1313 ext-ra3
997 1253 1083 1303 cum
1102 1240 1228 1300 autem
1244 1221 1413 1299 exivisset
1429 1237 1469 1296 et
1483 1219 1724 1326 postmodum

308 1355 481 1433 rediisset
506 1373 543 1432 et
567 1357 740 1462 peciisset
760 1356 801 1432 id
825 1354 930 1462 quod
951 1383 1081 1461 supra,
1102 1354 1224 1457 dictus
1240 1368 1414 1458 receptor
1435 1350 1534 1426 dixit
1555 1349 1728 1428 iratribus
1755 1442 1758 1447 ³

311 1472 516 1563 astantibus
535 1487 639 1593 quod
663 1486 694 1562 si
715 1487 881 1564 sciebant
900 1485 938 1561 in
962 1512 1008 1562 eo
1035 1484 1179 1590 aliquid
1200 1481 1537 1588 impedimentum,
1564 1481 1727 1559 dicerent

311 1633 419 1704 tunc,
442 1616 528 1721 quia
548 1615 684 1693 melius
703 1631 801 1693 esset
823 1642 937 1720 quam
959 1614 1113 1721 quando
1132 1630 1230 1690 esset
1253 1628 1443 1717 receptus3
1463 1629 1610 1688 etcum
1632 1612 1724 1689 dice-

310 1764 395 1824 rent
416 1747 521 1851 quod
546 1745 696 1822 nullum
716 1744 882 1822 sciebant
903 1744 1216 1850 impedimentum
1238 1743 1277 1818 in
1298 1771 1360 1829 eo,
1385 1760 1424 1818 et
1453 1742 1566 1847 quod
1587 1742 1722 1819 bonum

311 1894 389 1953 erat
409 1877 576 1982 recipere
597 1905 701 1966 eum,
730 1877 852 1953 dictus
877 1892 1050 1980 receptor
1073 1874 1162 1951 iecit
1187 1903 1275 1951 eum
1292 1876 1417 1981 jurare
1437 1872 1666 1978 supradicta,
1679 1873 1723 1950 de

310 2007 450 2113 quihus
468 2023 736 2111 premonuerat
760 2035 870 2097 eum,
891 2024 928 2082 et
948 2005 1105 2083 tradidit
1121 2006 1154 2081 ei
1174 2003 1420 2090 mantellum3
1443 2020 1483 2080 et
1503 2003 1585 2108 ipse
1607 2019 1645 2079 et
1665 2002 1726 2080 lra-

311 2155 389 2213 tres
403 2153 563 2213 astantes
576 2136 730 2213 fuemnt
750 2165 838 2213 eum
857 2134 1012 2213 osculati
1028 2136 1067 2212 in
1087 2164 1172 2225 ore;
1190 2136 1327 2213 deinde
1343 2134 1521 2234 instruxit
1538 2163 1630 2213 eum
1644 2154 1727 2243 quot

313 2270 423 2345 Pater
438 2283 552 2344 noster
567 2266 711 2344 diceret
728 2296 798 2373 pro
818 2250 921 2343 horis
936 2265 1014 2344 suis
1029 2284 1068 2342 et
1084 2294 1153 2371 pro
1170 2267 1259 2343 vivis
1278 2281 1317 2342 ct
1335 2264 1556 2355 deffunctis‚
1579 2283 1620 2343 et
1633 2266 1727 2373 quod

313 2396 494 2500 inciperet
518 2395 642 2473 dicere
665 2397 773 2473 Pater
801 2412 929 2474 noster
944 2397 987 2472 in
1010 2396 1196 2475 honorem
1223 2397 1331 2473 beate
1361 2396 1496 2483 Maris,
1520 2413 1560 2473 et
1586 2395 1726 2481 liniret,

313 2527 418 2633 quod
441 2543 500 2602 ter
520 2527 766 2603 confiteretur
783 2543 822 2603 et
844 2526 1137 2603 communicaret
1157 2525 1196 2601 in
1216 2554 1331 2614 anno,
1354 2543 1394 2601 et
1410 2544 1613 2633 perageret
1631 2528 1731 2632 peni·

313 2657 454 2735 tencias
474 2685 566 2764 quas
585 2657 796 2735 sacerdotes
822 2657 1063 2762 imponerent
1086 2657 1140 2747 θὶς
1172 2656 1240 2733 sed
1260 2657 1307 2732 de
1333 2655 1602 2763 abnegacione,
1632 2659 1732 2763 spui·

313 2789 437 2876 cione,
461 2788 600 2865 osculis
618 2788 844 2878 inhonestis,
866 2788 1022 2895 crimine
1042 2787 1265 2864 sodomitico
1284 2784 1343 2862 vel
1365 2785 1552 2892 aliquibus
1570 2786 1652 2863 aliis
1673 2789 1731 2862 in-

313 2919 481 2994 honestis
500 2946 577 2994 non
597 2917 670 2995 suit
688 2918 837 2996 locutus
858 2916 1002 3007 eidem3
1023 2945 1094 2994 nes
1118 2916 1203 3022 plus
1226 2916 1295 2993 scit
1318 2916 1365 2993 de
1392 2916 1574 2994 contentis
1595 2918 1636 2993 in
1664 2946 1728 2995 mn

314 3047 478 3122 articulis
497 3048 731 3153 supradictis.

371 3178 482 3267 Item,
504 3180 706 3284 requisitus
726 3210 838 3288 super
860 3211 919 3262 inv
941 3202 978 3259 et
997 3184 1173 3262 omnibus
1197 3184 1455 3290 sequentibus,
1477 3184 1675 3289 respondit
1696 3214 1731 3261 se

315 3307 431 3383 nichil
447 3308 540 3385 scire
558 3308 657 3385 ultra
677 3311 780 3417 quod
800 3341 910 3416 supra
932 3314 1123 3419 deposuit,
1146 3317 1218 3392 hoc
1238 3332 1391 3420 excepto
1412 3315 1518 3420 quod
1538 3315 1617 3419 ipse
1637 3314 1730 3391 benc

318 3438 435 3513 credit
455 3440 710 3517 ecclesiasticis
731 3445 980 3531 sacramentis,
1004 3462 1041 3519 et
1057 3446 1176 3521 credit
1196 3446 1300 3551 quod
1321 3446 1383 3520 alii
1404 3445 1503 3521 bene
1520 3447 1727 3534 crederent,

316 3586 352 3643 et
370 3571 474 3673 quod
495 3599 627 3647 eorum
649 3573 860 3648 sacerdotes
878 3573 1005 3650 debite
1026 3575 1275 3666 celebrarent,
1300 3605 1368 3652 nec
1390 3577 1508 3652 credit
1524 3575 1625 3681 quod
1645 3575 1727 3650 laici

316 3718 466 3803 possent
491 3701 681 3779 absolvere
707 3732 726 3778 a
751 3705 921 3807 peccatis.
944 3704 1182 3783 Clandestinc
1203 3707 1494 3812 recipiebantur,
1517 3704 1632 3782 nullis
1648 3735 1730 3810 pre-

315 3830 482 3906 sentibus
503 3832 574 3908 nisi
600 3832 775 3910 fratribus
799 3835 960 3924 ordinis,
983 3835 1142 3912 etlorte
1169 3867 1210 3913 ex
1238 3840 1311 3914 hoc
1336 3837 1547 3914 habebatur
1572 3837 1730 3943 suspicio

315 3979 443 4037 contra
464 3990 543 4050 eos;
567 3962 633 4038 sed
654 3962 731 4068 ipse
753 3964 871 4040 nescit
890 3965 980 4054 hoc,
1003 3995 1071 4041 nec
1092 3969 1159 4043 scit
1185 3996 1255 4044 nec
1280 3966 1399 4044 credit
1425 3969 1533 4074 quod
1561 3969 1730 4043 commit·

315 4107 458 4167 teretur
484 4110 676 4197 peccatum
702 4094 968 4170 sodomiticum
998 4097 1038 4171 in
1066 4098 1218 4188 ordine,
1250 4128 1318 4174 nec
1347 4098 1451 4204 quod
1481 4097 1639 4174 cordula
1665 4128 1729 4204 qua

316 4221 533 4326 cingebatur
552 4224 717 4331 tetigerit
735 4224 903 4330 ydolum.
920 4225 1050 4304 Credit
1071 4230 1175 4333 quod
1193 4257 1324 4305 omnes
1340 4230 1600 4335 reciperentur
1620 4230 1660 4305 in
1680 4260 1732 4307 or-

316 4350 404 4426 dine
426 4354 521 4429 sicut
541 4355 716 4460 deposuit
736 4384 774 4432 se
795 4356 908 4433 luisse
929 4376 1133 4462 receptum.
1157 4361 1434 4466 Pracipiebatur
1454 4361 1559 4468 quod
1582 4389 1660 4437 non
1680 4390 1731 4437 re-

315 4481 479 4559 velarent
500 4501 639 4561 secreta
655 4484 925 4590 capitulorum,
943 4516 1012 4564 nec
1029 4488 1100 4564 fuit
1121 4489 1191 4565 sihi
1209 4490 1432 4581 inhibitum,
1453 4520 1523 4567 nec
1544 4492 1615 4567 scit
1632 4493 1728 4598 quod

314 4611 548 4690 inhiberetur
568 4616 649 4691 aliis
677 4617 781 4723 quod
807 4646 883 4694 non
909 4620 1180 4696 confiterentur
1206 4621 1277 4699 nisi
1302 4621 1478 4697 iratribus
1506 4621 1666 4698 ordinis.
1694 4622 1726 4699 Si

315 4741 481 4816 sciebant
501 4771 644 4823 errores
664 4749 702 4822 in
725 4748 877 4837 ordine,
900 4749 1030 4826 fratres
1048 4751 1192 4827 ordinis
1209 4750 1363 4828 fuerunt
1388 4752 1628 4859 negligentes
1648 4751 1725 4858 quia

314 4896 394 4944 non
432 4892 672 4948 correxerunt
705 4904 769 4951 eos
805 4905 874 4952 nec
906 4878 1227 4957 denunciaverunt
1257 4881 1434 4959 Ecclesie.
1470 4883 1627 4959 Audivit
1659 4880 1726 4956 dici
