4080 6052
553 574 623 648 rsa
937 534 1251 674 procusum
1276 568 1579 644 rsurnruus.
1628 670 1634 681 .

550 738 629 795 ease
648 728 820 793 contenta
840 715 879 790 in
903 714 990 821 ipsis
1012 712 1192 802 articulis,
1212 712 1373 790 sednon
1390 710 1483 806 vidit
1504 710 1611 787 aliter
1631 736 1746 816 quam
1769 736 1884 817 supra
1905 713 1972 791 dc·

548 844 690 953 posuit,
711 873 781 923 nec
800 845 908 922 aliter
926 845 994 921 scit
1012 845 1051 920 in
1070 842 1247 950 presenti.

603 977 715 1064 Item,
733 1002 848 1081 super
860 988 957 1053 xcvu
969 972 1126 1050 articulo
1140 1003 1150 1048 ι
1165 973 1261 1049 Item
1277 969 1382 1078 quod
1395 970 1630 1061 ellemosine,
1648 985 1730 1059 etc,
1748 971 1967 1077 requisitus,

549 1105 745 1212 respondit
762 1103 868 1211 quod
884 1104 923 1179 in
941 1102 1033 1210 locis
1050 1120 1090 1180 et
1107 1100 1286 1181 domibus
1306 1100 1395 1177 dicti
1415 1099 1559 1177 ordinis
1578 1097 1618 1174 in
1639 1098 1780 1204 quibus
1800 1100 1881 1207 ipse
1900 1100 1970 1182 tuit

549 1252 800 1326 conversatus,
823 1232 965 1311 [iebant
989 1232 1209 1310 ellemosine
1230 1246 1273 1308 'et
1295 1229 1528 1336 hospitalitas
1557 1227 1788 1318 servabatur3
1813 1229 1866 1314 ,de
1890 1231 1969 1311 aliis

548 1366 639 1443 locis
663 1364 822 1456 ordinis,
844 1364 938 1440 dixit
961 1392 1001 1440 se
1025 1361 1144 1440 nichil
1167 1363 1278 1453 scire,
1300 1359 1476 1438 credebat
1499 1377 1625 1438 tamen
1651 1359 1756 1466 quod
1775 1359 1907 1465 plures
1927 1392 1968 1440 er

526 1572 529 1580 ,
548 1494 725 1572 fratribus
745 1491 836 1569 dicti
856 1491 1000 1568 ordinis
1019 1491 1181 1568 libenter
1196 1489 1340 1567 dabant
1359 1489 1609 1567 ellemosinas.

602 1627 716 1712 Item,
739 1650 852 1728 super
871 1645 996 1711 scrut,
1019 1646 1095 1702 vuu
1114 1637 1153 1696 et
1170 1647 1191 1700 c
1211 1620 1430 1727 requisitus,
1448 1617 1645 1727 respondit
1663 1647 1702 1696 se
1724 1582 1841 1697 nichil
1861 1622 1966 1700 scire.

604 1758 716 1844 Item,
736 1777 914 1859 superor,
934 1751 1000 1857 qui
1015 1750 1160 1856 incipit,
1180 1752 1274 1827 ltem
1289 1749 1393 1857 quod
1407 1750 1502 1826 clam
1517 1766 1809 1843 consueverunt,
1827 1766 1912 1844 etc,
1931 1767 1970 1828 et

549 1911 663 1991 super
689 1881 758 1960 cu·
741 1908 848 1960 -cvru
880 1880 1045 1959 articulis
1072 1881 1292 1991 requisitus,
1318 1879 1516 2043 respondit
1539 1907 1578 1956 se
1608 1879 1725 1965 nichil
1752 1879 1859 1968 scire,
1891 1881 1966 1958 nisi

550 2014 657 2122 quod
675 2044 789 2122 supra
810 2014 996 2121 deposuit
1941 2028 1943 2032 “

439 2135 443 2142 ’
604 2146 715 2234 Item,
737 2171 851 2251 super
871 2169 969 2223 cvuu
988 2144 1161 2237 articulo,
1183 2145 1250 2251 qui
1270 2143 1415 2249 incipit,
1437 2142 1532 2218 Item
1550 2058 1656 2249 quod
1675 2164 1833 2250 magnus
1851 2144 1967 2249 Magi-

549 2291 635 2365 ster,
655 2291 744 2364 etc,
767 2290 805 2351 et
825 2302 938 2379 super
957 2300 1002 2352 cx
1022 2291 1059 2352 et
1076 2300 1113 2352 ιιι
1133 2273 1297 2350 articulis
1321 2272 1541 2380 requisitus,
1568 2272 1764 2378 respondit
1787 2300 1828 2350 se
1853 2272 1969 2350 nichil

548 2405 659 2492 scire,
681 2405 753 2481 nisi
772 2403 879 2510 quod
893 2432 1009 2511 ,supra
1029 2402 1214 2511 deposuit.
1918 2412 1934 2453 t

602 2536 715 2624 Item,-
735 2561 850 2640 super
869 2559 957 2626 oxu,
976 2536 1041 2642 qui
1063 2535 1207 2640 incipit,
1224 2534 1319 2610 Item
1338 2533 1444 2640 quod
1463 2533 1668 2640 quidquid,
1687 2550 1774 2622 etc,
1798 2549 1838 2610 et
1855 2558 1966 2640 super

549 2691 755 2743 cmi-cxvu
774 2664 939 2741 articulis
963 2665 1184 2770 requisitus,
1203 2662 1399 2769 respondit
1420 2690 1460 2739 se
1483 2662 1666 2741 audivisse
1686 2663 1760 2739 dici
1776 2663 1888 2770 quod
1906 2663 1966 2740 illa

548 2822 622 2899 que
640 2793 783 2869 fiebant
799 2811 838 2870 et
854 2793 1124 2870 ordinabantur
1140 2794 1238 2869 ultra
1255 2820 1357 2869 mare
1375 2820 1444 2898 per
1462 2794 1581 2869 dictos
1596 2792 1823 2899 Magistrum,
1835 2810 1873 2870 et
1889 2820 1967 2870 con

549 2938 703 2998 ventum
722 2923 812 2998 dicti
833 2923 992 3010 ordinis,
1014 2923 1257 3001 servabantur
1276 2923 1366 2999 citra
1385 2951 1507 3014 mare;
1527 2923 1598 2999 alia
1616 2951 1706 3000 vero
1725 2938 1841 3028 super
1861 2922 1965 3000 dictis

550 3049 713 3129 articulis
733 3051 827 3127 dixit
846 3078 885 3128 se
905 3054 1063 3143 nescire,
1085 3053 1157 3131 nisi
1177 3070 1292 3160 prout
1310 3081 1422 3160 supra
1442 3053 1628 3159 deposuit.
1752 3070 1754 3076 ’

604 3181 715 3268 Item,
733 3208 847 3286 super
861 3207 969 3261 carru
990 3183 1160 3272 articulo,
1178 3183 1243 3288 qui
1260 3184 1405 3289 incipit,
1423 3184 1516 3260 Item
1535 3182 1639 3289 quod
1654 3182 1782 3276 multi,
1803 3201 1891 3273 etc,
1908 3211 1965 3260 re-

549 3310 727 3416 quisitus,
754 3311 950 3417 respondit
973 3313 1079 3418 quod
1105 3313 1184 3418 ipse
1207 3312 1301 3389 vidit
1326 3313 1430 3419 quod
1455 3313 1582 3420 plures
1609 3314 1803 3391 exiverunt
1823 3315 1963 3391 dictum

465 3433 471 3444 ⁴
549 3441 738 3533 ordinem,
759 3442 879 3518 nescit
901 3458 1028 3519 tamen
1053 3472 1128 3549 qua
1153 3443 1201 3519 de
1225 3471 1352 3533 causa3
1368 3444 1467 3519 dixit
1487 3445 1603 3521 eciam
1622 3444 1728 3550 quod
1748 3444 1965 3550 displicebat

547 3571 619 3646 sibi
641 3571 762 3648 dictus
782 3572 876 3648 ordo
900 3590 1054 3679 propter
1073 3573 1246 3650 feditates
1266 3590 1304 3650 et
1324 3601 1470 3650 errores
1492 3575 1538 3650 de
1563 3574 1703 3683 quibus
1727 3602 1838 3679 supra
1856 3574 1962 3678 depo·

548 3700 638 3789 suit,
661 3717 700 3776 et
719 3701 823 3807 quod
848 3703 989 3809 placuit
1013 3703 1084 3780 sibi
1092 3706 1275 3849 ,quando
1305 3721 1435 3833 captus
1459 3703 1530 3780 luit
1559 3734 1646 3780 cum
1678 3704 1776 3796 aliis,
1804 3703 1963 3781 sednon

547 3829 718 3936 placebat
735 3832 806 3909 sibi
827 3831 916 3938 quia
938 3849 1042 3909 tanto
1067 3851 1238 3939 tempore
1263 3834 1302 3909 in
1329 3861 1474 3910 carcere
1501 3835 1618 3922 stetit,
1647 3833 1836 3911 subiciens
1865 3832 1965 3941 quod

546 3978 701 4069 propter
720 3962 858 4039 dictam
879 3962 1159 4069 displicenciam
1185 3963 1328 4040 ordinis
1352 3963 1559 4070 projecerat
1577 3993 1700 4071 nuper
1719 3980 1758 4041 et
1777 3964 1966 4042 dimiserat

519 4185 526 4200 .
547 4091 771 4168 mantellum
791 4091 880 4168 dicti
902 4093 1045 4169 ordinis
1065 4121 1192 4169 coram
1213 4093 1321 4169 dictis
1340 4094 1613 4170 commissariis.

604 4220 713 4313 Item,
724 4251 836 4329 super
852 4250 934 4301 crux
946 4221 1119 4315 articulo,
1130 4224 1196 4330 qui
1205 4224 1351 4330 incipit,
1368 4223 1462 4300 Item
1477 4224 1581 4331 quod
1590 4229 1756 4330 propter,
1764 4239 1833 4298 etc.
1844 4282 1854 4312 ,
1864 4240 1903 4300 et
1911 4251 1967 4300 su

547 4377 614 4454 per
634 4377 849 4431 cxx-cxxvii
864 4354 930 4459 qui
945 4352 1104 4430 ultimus
1119 4370 1190 4443 est,
1207 4353 1423 4459 requisitus,
1443 4353 1640 4458 respondit
1653 4382 1692 4429 se
1710 4350 1864 4430 credere
1884 4382 1965 4433 vera

548 4507 627 4557 esse
646 4498 820 4559 contenta
838 4484 877 4558 in
895 4483 992 4587 ipsis·
1006 4483 1171 4560 articulis
1189 4500 1227 4560 et
1247 4482 1431 4560 audivisse
1453 4483 1526 4559 dici
1549 4482 1595 4559 ab
1615 4482 1806 4590 aliquibus
1831 4482 1966 4562 secula·

548 4608 664 4695 rium,
683 4609 729 4684 de
748 4638 911 4714 quorum
928 4612 1147 4689 nominibus
1164 4642 1241 4691 non
1258 4614 1486 4703 recordatur,
1506 4630 1550 4689 ut
1567 4596 1674 4706 dixit,
1689 4613 1795 4720 quod
1811 4614 1964 4720 predicti

549 4763 695 4813 errores
721 4736 870 4816 fuerant
889 4741 1064 4849 divulgati
1092 4744 1194 4850 apud
1216 4745 1465 4849 Lugdunum,
1491 4720 1642 4851 quando
1668 4744 1849 4822 dominus
1873 4747 1963 4849 Papa

549 4867 614 4973 qui
633 4885 724 4944 tunc
744 4885 800 4946 est
825 4887 863 4947 et
886 4871 1062 4949 dominus
1082 4876 1158 4950 Rex
1178 4893 1433 4953 convenerunt
1457 4874 1612 4954 ibidem.
1634 4875 1854 4981 Requisitus
1875 4873 1963 4985 quid
