4080 6052
643 511 838 607 esoces
862 529 959 607 uns
984 532 1285 608 esurimus.
1601 537 1672 611 159

247 742 263 753 ..
312 677 460 758 Deinde
476 672 713 762 accessimus,
733 671 946 751 cumdictis
961 690 1136 778 quatuor,
1155 675 1203 754 sd
1221 675 1358 753 dictem
1377 672 1538 782 [domum]
1559 676 1671 754 abba-

256 809 307 885 tis
328 807 376 885 de
403 804 608 889 Latinium,
629 801 678 880 ad
700 819 847 908 portem
872 803 1038 908 Templi,
1061 804 1127 881 ubi
1153 821 1259 883 erant
1281 832 1318 883 xr
1342 803 1474 893 frenes
1497 805 1671 910 predicti,

256 964 351 1044 quos
369 933 633 1042 requisivimus
653 948 692 1009 et
709 931 1033 1037 interrogavimus,
1055 952 1100 1011 ut
1118 934 1210 1013 elios
1230 962 1358 1040 supra,
1381 951 1418 1014 et
1437 935 1491 1013 eis
1511 935 1674 1013 diximus

258 1083 295 1143 et
319 1063 609 1172 significavimus
633 1090 676 1138 ea
701 1090 776 1168 que
801 1077 840 1140 ct
865 1052 947 1140 aliis
970 1063 1159 1167 predictis.
1182 1064 1277 1158 Qui,
1298 1063 1427 1144 habito
1452 1065 1550 1141 inter
1574 1093 1612 1141 se
1638 1081 1676 1140 ct

258 1224 345 1274 cum
365 1194 475 1275 dictis
494 1205 573 1271 1111⁰'
588 1190 763 1277 iratribus
783 1190 955 1284 consilio,
974 1192 1149 1275 dixerunt
1169 1211 1206 1271 et
1224 1195 1500 1300 responderunt
1514 1193 1555 1270 id
1572 1193 1674 1271 idem

260 1323 365 1429 quod
382 1321 597 1402 immediate
616 1320 871 1426 precedentes.

315 1452 464 1531 Deinde
484 1449 720 1537 accessimus,
743 1479 830 1529 cum
851 1450 960 1531 dictis
980 1450 1273 1542 inefficacibus,
1294 1451 1498 1529 addictam
1519 1454 1676 1530 domum

263 1582 309 1659 de
329 1582 540 1687 Henregea,
567 1579 633 1659 uhi
662 1597 769 1663 erent
791 1606 828 1657 x1
852 1578 984 1658 fratres
1008 1580 1184 1686 predicti,
1211 1609 1306 1685 quos
1328 1580 1606 1684 requisivimus,
1635 1598 1678 1655 ut

260 1709 352 1788 alios
370 1739 498 1816 supra,
520 1728 558 1791 et
581 1711 637 1789 eis
660 1710 824 1794 diximus
851 1726 889 1790 et
912 1710 1202 1816 significavimus
1227 1738 1269 1786 ea
1293 1738 1367 1816 que
1395 1726 1433 1786 et
1453 1709 1535 1786 aliis
1552 1709 1678 1814 predi-

260 1838 339 1915 ctis.
360 1839 454 1931 Qui,
475 1839 606 1919 habito
621 1839 725 1917 inter
744 1867 782 1919 se
804 1855 947 1916 etcum
967 1840 1077 1924 dictis
1096 1855 1176 1917 11110r
1193 1838 1370 1917 fratribus
1390 1838 1561 1926 consilio,
1585 1838 1680 1915 dixe

260 1983 350 2043 runt
368 1983 406 2043 et
424 1967 700 2072 responderunt
721 1968 761 2043 id
780 1967 883 2049 idem
900 1970 1006 2074 quod
1026 1968 1242 2049 immediate
1262 1967 1519 2073 precedentes.

316 2093 464 2173 Deinde
481 2096 721 2188 accessimus,
744 2125 831 2175 cum
852 2097 960 2177 dictis
980 2113 1060 2175 1111or
1078 2098 1273 2189 iratribus,
1295 2098 1344 2174 ad
1364 2098 1501 2175 dictam
1522 2097 1679 2173 domum

263 2221 437 2299 Richardi
459 2225 506 2299 de
527 2223 681 2327 Spoliis,
702 2222 770 2299 ubi
791 2241 898 2300 erant
916 2251 1003 2302 xum
1022 2226 1154 2303 fratres
1172 2227 1352 2331 predicti,
1373 2253 1469 2331 quos
1488 2224 1681 2330 requisivi·
1742 2301 1748 2311 ,

264 2380 364 2443 mus,
385 2369 430 2431 ut
452 2350 544 2430 ulios
569 2379 698 2456 supra,
723 2370 761 2430 et
784 2352 837 2429 eis
863 2352 1025 2437 diximus
1050 2382 1093 2429 ea
1117 2381 1191 2460 que
1217 2370 1255 2433 et
1274 2353 1356 2431 aliis
1374 2353 1561 2459 predictis.
1584 2354 1677 2445 Qui,

264 2479 393 2559 liebito
413 2481 511 2558 inter
529 2509 569 2559 se
590 2499 628 2558 et
647 2510 734 2560 cum
755 2480 864 2559 dictis
883 2495 963 2561 ιιιι01
982 2479 1159 2560 fratribus
1178 2481 1352 2573 consilio,
1374 2482 1550 2561 dixerunt
1569 2499 1606 2558 et
1624 2511 1682 2557 re-

266 2611 500 2717 sponderunt
519 2609 560 2687 id
580 2609 683 2691 idern
702 2610 808 2717 quod
827 2610 1044 2692 immediate
1063 2610 1318 2716 precedentes.

318 2739 467 2819 Deinde
492 2740 727 2827 accessimus,
749 2767 838 2824 cum
866 2738 975 2817 dictis
999 2753 1079 2819 11110‘
1098 2721 1292 2830 fratribus,
1315 2740 1363 2815 ad
1387 2739 1590 2843 Templum
1614 2768 1680 2818 seu

263 2870 421 2949 domum
438 2869 587 2974 Templi
607 2869 840 2956 Parisiensis,
860 2868 929 2946 ubi
951 2884 1224 2949 erantm1m⁰²
1243 2867 1373 2946 iratres
1392 2868 1564 2973 predicti,
1587 2898 1682 2974 quos

264 3027 395 3075 omnes
415 2998 567 3075 insimul
593 3014 849 3104 congregatos,
872 2999 1033 3103 exceptis
1057 2998 1234 3076 fratribus
1262 2997 1454 3079 Gauberto
1481 3000 1529 3075 de
1553 3000 1681 3075 Maura

264 3128 430 3233 leproso,
451 3128 586 3232 Egidio
612 3130 658 3205 de
679 3127 861 3207 Fulcandi
880 3128 1012 3217 Curia,
1043 3145 1080 3208 st
1100 3131 1138 3205 P.
1162 3131 1209 3207 dc
1239 3128 1430 3214 Gremelio
1455 3128 1678 3234 presbiter0,

266 3259 332 3365 qui
355 3257 534 3336 infirmati
560 3257 791 3348 dicebantur,
818 3258 1080 3364 requisivimus
1104 3275 1144 3336 et
1167 3259 1492 3366 interrogavimus,
1520 3278 1561 3337 ut
1590 3260 1683 3337 alios

266 3416 393 3493 supra,
416 3404 453 3465 et
477 3389 531 3467 eis
550 3388 714 3468 diximus
737 3416 781 3469 ea
804 3416 878 3494 que
905 3405 943 3466 et
967 3387 1047 3466 aliis
1073 3388 1296 3469 dixeramus.
1319 3388 1411 3481 Qui,
1432 3387 1561 3471 habito
1586 3387 1683 3464 inter

266 3545 305 3595 se
322 3534 465 3597 etcum
482 3519 592 3598 dictis
609 3534 688 3599 11110'
706 3517 883 3597 iratribus
900 3517 1078 3606 consilio,
1097 3517 1280 3597 dixerunt·
1292 3536 1331 3601 et
1348 3516 1625 3623 responderunt
1644 3516 1684 3591 id

266 3646 369 3723 idem
385 3649 489 3752 quod
506 3648 710 3726 inmediate
724 3648 980 3754 precedentes,
998 3662 1171 3754 rogantes
1187 3664 1314 3729 temen
1331 3648 1436 3753 quod
1453 3646 1500 3723 de
1517 3645 1591 3725 hiis
1608 3674 1682 3750 que

266 3803 334 3880 per
352 3777 540 3879 predictos
560 3792 639 3855 1111·r
657 3779 789 3855 frames
809 3778 907 3857 dicta
926 3777 990 3857 die
1009 3777 1167 3855 crastina
1188 3794 1447 3883 proponentur
1467 3775 1610 3853 ibidem
1630 3803 1685 3849 co-

268 3916 349 3978 ram
368 3903 476 3981 dictis
497 3905 660 3984 dominis
679 3906 940 3987 commissoriis
960 3906 1105 4011 copiam
1126 3905 1299 3984 habeant.

325 4031 474 4109 Deinde
489 4033 726 4119 accessimus,
743 4062 830 4111 cum
845 4035 956 4145 dictis
968 4051 1048 4115 11110'
1062 4035 1255 4125 iratribus,
1282 4033 1384 4139 apud
1401 4049 1570 4113 sanctum
1589 4032 1685 4107 Mar·
1782 4016 1784 4020 ⁷

268 4162 393 4240 tinum
411 4161 459 4238 de
475 4162 667 4268 Champis‚
686 4162 753 4241 ubi
771 4180 876 4256 erant
891 4164 1074 4242 tredecim
1091 4165 1222 4241 fratres
1238 4161 1409 4268 predicti,
1428 4189 1524 4267 quos
1541 4188 1683 4251 omnes,

271 4307 424 4398 excepto
446 4291 558 4370 fratre
583 4292 942 4384 RobertoCevalier,
968 4293 1035 4403 qui
1060 4290 1241 4371 infirmari
1266 4291 1471 4382 dicebatur,
1492 4291 1685 4397 requisivi-

270 4436 355 4500 mus
373 4439 412 4500 et
426 4423 752 4530 interrogavimus,
771 4441 816 4502 ut
830 4423 923 4502 alios
939 4452 1067 4528 supra,
1088 4440 1126 4500 et
1143 4424 1198 4502 eis
1215 4423 1378 4503 diximus
1396 4450 1440 4500 eu
1455 4449 1530 4528 que
1548 4438 1586 4497 et
1605 4420 1686 4497 aliis

271 4549 492 4629 dixeramus.
513 4550 606 4649 Qui,
625 4553 754 4631 habito
772 4553 871 4631 inter
887 4581 927 4632 se
944 4569 1086 4631 etcum
1105 4551 1213 4630 dictis
1230 4568 1392 4658 quatuor
1407 4549 1584 4629 fracibus
1601 4578 1687 4627 con-

271 4678 372 4771 silio,
395 4679 569 4759 dixerunt
587 4699 626 4761 et
643 4682 922 4789 responderunt
939 4682 981 4759 id
1009 4683 1112 4760 idem
1131 4681 1237 4789 quod
1257 4681 1319 4759 alii
1349 4679 1586 4787 suprascripti
1612 4679 1687 4756 exi-

272 4825 412 4889 stentes
430 4809 471 4888 iu
482 4811 606 4890 domo
625 4812 786 4891 condam
806 4811 970 4918 episcopi
989 4810 1261 4896 Ambianensis.
1365 4860 1367 4863 -
