4080 6052
517 525 713 621 procas
741 547 835 619 nus
861 549 1163 625 ratramnus.
1520 557 1542 626 o

130 694 329 774 transferre
346 688 569 799 provincias,
586 691 691 799 quod
704 719 856 770 necesse
872 692 962 799 ipsis
975 694 1132 772 minime
1152 693 1359 784 videbatur,
1380 723 1457 772 non
1477 697 1545 774 ob

131 843 248 903 stante
276 825 382 931 quod
406 824 446 899 in
477 823 620 901 eisdem
643 823 776 900 litteris
804 823 1014 929 apostolicis
1038 855 1151 932 super
1172 827 1245 905 hoc
1267 825 1418 902 directis
1442 825 1544 905 aliud

131 956 354 1034 continetur.
379 953 437 1030 Ad
459 954 565 1060 quod
587 953 862 1059 respondemus
886 955 991 1062 quod
1010 955 1051 1031 id
1069 956 1152 1033 fieri
1177 956 1368 1042 volumus,
1389 973 1503 1060 prout
1525 986 1547 1033 a

130 1084 282 1191 prelatis
305 1083 448 1191 petitur
473 1082 708 1188 supradictis.
730 1084 854 1188 Super
878 1111 923 1160 eo
950 1084 1068 1160 eciam
1091 1084 1197 1191 quod
1218 1083 1417 1191 petebatur
1438 1085 1468 1162 si
1489 1084 1547 1161 in-

132 1215 359 1321 quisiciones
385 1229 422 1290 et
443 1241 640 1319 processus
669 1212 890 1319 hujusmodi
916 1213 961 1290 ab
988 1214 1130 1292 eisdem
1157 1214 1310 1321 prelatis
1335 1233 1435 1292 extra
1462 1244 1548 1294 suas

133 1345 341 1451 provincias
361 1363 399 1421 et
412 1344 595 1431 dioceses,
608 1346 714 1451 juxta
734 1345 1007 1422 continenciam
1026 1345 1236 1422 litterarum
1261 1345 1549 1451 apostolicarum

132 1502 202 1579 per
215 1473 372 1551 nuncios
382 1490 468 1551 tuos
484 1472 747 1561 exhibitarum,
765 1474 908 1551 eisdem
925 1471 1008 1550 fieri
1022 1490 1196 1579 poterant
1210 1472 1404 1562 ethaberi,
1420 1473 1550 1551 Excel-

132 1604 253 1682 lencie
268 1604 335 1682 tue
349 1604 526 1681 duximus
538 1605 862 1710 respondendum,
878 1620 937 1696 ut,
956 1632 1033 1682 non
1049 1604 1220 1682 obstante
1235 1603 1340 1711 quod
1357 1604 1397 1680 in
1416 1604 1550 1681 litteris

134 1735 475 1813 commissariorum
491 1736 659 1841 ipsorum
676 1735 884 1812 dinoscitur
898 1735 1093 1824 contineri,
1108 1736 1213 1841 quod
1225 1735 1273 1812 ad
1284 1752 1401 1812 certas
1416 1735 1551 1812 vadant

132 1865 355 1971 provincias,
377 1881 414 1941 et
432 1865 487 1942 ibi
508 1866 707 1973 diligenter
722 1867 914 1973 inquirant
930 1865 998 1943 ubi
1016 1867 1133 1973 magis
1153 1866 1253 1944 dicto
1272 1866 1429 1973 negocio
1448 1865 1552 1942 vide·

131 1992 209 2071 rint
231 1993 421 2101 expedire,
440 1995 631 2101 inquirere
650 1996 811 2103 possint,
832 1997 984 2073 servatis
1009 2013 1137 2073 tamen
1157 1996 1238 2072 aliis
1258 1995 1424 2072 articulis
1442 1996 1481 2070 in
1497 1994 1553 2070 di-

135 2123 203 2201 ctis
224 2124 360 2203 litteris
383 2127 678 2232 comprehensis,
700 2125 963 2205 nonobstante
990 2127 1156 2204 clausula
1175 2126 1238 2203 illa
1256 2125 1430 2203 videlicet
1448 2123 1553 2231 quod

135 2280 174 2328 se
193 2254 415 2331 transferant
439 2255 487 2331 ad
512 2255 719 2360 provincias
740 2274 976 2335 memoratas.
998 2256 1183 2337 Volumus
1202 2255 1317 2362 igitur
1340 2253 1445 2363 quod
1467 2282 1553 2359 pre·

135 2382 201 2458 lati
220 2384 327 2488 regni
346 2384 404 2457 tui
424 2385 463 2456 in
482 2385 665 2484 premisso
684 2386 841 2483 negocio
859 2386 1068 2489 procedant
1083 2388 1189 2491 juxta
1207 2387 1469 2489 responsiones
1491 2413 1555 2460 su-

135 2510 335 2616 pradictas,
364 2508 470 2584 nullo
497 2508 585 2583 allio
610 2506 787 2582 mandato
812 2524 941 2585 nostro
965 2537 1078 2612 super
1097 2511 1171 2584 hoc
1190 2527 1396 2613 expectato,
1427 2527 1471 2584 ut
1488 2540 1555 2586 ne·
1649 2611 1652 2616 Ι

136 2640 285 2746 gocium
300 2637 522 2744 hujusmodi
541 2634 686 2710 facilius
707 2652 744 2709 et
759 2635 918 2710 celerius
937 2635 984 2709 ad
1004 2636 1120 2710 finem
1141 2636 1313 2711 debitum
1335 2637 1553 2715 deducatur.

135 2815 192 2829 —
203 2770 297 2845 Item
313 2766 398 2842 data
413 2765 510 2841 dicte
525 2763 649 2839 littere
668 2762 808 2839 directe
820 2761 921 2839 dicto
943 2762 1098 2841 domino
1112 2762 1204 2868 Regi
1223 2762 1307 2841 talis
1327 2782 1398 2842 est:
1415 2767 1554 2846 Datum

138 2899 317 2978 Avinione
338 2925 364 2974 11
377 2898 501 2976 Nonas
519 2893 623 2984 Maii,
644 2892 886 2999 pontificatus
904 2893 1023 2973 nostri
1042 2921 1140 2971 anno
1158 2910 1304 3001 quarto.

195 3164 290 3239 Item
304 3180 415 3239 tenor
434 3160 619 3240 dictarum
637 3160 846 3241 litterarum
870 3162 1185 3240 excusatoriarum
1204 3161 1362 3269 predicti
1376 3160 1555 3266 prepositi

140 3293 324 3398 Aquensis
339 3292 393 3396 (in
408 3292 548 3399 quibus
568 3310 707 3401 atergo
724 3311 802 3371 erat
820 3294 901 3400 ejus
913 3291 1078 3399 sigillum
1093 3293 1317 3399 impressum
1335 3319 1421 3368 cum
1436 3289 1557 3396 figura

140 3450 207 3500 sou
225 3423 396 3530 ymagine
415 3423 524 3501 beate
543 3425 659 3503 Marie
681 3443 718 3503 et
738 3425 820 3533 ejus
831 3424 933 3510 Filii,
955 3453 997 3501 ac
1016 3424 1136 3531 figura
1153 3452 1221 3501 seu
1239 3422 1412 3531 ymagine
1432 3405 1558 3528 cujus-

135 3553 228 3656 dam
243 3553 407 3630 hominis
424 3552 559 3631 subtus
577 3556 791 3663 ymaginem
810 3554 918 3632 beate
938 3554 1072 3644 Marie,
1094 3554 1199 3631 flexis
1219 3551 1379 3660 genibus
1393 3548 1559 3655 complo-

142 3683 265 3789 sisque
289 3682 464 3761 manibus
485 3685 690 3774 existentis,
718 3715 805 3762 cum
827 3684 993 3791 quodam
1012 3700 1118 3760 scuto
1142 3682 1262 3762 leonis
1286 3682 1447 3788 figuram
1471 3705 1559 3756 con-

141 3813 302 3899 tinente,
323 3830 423 3890 retro
445 3812 587 3890 dictum
608 3815 803 3893 hominem
823 3815 976 3901 situato,
999 3831 1037 3890 et
1055 3812 1193 3889 talibus
1212 3809 1347 3889 litteris
1364 3806 1556 3885 videlicet:

145 3968 176 4018 s.
199 3966 394 4018 ournnnnm
414 3969 582 4030 nounnsrs
606 3972 654 4023 nr
673 3972 842 4026 manusrs
867 3969 1057 4024 aaarosrrr
1077 3971 1120 4024 ac
1125 4003 1233 4024 ........
1256 3940 1452 4020 residuum
1472 3964 1559 4014 vero

144 4073 311 4177 ipsarum
328 4068 537 4148 litterarum
554 4075 629 4179 legi
644 4105 720 4153 non
734 4078 894 4181 poterat)
910 4076 995 4152 talis
1015 4094 1090 4151 est:

200 4200 492 4280 Venerabilibus
512 4219 550 4279 et
569 4203 738 4281 discretis
756 4206 860 4291 viris,
878 4202 1042 4279 dominis
1057 4218 1096 4277 et
1109 4199 1237 4275 amicis
1256 4198 1333 4276 suis
1345 4197 1560 4287 carissimis,
1653 4300 1656 4305 ³

28 4406 33 4419 ,
149 4331 310 4410 dominis
330 4331 482 4411 Matheo
498 4332 669 4439 Caragoli
690 4333 834 4412 domini
853 4335 951 4437 Pape
966 4329 1112 4408 notario
1133 4347 1171 4407 et
1188 4329 1350 4408 auditori
1368 4327 1563 4406 reverendi

149 4462 187 4537 in
206 4461 356 4540 Christo
372 4462 487 4569 patris
506 4462 651 4540 domini
670 4464 710 4540 P.
733 4464 780 4541 de
802 4461 1012 4566 Columpna
1030 4461 1101 4559 Dei
1120 4459 1241 4567 gracia
1256 4476 1378 4537 sancte
1398 4460 1564 4534 Romane

152 4588 304 4667 ecclesie
329 4590 474 4669 diaconi
505 4593 717 4683 cardinalis,
736 4591 963 4672 Guillelmus
982 4588 1119 4696 Agarni
1138 4578 1322 4695 Aquensis
1342 4606 1380 4665 et
1393 4585 1567 4692 Aptensis

150 4720 376 4827 prepositus,
399 4723 557 4800 salutem
578 4724 617 4799 in
636 4725 691 4802 Eo
711 4725 777 4832 qui
800 4741 856 4801 est
879 4722 1050 4801 omniurn
1064 4748 1149 4798 vera
1168 4720 1279 4798 salus.
1300 4720 1398 4798 Cum
1415 4717 1568 4795 sanctis-

151 4849 269 4930 simus
294 4851 334 4927 in
358 4850 508 4929 Christo
532 4870 639 4958 pater
669 4854 847 4947 dominus
866 4852 1059 4944 Clemens,
1082 4867 1205 4931 sancte
1229 4850 1394 4930 Romane
1424 4877 1466 4925 ac
1484 4845 1569 4923 uni·

239 4987 344 5053 vaccis
367 5009 419 5054 nna
439 5009 609 5056 rnuminns.
623 5027 665 5041 -
677 5012 696 5055 1.
865 5015 867 5019 ·
1400 5008 1416 5047 2
