4080 6052
543 580 550 593 .
696 507 890 603 rancus
916 527 1011 600 nus
1037 526 1338 609 rnnrmeas.
1650 527 1725 605 ets

310 670 413 778 ginta
423 667 510 746 euni
530 665 588 743 vel
604 666 764 755 circiter,
777 667 1021 777 conversabar
1035 683 1215 773 tanquam
1234 696 1366 753 eorum
1385 667 1544 751 clericus
1563 685 1601 745 et
1619 686 1726 749 nota,

310 799 405 890 rius,
422 796 545 875 audivi
557 796 699 902 pluries
711 796 854 880 refferri
867 797 915 879 ab
929 795 1119 903 aliquibus
1133 799 1375 888 eorumdem,
1391 825 1556 903 quorum
1572 799 1725 877 nomina

310 929 357 1007 ad
375 955 530 1035 presens
547 929 700 1035 ignoro,
721 929 826 1035 quod
853 927 930 1009 dno
953 926 1101 1009 nobiles
1117 927 1165 1005 de
1190 928 1404 1035 Burgondia
1421 927 1561 1007 milites
1580 927 1724 1009 dictum

310 1058 482 1137 ordinem
499 1057 638 1140 milicie
655 1056 804 1164 Templi
823 1058 1040 1164 inceperant
1056 1085 1101 1143 eo
1117 1058 1232 1136 modo
1248 1058 1314 1164 qui
1333 1058 1504 1162 sequitur
1521 1089 1530 1132 t
1550 1056 1725 1137 videlicet

309 1188 414 1294 quod
435 1187 491 1264 illi
517 1187 594 1264 duo
620 1188 760 1269 milites
780 1189 972 1295 quondam
1001 1216 1150 1294 passum
1169 1187 1434 1267 custodiebant
1454 1187 1520 1294 qui
1538 1215 1640 1265 nunc
1654 1187 1724 1264 Cn-

308 1334 428 1399 strum
444 1318 688 1424 Peregrinum
707 1335 958 1424 nuncupatur,
973 1317 1013 1397 in
1028 1345 1104 1425 quo
1120 1346 1247 1424 passu,
1269 1318 1336 1425 qui
1355 1335 1447 1400 tuuc
1463 1318 1538 1399 lter
1557 1318 1726 1423 Peregri-

308 1475 446 1529 norum
475 1445 686 1533 vocabatur,
716 1444 995 1552 proficiscentes
1026 1447 1074 1523 ad
1103 1447 1349 1550 sepulchrum
1379 1446 1723 1527 lerosolimitanum

308 1575 565 1681 spoliabantur
583 1592 622 1651 et
642 1576 759 1656 eciam
778 1575 1019 1659 necabantur,
1040 1574 1275 1679 Quiquidem
1295 1574 1434 1653 milites
1454 1574 1521 1653 diu
1543 1575 1583 1652 in
1601 1592 1726 1652 custo-

308 1703 369 1780 dia
388 1704 491 1784 illius
507 1730 635 1809 passus
649 1721 853 1792 steterunt,
874 1732 943 1809 per
962 1729 1097 1786 novem
1116 1713 1235 1781 annos
1253 1701 1311 1779 vel
1330 1705 1441 1792 circa,
1458 1705 1638 1808 quianon
1653 1705 1725 1780 nisi

308 1862 441 1911 novem
461 1835 582 1911 socios
600 1851 839 1938 receperunt,
862 1850 899 1909 et
916 1849 1024 1922 tuuc,
1042 1848 1194 1935 propter
1212 1859 1345 1909 eorum
1361 1832 1493 1909 merita
1508 1832 1721 1937 probitatis,

308 1991 382 2069 que
409 1963 450 2040 in
478 1961 657 2042 exercicio
676 1962 846 2045 custodie
865 1988 994 2067 passus
1012 1960 1232 2066 hujusmodi
1247 1960 1338 2042 fidei
1361 1961 1541 2041 catholice
1559 1979 1598 2042 et
1618 1990 1725 2038 secu-

308 2092 407 2169 ritati
431 2091 713 2169 transeuncium
741 2090 1029 2196 impenderunt.
1059 2088 1180 2171 dictus
1211 2091 1327 2196 Papa,
1358 2092 1424 2197 qui
1454 2119 1523 2198 pro
1552 2108 1723 2196 tempore

309 2239 407 2309 erat,
436 2221 527 2327 ipsis
554 2221 698 2298 dictum
727 2221 900 2304 ordinem
925 2248 1011 2305 cum
1035 2218 1167 2301 habitu
1193 2248 1308 2329 quem
1334 2221 1619 2324 absumpserant
1643 2250 1726 2297 cun-

308 2351 483 2440 firmavit,
514 2368 554 2428 et
581 2350 741 2437 indulsit
773 2350 918 2431 eisdem
944 2350 1050 2455 quud
1079 2350 1204 2431 omnia
1235 2350 1372 2429 releria
1400 2349 1556 2428 fratrum
1587 2349 1725 2427 domus

307 2480 501 2586 hospitalis
529 2481 643 2570 sancti
663 2480 843 2561 lobannis
866 2479 1178 2568 lerosolimitani,
1209 2480 1249 2557 iu
1274 2479 1487 2559 subsidium
1513 2479 1724 2557 substenta-

308 2611 425 2688 cionis
450 2612 540 2689 dicti
561 2610 722 2701 ordinis,
749 2627 903 2717 propter
922 2609 1131 2693 tuicionem
1156 2626 1193 2686 et
1211 2607 1425 2695 libertatem
1444 2611 1561 2687 Terre
1581 2627 1721 2698 sancte,

307 2741 445 2847 quibus
470 2741 705 2830 insistebant,
731 2742 779 2823 ad
805 2769 917 2827 nsum
945 2757 982 2823 et
1005 2741 1272 2846 proprietatem
1294 2741 1461 2846 ipsorum
1490 2739 1720 2818 devenirent.

306 2871 417 2962 ltem,
434 2872 559 2949 audivi
579 2870 685 2977 quod
704 2898 772 2975 per
788 2840 953 2976 plui-ina
971 2888 1142 2977 tempore
1161 2887 1347 2951 steterunt
1366 2871 1435 2961 sic,
1452 2870 1557 2975 quod
1571 2868 1720 2946 nullum

307 2999 347 3075 in
362 2998 461 3076 dicto
477 3000 610 3078 ordine
631 3016 854 3104 receperunt
868 3001 939 3077 nisi
956 3017 1054 3079 esset
1066 3000 1115 3077 de
1130 3028 1267 3106 genere
1285 2999 1471 3077 nobilium
1483 2998 1541 3075 vel
1554 2999 1719 3075 militum

306 3145 532 3232 procreatus.
550 3131 660 3220 Item,
680 3129 785 3235 quod
804 3129 843 3206 in
863 3128 938 3207 illis
950 3129 1187 3235 temporibus
1201 3129 1405 3233 unicuique
1421 3129 1469 3204 de
1484 3127 1669 3205 scutiferis
1685 3144 1722 3202 et

306 3258 554 3345 servientibus
574 3286 706 3336 eorum
726 3259 900 3337 taxabant
923 3260 1111 3365 quandam
1139 3286 1325 3338 summam
1349 3257 1528 3362 pecunie,
1557 3257 1719 3359 deque,

306 3402 484 3494 tanquam
503 3417 635 3471 eornm
656 3388 927 3493 stipendiariis,
952 3418 1022 3495 pro
1040 3388 1183 3468 saleriis
1202 3387 1280 3465 suis
1298 3385 1506 3463 satisfecere
1527 3411 1722 3460 consuere-

306 3534 412 3606 runt,
447 3534 722 3624 perseverantes
749 3517 788 3593 in
817 3519 1090 3601 consuetudine
1116 3517 1178 3593 illa
1202 3543 1270 3621 per
1292 3530 1462 3619 tempora
1486 3513 1718 3620 longissima;

255 3681 258 3689 ·
306 3665 345 3721 et
372 3650 477 3752 quod
505 3648 653 3727 nullum
685 3649 725 3727 in
753 3647 890 3724 eodem
920 3647 1054 3731 ordine
1088 3646 1126 3721 in
1158 3644 1381 3729 servientem
1414 3659 1637 3748 receperunt
1673 3670 1718 3720 eo

305 3775 525 3881 modoque
552 3774 750 3851 novissime
776 3773 1022 3879 recipiebant;
1049 3774 1118 3855 sed
1144 3775 1404 3878 postmodum,
1432 3774 1520 3879 quia
1546 3801 1622 3853 unu
1649 3773 1720 3853 sul·

305 3904 455 3991 liciebat
478 3883 533 3983 eis
554 3904 732 4009 peccunia
756 3903 936 4009 prelibata
956 3904 1004 3981 ad
1024 3903 1325 3991 satisfaciendum
1350 3903 1613 3987 consuetudini
1641 3931 1720 3983 me·

306 4052 447 4112 morate
475 4051 513 4111 et
535 4033 618 4111 aliis
644 4035 730 4140 qui,
762 4049 917 4139 propter
941 4034 1289 4140 augmentacionenr
1315 4034 1483 4143 ipsorum
1512 4031 1715 4124 dictorum,

306 4161 430 4238 ordini
452 4181 491 4244 et
516 4162 833 4269 administracioui
857 4162 974 4268 ipsius
997 4161 1279 4253 incumbebant,
1307 4162 1434 4268 plures
1457 4162 1659 4244 servientes
1680 4179 1719 4241 et

306 4292 561 4383 indifferentes
586 4295 626 4385 in
654 4294 754 4387 dicto
782 4320 852 4383 suo
875 4293 1007 4371 ordine
1031 4310 1265 4399 receperunt.
1291 4293 1403 4381 Item,
1431 4292 1572 4399 pluries
1595 4292 1718 4375 audiri

305 4422 447 4511 refferri
474 4422 522 4517 ab
544 4423 690 4515 eisdem
710 4421 815 4528 quod
840 4421 962 4513 dictus
982 4424 1097 4528 Papa,
1125 4422 1190 4528 qui
1219 4422 1363 4507 dictum
1390 4422 1562 4501 ordinem
1581 4419 1718 4509 cuntr-

306 4553 435 4643 mavit,
455 4552 563 4633 dedit
574 4555 628 4646 eis
644 4551 829 4661 regulam,
847 4551 906 4642 rel
919 4553 1042 4658 quasi,
1055 4581 1131 4659 que
1149 4551 1326 4641 fratribus
1340 4553 1550 4635 Minoribus
1565 4572 1620 4633 eet
1635 4580 1718 4633 oon-

307 4706 423 4769 cessa,
453 4711 566 4788 qnam
592 4710 661 4788 ego
694 4681 759 4787 qni
784 4680 932 4787 loquor,
961 4682 1014 4773 ibi
1040 4681 1139 4772 ultra
1162 4710 1265 4769 mare
1288 4711 1357 4788 pro
1384 4682 1574 4789 aliquibus
1600 4683 1716 4788 ipsius

307 4809 449 4888 ordinis
463 4810 639 4904 fratribus
653 4812 802 4917 propria
819 4840 934 4897 manu
949 4812 1096 4920 scripsi;
1112 4812 1152 4890 in
1167 4841 1239 4917 que
1254 4811 1314 4889 vel
1329 4813 1368 4899 in
1384 4842 1425 4889 ea
1441 4813 1625 4895 contentis
1639 4839 1716 4889 non

1520 4951 1570 5009 81.
