4080 6052
378 554 451 625 sso
768 531 962 623 procus
989 549 1083 620 uss
1109 540 1418 622 murmuris:

376 722 469 780 non,
488 692 555 768 sed
567 719 635 797 pro
648 690 801 767 veritate
818 691 989 768 dicenda.
1005 688 1075 768 Cui
1091 687 1165 767 luit
1177 689 1387 795 injunctum
1404 687 1512 794 quod
1529 715 1613 765 non
1631 688 1810 768 revelaret

376 824 472 899 hanc
491 850 597 899 suam
616 821 896 927 deposicionem
910 847 1111 928 quousque
1131 819 1388 898 attestsciones
1408 817 1555 899 fuerint
1568 816 1778 922 publicato.

432 955 520 1030 Acta
547 952 704 1028 suerunt
729 953 799 1029 hec
831 953 893 1031 dio
924 970 961 1030 et
991 951 1075 1029 loco
1110 950 1288 1057 predictis
1299 979 1310 1040 ·,
1346 947 1596 1056 presentibus
1633 951 1804 1057 magistro

376 1083 536 1172 Amisio,
563 1111 624 1160 mo
642 1084 898 1165 Floriamonts
916 1083 1136 1170 Dondedei,
1159 1100 1196 1159 et
1215 1081 1298 1161 aliis
1317 1081 1472 1159 notariis
1493 1109 1616 1186 supra
1637 1083 1799 1187 proximo

378 1231 600 1292 nomrnst1s.¹

435 1481 522 1555 Post
543 1481 628 1569 hec,
655 1476 716 1554 die
746 1476 919 1553 Mercurii
948 1474 1136 1580 sequenti,
1169 1502 1244 1580 que
1274 1473 1346 1552 suit
1369 1502 1408 1552 111
1431 1473 1516 1554 dies
1542 1472 1637 1552 dicti
1664 1476 1798 1553 mensis

374 1610 511 1697 Martii,
526 1607 599 1685 suit
611 1608 798 1691 adductus
810 1606 859 1682 nd
873 1584 1104 1712 presenciam
1121 1606 1342 1687 eorumdem
1362 1604 1614 1683 dominorum
1629 1607 1795 1684 commis-

373 1745 572 1827 sariorum,
595 1739 633 1814 in
653 1739 769 1814 domo
788 1737 954 1843 predicta
974 1736 1132 1814 fratrum
1152 1737 1364 1824 Minorum,
1386 1734 1503 1815 frater
1523 1736 1626 1815 Bono
1645 1737 1690 1813 dc
1712 1738 1790 1817 vot-

372 1873 467 1949 lenis
482 1871 673 1955 serviens,
702 1867 948 1974 Lingonensis
978 1868 1160 1954 diocesis,
1191 1868 1298 1945 testis
1321 1896 1434 1974 supra
1458 1865 1632 1972 juretus,
1659 1884 1701 1950 ut
1724 1869 1787 1947 de-

302 2087 316 2115 ·
372 1977 531 2108 poneret
562 2000 706 2076 dictum
741 2027 873 2087 suum,
905 1997 1221 2105 quadragenarius
1252 1997 1309 2076 vel
1343 1998 1461 2085 circa,
1496 2025 1579 2074 non
1613 1998 1790 2077 defferens

374 2131 596 2211 mantellum
617 2129 776 2220 ordinis,
798 2129 887 2236 quis
909 2129 1114 2207 voluntarie
1133 2157 1256 2236 nuper
1275 2129 1401 2235 ipsum
1422 2129 1638 2216 dimiserat,
1660 2147 1698 2208 et
1715 2131 1787 2209 rodi

371 2265 507 2340 lecerat
526 2261 597 2338 sibi
617 2261 788 2348 barbam,
810 2260 987 2367 agricola,
1008 2290 1096 2337 oum
1109 2290 1187 2368 quo
1203 2262 1426 2368 inquisitum
1443 2260 1587 2348 luerat,
1603 2260 1788 2339 absolutus

371 2413 407 2470 et
431 2393 690 2471 reconciliatus
716 2421 784 2497 per
814 2392 1012 2469 dominum
1044 2393 1364 2498 archiepiscopum
1396 2395 1642 2470 Remensem.
1673 2396 1786 2476 Lectis

369 2546 494 2603 autem
523 2541 561 2602 ot
585 2525 785 2630 diligenter
806 2523 980 2628 expositis
999 2523 1069 2600 sibi
1088 2523 1266 2601 omnibus
1286 2540 1325 2601 et
1348 2524 1508 2630 singulis
1526 2524 1712 2615 articulis,
1732 2553 1785 2602 re·

367 2657 519 2763 spondit
542 2657 646 2763 quod
667 2684 860 2762 nunquam
890 2653 1111 2733 interfuerat
1136 2654 1327 2760 capitulis,
1359 2683 1427 2732 nec
1451 2654 1604 2757 viderat
1630 2655 1782 2762 aliquem

367 2787 482 2863 alium
508 2789 544 2887 iu
573 2786 704 2862 ordine
725 2786 861 2891 recipi,
884 2786 954 2862 nisi
982 2783 1135 2861 lrstrem
1159 2783 1361 2862 Arbsrtum
1387 2784 1435 2861 de
1457 2785 1653 2892 Cooperto
1669 2788 1777 2863 Puteo

365 2919 599 2994 Turonensis
623 2918 801 3008 diocesis,
829 2917 1080 3006 dellunctum,
1111 2933 1153 2995 ut
1181 2916 1316 3006 credit,
1338 2916 1403 3022 qui
1423 2915 1515 3004 suit,
1545 2917 1775 3032 eisdemdis,

365 3049 475 3138 hora,
497 3047 596 3136 loco,
619 3064 657 3124 et
672 3076 742 3152 per
758 3049 937 3125 eumdem
958 3065 996 3126 et
1013 3047 1149 3127 eodem
1170 3048 1285 3125 modo
1305 3063 1343 3157 et
1363 3047 1508 3124 eisdem
1529 3048 1776 3154 presentibus,

364 3193 534 3281 receptus
559 3206 645 3252 cum
671 3206 737 3264 eo,
765 3180 803 3253 in
830 3174 980 3255 instanti
1007 3178 1102 3255 festo
1127 3178 1258 3254 natalis
1289 3178 1387 3254 beati
1411 3179 1598 3257 iohannis
1624 3180 1776 3285 Baptiste

363 3325 473 3382 erunt
490 3334 551 3385 viu
567 3307 653 3382 anni
670 3300 854 3394 vel'circa,
872 3337 939 3413 per
953 3309 1104 3385 fratrem
1117 3310 1328 3385 iohannem
1347 3309 1394 3384 de
1411 3310 1559 3385 Marciis
1572 3312 1774 3414 quondam,

360 3456 618 3543 preceptorem
639 3456 728 3516 tunc
749 3441 885 3516 domus
905 3438 1051 3544 Templi
1076 3440 1122 3514 de
1142 3427 1281 3545 Royers
1298 3440 1575 3517 Cathalauensis
1598 3441 1774 3527 diocesis,

360 3568 397 3641 iu
415 3569 553 3673 capella
573 3570 688 3674 ipsius
708 3572 859 3660 domus,
880 3570 1115 3675 presentibus
1131 3571 1307 3646 fratribus
1322 3569 1538 3647 Theobaldo
1554 3570 1767 3672 Lotoringo,

360 3698 566 3802 presbitero
595 3701 691 3774 dicte
718 3703 870 3788 domus,
902 3717 939 3776 et
960 3700 1165 3778 Guillelmo
1190 3701 1238 3776 de
1258 3702 1426 3777 Vollenis
1447 3699 1625 3777 avunculo
1656 3701 1772 3804 ipsius

358 3831 476 3918 testis,
500 3832 697 3922 serviente,
719 3832 933 3919 deffunctis,
959 3848 997 3907 et
1017 3832 1104 3908 ideo
1128 3833 1316 3909 nesciebat
1338 3834 1385 3908 de
1408 3833 1593 3910 contentis
1611 3833 1650 3908 in
1669 3833 1771 3909 dictis

357 3962 538 4048 articuliS,
560 3990 628 4037 nec
649 3963 838 4039 audiverat
859 3963 948 4049 dici,
973 3990 1041 4038 nec
1066 3964 1242 4040 credebat
1262 3965 1333 4040 nisi
1354 3965 1460 4069 quod
1481 3966 1675 4070 sequitur:
1690 3993 1769 4040 uani

358 4089 449 4165 dixit
468 4094 587 4197 quod,
610 4094 646 4166 in
667 4094 884 4198 recepcioue
904 4123 970 4168 sua
991 4111 1029 4169 et
1046 4095 1206 4199 predicti
1227 4095 1393 4183 Arberti,
1415 4093 1488 4172 fuit
1507 4112 1675 4172 servatus
1694 4096 1769 4172 talis

356 4224 503 4299 modus.
521 4227 627 4313 Nam,
644 4253 730 4300 cum
746 4225 1024 4329 requisivissent
1039 4254 1174 4330 panem
1191 4243 1227 4300 et
1241 4255 1376 4330 aquam
1390 4227 1554 4314 ordinis,
1567 4245 1605 4303 et
1617 4227 1769 4303 linaliter

355 4351 476 4428 dictus
491 4372 659 4459 receptor
675 4356 728 4430 eis
742 4356 998 4446 concessisset,
1015 4357 1169 4461 prestito
1186 4357 1232 4432 ab
1248 4357 1301 4432 eis
1314 4386 1381 4462 per
1389 4358 1656 4462 juramentum
1671 4358 1767 4464 quod

354 4509 429 4555 non
446 4502 550 4559 orant
566 4486 889 4571 excommunicati,
911 4488 1149 4562 matrimonio
1167 4487 1224 4561 vel
1243 4487 1350 4562 alteri
1366 4488 1542 4593 religioni
1559 4490 1620 4566 vel
1636 4489 1767 4567 debitis

352 4639 425 4713 que
447 4643 519 4688 non
543 4635 694 4719 pqssent
717 4615 860 4694 solvere
886 4617 1054 4723 obligati,
1076 4646 1143 4694 nec
1168 4618 1354 4695 habebant
1374 4620 1637 4697 iulirmitatem
1659 4623 1767 4698 laten·

316 4739 320 4747 '
350 4756 443 4825 tem,
468 4741 554 4819 lecit
580 4775 642 4822 eos
662 4776 791 4824 vovere
815 4765 852 4824 et
866 4749 994 4853 jurare
1015 4779 1126 4854 supra
1153 4751 1363 4853 quemdam
1379 4751 1523 4826 librum
1544 4755 1760 4839 castitatem,

347 4870 624 4959 obedienciam,
649 4877 767 4951 vivere
793 4879 872 4952 sine
895 4879 1063 4983 proprio,
1085 4909 1228 4955 servare
1243 4881 1364 4957 bonos
1380 4911 1469 4958 usus
1486 4898 1526 4957 et
1541 4883 1665 4962 bonas
1683 4911 1760 4959 coo-
