4080 6052
311 535 385 605 rio
698 510 894 604 ruocls
921 527 1014 599 ons
1040 525 1341 599 esurimus.

310 668 536 779 inpetrando
555 669 626 746 sibi
647 669 735 775 ipsi,
754 671 785 747 si
805 665 1062 746 menciebatur
1076 664 1116 741 in
1132 667 1222 753 boc,
1242 681 1403 741 mortem
1424 663 1683 754 subitaneam,
1702 682 1741 741 et

311 802 416 911 quod
435 801 558 879 statim
576 801 615 878 in
635 801 759 878 anima
777 817 815 877 et
832 824 988 904 corpore
1009 796 1049 874 in
1068 796 1259 902 presencia
1280 794 1468 873 dictorum
1488 793 1738 873 dominorum

312 933 654 1011 commissariorum
682 930 946 1008 absorberetur
973 927 1013 1002 in
1040 924 1248 1016 infernum,
1277 925 1472 1003 tondendo
1502 923 1575 1002 sibi
1606 942 1736 1030 pectus

313 1093 399 1141 cum
419 1063 571 1170 pugnis,
590 1079 629 1140 et
645 1061 837 1140 ellevando
855 1085 990 1136 manus
1006 1084 1092 1134 suas
1107 1084 1237 1135 versus
1255 1054 1386 1143 altare,
1406 1054 1454 1131 ad
1472 1054 1659 1161 majorem
1678 1083 1736 1133 as-

312 1193 536 1280 sercionem,
564 1191 752 1268 flectendo
776 1217 916 1296 genua,
942 1187 1049 1293 quod
1076 1214 1208 1265 omnes
1236 1212 1384 1268 errores
1414 1184 1538 1263 ordini
1567 1185 1731 1293 impositi

313 1340 419 1400 erant
441 1321 598 1400 omnino
623 1320 720 1410 salsi,
743 1347 972 1427 quamquam
996 1319 1075 1424 ipse
1099 1317 1205 1395 testis
1227 1316 1380 1423 propter
1404 1315 1523 1392 multa
1545 1332 1734 1395 tormenta

312 1453 400 1540 sibi,
430 1469 473 1528 ut
501 1450 609 1539 dixit,
638 1451 738 1527 illata
769 1477 836 1555 per
865 1448 1040 1526 dominos
1068 1447 1114 1527 G.
1142 1447 1189 1524 de
1217 1445 1452 1525 Marcilbiaco
1479 1463 1520 1523 et
1548 1447 1661 1554 Hugo
1687 1448 1734 1526 de

313 1580 417 1660 Cella
441 1578 579 1655 milites
603 1580 743 1686 regios,
769 1579 835 1686 qui
855 1577 1123 1686 inquisiverant
1142 1605 1229 1653 cum
1249 1575 1402 1665 eodem,
1421 1576 1569 1683 aliquos
1588 1604 1733 1656 errores

313 1739 355 1787 ex
374 1709 551 1815 predictis
567 1707 759 1787 confessus
777 1708 925 1797 luisset,
945 1735 1112 1798 asserens
1129 1707 1234 1814 quod
1253 1736 1340 1784 cum
1360 1706 1438 1812 ipse
1457 1708 1564 1785 testis
1581 1707 1731 1785 vidisset

313 1839 386 1915 erri
412 1839 499 1915 duci
524 1838 564 1914 in
588 1839 794 1947 quadrigiis
818 1866 876 1919 mv
900 1837 1031 1916 fratres
1057 1836 1146 1913 dicti
1171 1836 1315 1915 ordinis
1339 1836 1387 1912 ad
1410 1836 1725 1928 comburendum,

313 1971 401 2078 quia
424 1970 624 2047 noluerant
647 1967 816 2046 confiteri
842 1996 988 2045 errores
1011 1967 1215 2074 predictos,
1242 1985 1281 2042 et
1304 1966 1505 2044 audivisset
1528 1994 1593 2045 eos
1616 1965 1730 2045 fixisse

313 2099 544 2187 combustos,
564 2100 669 2205 quod
687 2100 765 2204 ipsc
782 2100 848 2204 qni
867 2098 1062 2175 dubitabat
1078 2096 1183 2204 quod
1199 2125 1277 2174 non
1293 2114 1420 2202 posset
1434 2097 1575 2175 habere
1592 2098 1731 2176 bonam

312 2231 555 2335 pacienciam,
577 2230 607 2307 si
633 2228 930 2318 combureretur,
950 2231 1087 2305 timore
1111 2228 1260 2316 mortis,
1286 2226 1529 2305 confiteretur
1553 2245 1593 2305 et
1617 2230 1731 2336 depo-

313 2378 420 2438 neret
438 2388 507 2466 per
520 2362 780 2467 juramentum
800 2390 930 2450 suum,
952 2389 1077 2439 eoram
1098 2359 1206 2437 dictis
1226 2358 1389 2436 dominis
1412 2360 1679 2440 commissoriis
1696 2381 1732 2439 et

313 2518 436 2567 coram
456 2490 761 2598 quibuscumque
782 2491 878 2582 aliis,
902 2491 932 2567 si
957 2491 1262 2596 interrogaretur,
1284 2516 1416 2567 omnes
1440 2516 1588 2568 errores
1612 2491 1731 2597 impo-

312 2620 400 2697 sitos
426 2619 550 2696 ordini
578 2647 659 2697 esse
685 2608 807 2706 veros,
835 2638 873 2697 et
899 2619 1005 2724 quod
1032 2618 1149 2696 eciam
1179 2616 1424 2695 interfecisset
1450 2618 1679 2709 Dominum,
1700 2621 1730 2699 si

311 2766 502 2853 peteretur
528 2750 573 2825 ab
599 2777 660 2837 eo,
690 2748 887 2826 obsecrans
915 2765 953 2826 et
976 2748 1152 2855 adjurans
1177 2747 1295 2825 dictos
1320 2748 1494 2826 dominos
1518 2751 1727 2828 commissa·

311 2878 402 2964 rios,
425 2893 463 2951 et
482 2905 550 2954 nos
568 2879 733 2958 notarios
753 2897 928 2968 astantes,
951 2880 1056 2986 quod
1075 2906 1152 2955 non
1169 2878 1437 2955 revellerentur
1455 2880 1618 2983 predicta
1636 2906 1725 2984 gen-

310 3003 413 3080 tibus
432 3006 544 3109 regiis
563 3034 633 3082 nec
652 3009 870 3086 custodibus
895 3010 989 3098 suis,
1011 3009 1099 3116 quia
1123 3008 1296 3097 timebat,
1319 3026 1362 3086 ut
1388 3008 1550 3098 (licebat,
1569 3010 1675 3116 quod
1694 3011 1724 3086 si

310 3133 474 3239 predicta
499 3136 650 3227 scirent,
680 3138 891 3216 traderetur
914 3141 978 3216 tali
1011 3138 1193 3245 supplicio
1217 3137 1317 3244 quali
1342 3138 1468 3216 traditi
1491 3138 1648 3218 luerunt
1672 3169 1728 3221 niv

309 3262 513 3367 Templarii
536 3267 816 3371 suprapredicti.
837 3268 943 3345 Unde
969 3298 1056 3344 cum
1080 3269 1167 3345 dicti
1193 3269 1336 3346 domini
1361 3270 1603 3347 commissarii
1630 3273 1730 3349 vide-

310 3408 399 3466 runt
412 3390 553 3468 dictum
570 3412 705 3470 testem
722 3413 891 3500 paratum
908 3398 1120 3503 precipicio,
1138 3415 1176 3473 et
1191 3399 1314 3503 ipsum
1333 3416 1370 3474 et
1385 3399 1475 3476 alios
1490 3399 1593 3474 valde
1613 3419 1727 3476 exter-

308 3521 398 3598 ritos
422 3542 574 3629 propter
598 3526 793 3630 premissa,
817 3545 854 3603 et
873 3528 1028 3634 quidam
1052 3529 1172 3616 testis,
1194 3529 1299 3633 prins
1322 3547 1490 3634 receptus
1508 3527 1555 3603 ab
1575 3528 1721 3605 eisdem

308 3651 487 3740 dominis,
506 3672 660 3760 propter
677 3659 855 3761 premissa
873 3659 912 3735 in
931 3659 991 3737 die
1010 3661 1138 3739 Martis
1155 3659 1325 3764 proximo
1342 3657 1526 3765 preterita,
1548 3657 1724 3736 rediisset

309 3781 355 3857 ad
375 3808 439 3857 eos
459 3782 506 3857 ad
526 3784 812 3888 supplicandum
832 3788 935 3892 quod
955 3789 1038 3894 ejus
1055 3788 1244 3892 deposicio
1262 3806 1402 3865 secreta
1419 3803 1624 3875 teneretur,
1639 3817 1727 3894 pro-

306 3927 389 4014 pter
412 3911 638 4016 pericullum
668 3917 770 4020 quod
798 3918 954 3995 timebat
983 3936 1110 4022 posset
1136 3918 1205 3994 sibi
1234 3918 1479 4022 probabiliter
1507 3918 1723 4007 imminere,

305 4040 461 4142 predicti
485 4042 627 4119 domini
649 4047 910 4135 commissarii,
931 4076 973 4124 ex
991 4047 1167 4154 predictis
1185 4047 1360 4152 periculis
1378 4065 1415 4123 et
1434 4047 1530 4135 aliis,
1553 4076 1630 4153 que
1651 4077 1727 4125 cre-

308 4166 446 4245 debant
473 4200 581 4276 posse
613 4175 810 4254 imminere
842 4179 998 4284 negocio
1028 4178 1227 4255 commisso
1255 4177 1398 4254 eisdem
1427 4194 1466 4254 et
1492 4177 1670 4268 testibus,
1695 4181 1723 4256 si

305 4326 400 4402 quos
419 4302 628 4407 reciperent
649 4306 807 4383 durante
827 4308 961 4385 timore
980 4309 1165 4414 predicto,
1182 4324 1219 4383 et
1239 4308 1354 4384 eciam
1372 4335 1414 4383 ex
1429 4308 1509 4384 aliis
1525 4311 1648 4386 causis
1663 4311 1724 4387 de-

305 4425 558 4509 liberaverunt
581 4438 708 4542 quoad
732 4465 886 4542 presens
915 4439 1241 4545 supersedendum
1271 4465 1350 4515 esse
1377 4439 1424 4515 ab
1449 4439 1722 4517 examinacione

305 4558 421 4661 ipsius
437 4564 541 4640 testis
559 4582 596 4640 et
614 4568 728 4643 eciam
748 4567 924 4657 aliorum
945 4568 1065 4646 donec
1083 4567 1395 4646 deliberacionem
1415 4598 1530 4675 super
1546 4571 1721 4677 predictis

304 4685 505 4765 habuerint
525 4692 745 4794 pleniorem.
769 4698 853 4790 Que
878 4698 1080 4776 voluerunt
1099 4717 1137 4777 et
1161 4717 1410 4803 preceperunt
1433 4728 1501 4805 per
1526 4729 1597 4778 nos
1621 4717 1716 4777 nota-

302 4817 378 4893 rios
398 4819 517 4924 redigi
540 4821 578 4896 in
599 4851 786 4927 processu.
