4080 6052
699 529 895 621 raocbs
921 548 1015 623 oss
1041 549 1340 625 rsupnruss.
1658 556 1726 626 roo

369 688 475 783 Item,
492 687 622 764 dicunt
635 689 740 793 quod
752 686 884 765 fratres
900 688 1070 796 ejusdem
1088 690 1231 767 ordinis
1245 691 1311 797 qui
1332 719 1375 768 ea
1390 691 1550 768 dixerint
1568 690 1625 765 vel
1646 720 1728 767 con·

312 819 397 897 fessi
417 818 587 904 bierunt,
607 834 762 924 propter
785 833 972 895 tormenta
995 819 1054 895 vel
1072 819 1208 896 timore
1231 837 1509 905 tormentorum
1539 818 1724 908 dixerunt,

312 965 349 1024 et
367 951 473 1054 quod
494 947 657 1023 libenter
676 947 862 1035 redirent,
883 948 914 1024 si
932 949 1144 1040 .auderent;
1164 951 1232 1027 sed
1250 967 1308 1026 tot
1329 966 1368 1026 et
1389 949 1501 1025 tantis
1519 947 1726 1023 terroribus

311 1095 398 1156 sunt
416 1077 583 1184 percussi
600 1093 637 1152 et
655 1076 841 1181 perterifi,
863 1078 967 1183 quod
986 1106 1064 1154 non
1087 1080 1243 1165 audent,
1267 1096 1420 1184 propter
1438 1078 1559 1154 minas
1572 1077 1625 1153 eis
1645 1076 1725 1152 illa-

311 1224 366 1284 tas
385 1208 535 1284 cotidie.
564 1207 672 1283 Unde
694 1205 902 1311 supplicant
919 1211 1024 1313 quod
1048 1208 1087 1284 in
1108 1209 1384 1286 examinacione
1404 1206 1671 1313 ipsorumtalis
1688 1224 1727 1281 et

311 1354 412 1414 tanta
437 1338 613 1414 securitas
633 1336 687 1414 eis
706 1337 830 1422 detur,
852 1338 957 1442 quod
977 1338 1118 1444 absque
1137 1355 1285 1414 terrore
1300 1340 1443 1443 possint
1466 1339 1514 1414 ad
1533 1337 1724 1413 veritatem

311 1467 447 1543 redire.
622 1474 626 1481 ’

367 1598 443 1673 1166
463 1597 589 1674 omnia
607 1614 864 1702 protestantur
881 1615 921 1674 et
940 1599 1088 1685 dicunt,
1105 1597 1213 1675 salvis
1232 1626 1381 1703 semper
1401 1597 1577 1675 omnibus
1597 1596 1725 1671 defen-

310 1726 478 1805 sionibus
499 1729 594 1807 datis
609 1746 647 1806 et
666 1729 799 1806 dandis
811 1757 881 1834 per
893 1756 1151 1835 quoscumque
1167 1728 1300 1806 fratres
1310 1728 1460 1834 Templi
1475 1726 1722 1832 singulariter,

309 1858 517 1968 specialiter
541 1858 601 1935 vel
627 1858 862 1965 generaliter,
883 1888 985 1938 nuuc
1008 1876 1046 1937 et
1065 1861 1104 1934 in
1123 1858 1314 1950 futurum,
1337 1858 1385 1935 ad
1403 1856 1659 1935 defensionem
1688 1872 1726 1930 et

310 1984 473 2064 favorem
493 1989 685 2094 religionis
704 1989 888 2093 predicte,
911 2005 950 2066 et
968 1991 998 2065 si
1018 2018 1094 2095 qua
1115 1989 1199 2065 data
1222 1987 1378 2064 fuerunt
1396 1987 1556 2093 prolata,
1577 1985 1634 2061 vel
1655 1985 1724 2059 lata

311 2114 369 2191 vel
390 2116 504 2205 dicta,
529 2145 603 2223 que
630 2133 784 2221 possent
802 2119 842 2194 iu
862 2119 1069 2224 dampnum
1095 2117 1155 2195 rel
1183 2118 1434 2224 prejudicium
1464 2117 1553 2192 dicti
1583 2114 1725 2193 ordinis

311 2245 544 2332 redundare,
566 2262 654 2323 sunt
668 2248 824 2323 omnino
844 2275 943 2324 cassa
964 2265 1000 2324 et
1020 2248 1123 2323 irrita
1143 2265 1182 2323 et
1199 2248 1341 2325 nullius
1354 2247 1498 2323 valoris.

368 2511 475 2606 ltem,
489 2508 654 2614 prefatus
666 2508 778 2585 frater
792 2510 980 2586 lohannes
993 2508 1039 2585 de
1055 2510 1182 2585 Monte
1198 2509 1325 2615 regali,
1341 2509 1406 2615 qui
1422 2509 1510 2583 alias
1525 2506 1725 2613 quamdam

313 2638 422 2714 aliam
442 2638 614 2714 cedulam
633 2639 922 2743 suprascriptam
950 2638 1157 2716 tradiderat
1176 2654 1214 2714 et
1231 2638 1372 2744 legerat
1401 2636 1544 2713 eisdem
1564 2634 1727 2712 dominis

312 2769 592 2857 commissariis,
609 2770 765 2848 tradidit
779 2786 816 2846 et
830 2769 922 2877 legit
933 2769 1093 2855 ibidem,
1106 2769 1281 2846 addendo
1295 2768 1442 2846 cedulle
1462 2767 1724 2872 suprascripte,

314 2898 351 2975 in
377 2899 609 3005 presenciam
637 2902 860 2977 eorumdem
890 2900 1134 2976 dominorum
1160 2898 1521 2984 commissariorum,
1541 2923 1610 3001 pro
1631 2923 1669 2971 se
1691 2912 1728 2969 et

314 3027 396 3105 aliis
415 3026 592 3105 fratribus
608 3028 696 3105 dicti
715 3027 858 3106 ordinis
876 3058 963 3105 cum
979 3057 1024 3105 eo
1040 3028 1080 3103 in
1101 3028 1198 3104 dicta
1219 3031 1332 3105 domo
1352 3026 1499 3104 Ricardi
1521 3027 1568 3101 de
1591 3024 1728 3130 Spoliis

316 3159 493 3246 detentis,
515 3160 718 3264 quamdam
743 3160 852 3237 aliam
877 3159 1066 3250 cedulam,
1089 3159 1137 3235 ad
1161 3142 1418 3237 defensionem
1448 3156 1535 3234 dicti
1563 3155 1725 3239 ordinis,

315 3289 422 3395 cujus
436 3307 546 3366 tenor
560 3290 642 3367 talis
662 3308 740 3367 est:

370 3456 382 3487 ι
398 3421 508 3508 ltem,
522 3437 728 3525 proposent
737 3420 764 3497 li
774 3419 872 3497 frere
885 3423 932 3498 de
945 3421 1013 3497 dot
1027 3422 1139 3498 ordre
1158 3420 1218 3498 (161
1235 3422 1391 3526 Temple
1408 3448 1482 3526 que
1498 3418 1647 3494 alcunas
1663 3416 1729 3491 fal-

314 3579 371 3628 sas
390 3550 649 3641 conflessions,
672 3550 885 3629 senblables
910 3580 930 3627 a
954 3568 1087 3641 vertet,
1120 3567 1206 3627 sont
1233 3567 1357 3627 estues
1379 3550 1472 3626 fates
1502 3576 1600 3653 pour
1629 3547 1729 3623 alcus

314 3680 431 3757 freres
448 3680 510 3756 del
528 3680 585 3757 dit
598 3683 728 3772 ordre,
749 3709 817 3787 per
835 3680 933 3759 forsa
955 3683 1001 3759 de
1020 3698 1190 3758 tormens
1208 3710 1282 3788 que
1298 3681 1361 3758 lor
1380 3679 1469 3756 fasia
1488 3678 1523 3755 la
1538 3693 1619 3754 cort
1635 3694 1730 3780 tem-

314 3808 437 3913 poral,
458 3826 495 3883 et
511 3837 618 3913 apres
635 3838 656 3885 a
671 3811 813 3888 cautela
830 3811 885 3889 les
905 3811 1022 3887 mitan
1041 3838 1101 3887 em
1120 3812 1241 3915 poder
1264 3810 1345 3889 dels
1365 3809 1575 3916 enquiriors
1595 3835 1615 3881 e
1636 3805 1730 3881 deus

315 3936 516 4023 ordinaris,
538 3936 592 4012 las
612 3936 684 4014 cals
704 3967 745 4015 so
762 3939 868 4016 faitas
882 3958 1010 4018 contra
1029 3938 1064 4015 la
1083 3955 1188 4015 vertu
1210 3939 1258 4014 de
1278 3939 1353 4016 lors
1368 3937 1565 4044 privileges
1586 3963 1633 4010 en
1647 3963 1732 4040 pre-

308 4068 432 4175 judici
450 4066 510 4145 del
527 4067 583 4143 dit
598 4067 728 4156 ordre3
744 4085 832 4144 sunt
848 4095 998 4174 exemps
1016 4097 1036 4147 6
1055 4071 1219 4176 gausisso
1238 4069 1285 4143 de
1303 4067 1488 4174 privilegit
1504 4065 1640 4171 special
1656 4092 1730 4170 que

313 4228 394 4278 non
415 4198 509 4275 devo
528 4214 623 4303 pont
641 4225 751 4302 parer
766 4197 900 4273 devant
923 4198 992 4274 nul
1007 4199 1098 4304 juge
1119 4196 1350 4273 ecclesiastre
1370 4197 1409 4273 ni
1429 4197 1584 4282 secular,
1605 4195 1635 4272 si
1655 4223 1731 4270 non

314 4333 452 4408 davant
481 4344 606 4405 nostre
627 4327 700 4405 sire
721 4327 756 4403 16
777 4328 892 4432 Pape,
920 4357 943 4404 o
965 4329 1099 4404 davant
1127 4326 1183 4404 cel
1204 4355 1278 4433 que
1303 4327 1338 4403 el
1361 4327 1583 4405 comandara
1603 4354 1650 4403 en
1677 4325 1732 4401 cel

309 4460 432 4548 offici3
453 4487 615 4565 perque
636 4456 880 4564 requerentli
901 4456 998 4535 frere
1024 4459 1137 4534 desus
1156 4456 1212 4533 dit
1236 4486 1310 4562 que
1331 4458 1385 4534 las
1406 4458 1501 4535 dites
1520 4455 1628 4534 falsas
1647 4481 1734 4530 con-

303 4589 495 4675 fessions,
528 4589 642 4696 laytas
670 4586 946 4676 sorsadameus,
978 4589 1058 4666 sian
1081 4586 1261 4664 anullatas
1290 4616 1358 4692 per
1383 4605 1509 4665 nostre
1538 4614 1672 4694 segnor
1697 4585 1733 4661 le
1832 4692 1837 4699 .

302 4722 433 4824 Pape,
451 4746 557 4795 come
577 4719 673 4796 celas
693 4746 824 4824 queso
843 4717 948 4795 faites
968 4747 1015 4796 eu
1036 4717 1220 4824 prejudici
1242 4718 1304 4795 del
1324 4719 1381 4796 dit
1395 4719 1518 4795 ordre.

378 4851 510 4940 «Item,
525 4877 752 4955 propousam
766 4877 841 4957 que
852 4850 920 4926 nul
930 4848 1027 4927 frere
1044 4849 1105 4928 del
1121 4849 1176 4926 dit
1191 4850 1302 4926 ordre
1319 4850 1380 4927 (161
1400 4850 1557 4955 Temple
1577 4877 1654 4925 non
1670 4864 1737 4951 pot

406 5007 512 5050 PROCES
534 5007 586 5050 m
607 5007 851 5051 meusne-1.
1592 5005 1629 5044 22
