4080 6052
526 581 599 656 aaa
916 566 1113 660 moces
1138 582 1232 657 nus
1257 583 1559 659 rrurmuas.

527 725 670 815 misias,
692 752 784 830 quas
799 725 1039 805 assumebant
1057 725 1162 804 unde
1180 724 1377 816 volebam
1395 727 1443 803 de
1469 725 1585 803 modo
1608 723 1846 828 recepoionis
1860 750 1955 803 -non

527 855 717 932 audebant
728 853 832 961 loqui
847 855 945 934 inter
957 884 1014 952 se,
1032 874 1070 934 et
1085 856 1150 961 qui
1161 855 1417 946 revellassent,
1432 856 1490 932 vel
1506 871 1648 932 secreta
1665 853 1943 960 capituliorum,

528 985 648 1063 credit
666 985 769 1089 quod
784 986 995 1063 amisissent
1005 986 1191 1064 habitum.
1205 986 1391 1092 Receptor
1405 1013 1496 1064 suus
1510 985 1678 1092 precepit
1695 984 1731 1060 ei
1747 983 1849 1090 quod
1864 1012 1941 1062 non

527 1112 770 1192 confiteretur
792 1115 864 1192 nisi
884 1116 1140 1194 sacerdotibus
1160 1114 1317 1205 ordinis,
1339 1117 1378 1191 in
1397 1117 1617 1221 recepcione
1637 1142 1721 1202 sua,
1743 1113 1849 1220 quod
1864 1140 1940 1192 non

527 1244 698 1336 servavit,
719 1273 806 1321 nam
831 1264 962 1353 quarta
988 1249 1049 1324 die
1073 1263 1159 1354 post
1184 1247 1446 1352 recepcionem
1466 1274 1573 1324 suam
1593 1243 1666 1322 fuit
1690 1243 1943 1322 confessusde

528 1375 706 1481 predictis
719 1375 910 1454 erroribus
919 1377 1024 1454 fratri
1033 1377 1181 1454 Andree
1196 1375 1244 1455 de
1253 1377 1358 1454 Bella
1370 1377 1511 1455 Petrica
1523 1376 1704 1484 gardiano
1714 1375 1875 1453 fratrum
1885 1377 1946 1453 Mi·

528 1533 664 1583 norum
680 1505 727 1580 de
741 1503 896 1583 Abbatis
910 1509 1018 1597 Villa,
1035 1508 1227 1614 quondam
1245 1507 1285 1582 in
1301 1508 1442 1615 capella
1457 1508 1594 1587 domus
1607 1506 1760 1613 Templi
1782 1506 1831 1583 de
1842 1506 1943 1584 Bello

527 1637 638 1716 Vissu
661 1633 922 1714 Ambianensis
945 1638 1119 1726 diocesis,
1141 1637 1207 1745 qui
1232 1636 1326 1713 dixit
1345 1639 1378 1713 ei
1402 1638 1508 1743 quod
1531 1639 1571 1713 in
1590 1636 1733 1745 grande
1753 1654 1940 1744 peccatum

529 1767 732 1858 incurerat,
755 1785 794 1844 et
812 1767 971 1845 absolvit
986 1794 1091 1856 eum
1118 1766 1291 1872 imposita
1314 1768 1384 1843 sibi
1406 1768 1615 1873 penitencia
1632 1765 1742 1873 quod
1760 1766 1942 1874 jejunaret

529 1923 730 2003 perunum
746 1925 886 1975 annum
907 1899 1053 2004 inpane
1074 1914 1112 1974 et
1129 1925 1240 2002 aqua,
1257 1897 1367 1973 sextis
1386 1895 1504 1991 seriis,
1520 1897 1626 2004 quod
1647 1913 1686 1973 et
1709 1894 1809 1973 fecit.
1823 1895 1942 2003 Negli-

532 2042 663 2131 gentes
687 2024 842 2103 luerunt
865 2029 1059 2132 quianon
1081 2043 1323 2103 correxerunt
1346 2053 1506 2114 errores,
1532 2055 1602 2103 nec
1629 2026 1945 2103 denunciaverunt

531 2154 712 2245 Ecclesia
728 2156 932 2233 elemosine
949 2156 1280 2264 restringebantur,
1300 2156 1530 2262 hospitalitas
1545 2157 1814 2233 convenienter
1832 2184 1945 2233 serra·

530 2285 643 2361 batur
656 2287 782 2391 quoad
794 2288 1052 2394 recepcionem
1065 2287 1254 2365 bonorum
1269 2288 1453 2376 virorum3
1469 2287 1640 2393 capitulis
1656 2315 1737 2364 non
1747 2287 1946 2364 intererant

532 2414 602 2491 nisi
613 2414 745 2492 fratres
756 2416 915 2506 ordinis,
929 2435 966 2494 et
975 2435 1083 2523 porte
1094 2416 1245 2522 capituli
1260 2415 1522 2507 firmabantur3
1536 2417 1642 2523 quod
1655 2444 1818 2523 magnus
1827 2417 1947 2526 Magis

531 2565 685 2623 tarcum
702 2565 886 2624 conventu
899 2547 1111 2637 ordinabat,
1127 2546 1259 2625 fuisset
1272 2565 1473 2640 servatum,
1486 2565 1529 2625 ut
1542 2548 1678 2638 credit,
1694 2548 1734 2624 in
1748 2549 1899 2635 ordine3
1913 2563 1949 2622 et

534 2668 711 2753 commoti
732 2693 821 2752 sunt
841 2695 969 2753 contra
993 2678 1166 2754 ordinem
1197 2677 1322 2784 magni
1341 2678 1410 2753 viri
1438 2695 1592 2783 propter
1618 2705 1765 2755 errores
1792 2706 1866 2783 que
1890 2704 1948 2753 or-

536 2805 614 2881 dini
636 2805 907 2910 imponuntur;
931 2824 969 2883 et
987 2807 1106 2884 credit
1126 2807 1232 2913 quod
1251 2807 1379 2884 illicita
1399 2807 1446 2884 de
1471 2806 1610 2914 quibus
1632 2807 1805 2913 deposuit
1824 2822 1946 2883 essent

535 2952 623 3011 nota
649 2934 826 3013 fratribus
850 2938 1004 3028 ordinis,
1026 2938 1185 3015 sednon
1205 2938 1405 3031 extraneis,
1433 2938 1553 3015 credit
1575 2938 1683 3044 quod
1710 2937 1878 3043 Magister
1907 2951 1946 3013 et

536 3064 599 3140 alii
616 3063 773 3142 confessi
791 3065 932 3145 fuerint
951 3068 1092 3147 multos
1111 3096 1257 3145 errores
1271 3085 1400 3145 contra
1412 3068 1601 3161 ordinem,
1623 3068 1744 3145 nescit
1758 3095 1863 3174 quos.

593 3195 808 3302 Requisitus
842 3199 871 3275 si
904 3199 956 3275 sic
984 3200 1210 3305 deposuerat
1246 3226 1373 3304 prece,
1400 3215 1595 3305 precepto,
1625 3198 1779 3285 timore,
1806 3223 1948 3284 amore,

539 3323 638 3412 odi0,
652 3326 711 3402 vel
726 3330 921 3432 temporali
936 3331 1095 3407 comodo
1109 3330 1238 3408 habito
1250 3331 1308 3406 vel
1320 3329 1509 3418 habendo,
1527 3328 1721 3437 respondit
1737 3328 1842 3432 quod
1857 3354 1949 3414 non,

538 3455 603 3531 sed
631 3484 699 3560 pro
724 3460 877 3535 veritate
910 3462 1086 3553 dicenda;
1111 3462 1170 3536 cui
1203 3460 1276 3536 luit
1304 3461 1517 3567 injunctum
1547 3489 1615 3566 per
1638 3459 1752 3534 dictos
1774 3456 1949 3531 dominos

540 3588 830 3675 commissarios,
852 3591 891 3664 in
915 3592 1049 3667 virtute
1070 3591 1275 3697 juramenti
1297 3593 1442 3697 prestiti
1462 3620 1531 3696 per
1549 3590 1725 3672 eundem,
1746 3584 1850 3692 quod
1870 3611 1950 3660 non

463 3714 467 3719 ’
540 3717 718 3792 revelaret
743 3720 839 3795 hanc
864 3749 969 3796 suam
995 3722 1277 3826 deposicionem
1301 3750 1500 3828 quousque
1529 3719 1783 3798 attestaciones
1810 3713 1954 3791 luerint

540 3846 738 3951 publicato.

596 3978 685 4053 Acta
706 3976 861 4054 suerunt
884 3980 955 4056 hec
979 3981 1041 4058 die
1064 3999 1101 4057 et
1120 3981 1203 4058 loco
1229 3982 1417 4088 predictis,
1446 3979 1684 4088 presentibus
1702 3977 1952 4055 Floriamonte

542 4125 578 4182 et
609 4106 690 4184 aliis
720 4109 875 4186 notariis
907 4140 1017 4216 supra
1047 4112 1183 4189 ultimo
1218 4113 1436 4202 nominatis,
1469 4110 1635 4218 prelatus
1667 4137 1756 4185 vero
1787 4108 1954 4215 magister

542 4236 703 4315 Amisius
724 4240 895 4318 interfuit
916 4243 1183 4321 examinacioni
1209 4244 1298 4321 dicti
1323 4243 1444 4321 fratris
1469 4241 1622 4333 Alelini,
1649 4268 1728 4349 quo
1754 4239 1954 4316 examinato

542 4387 704 4446 recessrt.

599 4630 688 4704 Post
697 4632 783 4716 hec,
798 4633 858 4709 die
872 4634 1065 4726 Mercurii,
1086 4635 1338 4713 incrastinum
1354 4634 1631 4714 Purificacionis
1647 4632 1758 4709 beate
1778 4632 1910 4720 Mario,
1926 4654 1957 4704 ιιι

545 4756 719 4834 videlicet
739 4761 800 4835 die
821 4768 959 4842 mensis
974 4766 1187 4858 Februarii,
1210 4787 1465 4846 convenerunt
1484 4768 1523 4842 in
1544 4765 1642 4842 dicta
1664 4765 1782 4841 domo
1808 4761 1956 4838 fratrum

546 4886 735 4965 Minorum
767 4892 924 4995 predicti
950 4897 1095 4973 domini
1123 4900 1398 4978 Lemovicensis
1422 4917 1460 4977 et
1477 4895 1709 4976 Mimatensis
1734 4892 1898 4999 episcopi
1920 4903 1957 4964 u
