4080 6052
691 514 886 608 proces
913 533 1008 605 nes
1034 535 1335 608 rrurnmns.
1676 539 1720 614 ar
1797 556 1800 561 ·

307 675 527 757 eorumdem
548 673 790 754 dominorum
816 673 1175 764 commissariorum,
1198 691 1236 752 et
1254 676 1457 782 requisitus
1479 705 1549 783 per
1572 681 1725 758 eosdem

306 806 345 891 si,
355 804 502 883 volebat
519 805 663 882 dictum
683 803 858 882 ordinem
879 802 1098 891 defendere,
1116 804 1209 881 dixit
1227 806 1333 912 quod
1352 805 1505 884 nolebat
1524 805 1726 885 defendere

306 962 409 1028 eum,
435 952 473 1014 et
492 934 523 1012 si
538 933 709 1040 magistri
727 932 904 1011 volebant
925 932 1129 1014 defendere
1156 963 1245 1012 eum
1267 926 1374 1042 quod
1399 935 1616 1043 defendant,
1640 937 1728 1044 quia

304 1063 471 1145 nonfuit
488 1063 528 1140 in
548 1062 682 1142 ordine
693 1065 778 1140 ante
798 1064 1013 1169 capcionem
1030 1092 1163 1141 eorum
1183 1064 1255 1142 nisi
1274 1094 1344 1172 per
1360 1094 1496 1144 novem
1508 1063 1669 1158 menses,
1692 1082 1728 1143 et

304 1193 385 1273 vult
397 1217 633 1304 perseverare
649 1194 688 1270 in
704 1192 936 1272 confessione
952 1203 1066 1301 qnam'
1087 1193 1174 1271 fecit
1189 1223 1315 1272 coram
1331 1197 1505 1303 episcopo
1518 1197 1725 1275 Parisiensi.

364 1452 453 1531 Post
464 1454 535 1529 hec
557 1450 669 1529 frater
689 1449 919 1530 Guillelmus
937 1451 1114 1541 Boscelli,
1138 1452 1323 1529 adductus
1343 1453 1391 1529 ad
1410 1453 1641 1559 presenciam
1666 1481 1730 1531 eo-

306 1583 483 1659 rumdem
504 1581 746 1660 dominorum
766 1583 1130 1671 commissariorum,
1153 1598 1191 1658 et
1210 1581 1413 1688 requisitus
1434 1610 1504 1692 per
1529 1608 1593 1659 eos
1614 1582 1643 1658 si
1667 1611 1730 1660 vo-

306 1709 407 1789 lebat
427 1712 569 1790 dictum
592 1712 766 1789 ordinem
792 1711 1013 1804 defendere,
1042 1712 1135 1788 dixit
1162 1713 1268 1817 quod
1288 1728 1367 1788 erat
1385 1739 1529 1818 pauper
1552 1712 1669 1788 homo
1693 1731 1731 1790 et

307 1858 450 1947 captus,
468 1859 507 1919 et
523 1841 629 1948 quod
643 1868 721 1918 non
736 1858 792 1918 est
806 1840 980 1932 clericus,
1000 1859 1038 1919 et
1053 1843 1158 1949 quod
1173 1870 1250 1918 non
1264 1857 1391 1948 posset
1404 1869 1493 1918 eum
1509 1840 1727 1930 defendere,
1783 1887 1786 1892 ·

307 1988 345 2061 et
358 1973 465 2078 quod
484 1971 515 2049 si
535 1987 634 2050 essct
652 1988 753 2048 extra
770 1972 992 2079 prisionem,
1015 1972 1178 2051 libenter
1198 1971 1340 2050 diceret
1357 1972 1567 2062 veritatem,
1584 1971 1615 2049 si
1633 1988 1732 2078 pete

307 2116 412 2177 retur
431 2101 477 2178 ab
498 2079 559 2190 eo,
582 2119 620 2179 et
636 2103 763 2209 quoad
782 2131 883 2179 nunc
902 2131 980 2180 non
999 2102 1080 2179 vult
1100 2102 1243 2211 aliquid
1262 2102 1403 2192 dicere,
1422 2119 1459 2179 et
1480 2102 1585 2208 quod
1602 2118 1674 2179 stat
1691 2103 1731 2178 in

309 2228 540 2310 confessione
563 2259 677 2338 quam
695 2229 784 2309 fecit
802 2260 928 2310 coram
954 2233 1129 2338 episcopo
1152 2232 1366 2322 Parisiensi,
1392 2232 1574 2339 quamdiu
1599 2232 1730 2310 erit'in

309 2386 487 2464 prisione.

365 2621 453 2696 Post
467 2620 551 2697 ,hec
574 2617 688 2696 frater
713 2619 888 2696 Nicolaus
913 2621 960 2696 de
979 2617 1099 2707 Cella,
1127 2619 1312 2696 adductus
1338 2621 1385 2696 ad
1409 2620 1640 2725 presenciam
1670 2648 1733 2699 eo—

309 2750 485 2828 rumdem
503 2749 746 2828 dominorum
767 2749 1126 2839 commissariorum,
1150 2765 1187 2825 et
1209 2748 1414 2856 requisitus
1432 2777 1501 2855 per
1527 2777 1592 2827 eos
1615 2751 1645 2827 si
1669 2779 1733 2829 vo-

309 2868 410 2957 lebat
435 2879 578 2956 dictum
607 2879 780 2956 ordinem
809 2878 1030 2971 defendere,
1058 2878 1254 2985 respondit
1283 2880 1388 2986 qnod
1417 2895 1496 2957 erat
1524 2907 1668 2986 pauper
1697 2898 1734 2957 et

310 3025 452 3116 captus,
475 3026 513 3087 et
537 3009 824 3118 quodnesciret
840 3039 910 3087 nec
928 3025 1056 3114 posset
1074 3037 1163 3087 eum
1189 3007 1392 3088 defendere
1401 3054 1416 3096 ,·
1428 3025 1466 3086 et
1490 3010 1596 3116 quod
1615 3009 1646 3086 si
1665 3010 1734 3086 sci-

309 3156 373 3216 ret
388 3156 426 3216 et
441 3156 578 3243 posset,
601 3138 763 3216 libenter
782 3168 871 3216 eum
891 3138 1126 3228 defenderet,
1148 3138 1216 3217 sed
1234 3138 1388 3217 nolebat
1407 3128 1496 3216 eum
1516 3137 1737 3230 defendere,

310 3269 399 3376 quia
427 3295 503 3344 non
526 3285 661 3374 posset.
686 3271 781 3346 Item
801 3270 1052 3376 interrogatus
1082 3269 1113 3346 si
1137 3267 1288 3346 volebat
1320 3295 1555 3376 perseverare
1582 3269 1622 3345 in
1645 3295 1734 3345 con·

309 3397 469 3480 fessione
489 3427 557 3476 sua
576 3427 645 3504 per
666 3426 755 3477 eum
776 3399 870 3477 facta
894 3427 1020 3476 coram
1041 3399 1197 3476 domino
1217 3399 1413 3477 Parisiensi
1434 3398 1623 3504 episcopo,
1642 3397 1734 3475 dixit

309 3528 414 3635 quod
432 3528 500 3616 sic,
522 3527 705 3634 quamdiu
723 3528 884 3634 placebit
901 3528 985 3607 Deo
1006 3547 1044 3607 et
1061 3528 1170 3606 beate
1190 3528 1306 3607 Marie
1325 3528 1480 3635 Virgini.

364 3791 454 3866 Post
468 3791 540 3867 hec
552 3791 737 3869 adductus
750 3790 863 3869 frater
881 3791 1070 3868 Johannes
1081 3790 1129 3866 de
1139 3791 1283 3879 Furno,
1299 3789 1388 3866 alias
1402 3789 1450 3866 de
1459 3785 1673 3874 Tortavilla,
1686 3785 1735 3863 ad

309 3917 542 4022 presenciam
569 3921 790 3998 eorumdem
817 3921 1065 3998 dominorum
1086 3920 1442 4008 commissariorum,
1470 3936 1508 3994 et
1532 3915 1736 4021 requisitus

309 4071 379 4152 per
393 4071 458 4121 eos
475 4044 506 4121 si
521 4043 669 4122 volebat
683 4048 884 4125 defendere
901 4050 1044 4128 dictum
1059 4046 1250 4136 ordinem,
1265 4046 1460 4151 respondit
1477 4045 1581 4149 quod
1596 4045 1737 4123 nolebat

314 4178 459 4282 fatigare
474 4202 552 4253 cnm
571 4175 716 4252 dominis
729 4176 834 4280 Papa
847 4191 883 4255 et
894 4178 989 4281 Repe
1003 4178 1232 4253 Francorum.
1243 4175 1291 4250 Et
1306 4173 1393 4252 dicti
1409 4172 1551 4251 domini
1567 4173 1735 4252 commis

312 4306 397 4384 sarii
410 4304 585 4382 dixerunt
603 4304 650 4392 ei,
671 4305 777 4411 qnod
791 4323 961 4383 nouerat
974 4304 1119 4412 litigare
1140 4331 1225 4380 cum
1240 4305 1337 4409 Papa
1357 4321 1394 4382 et
1412 4306 1524 4411 Rege,
1550 4304 1733 4411 quianon

312 4432 495 4513 faciebant
513 4435 552 4512 in
570 4436 643 4512 hoc
661 4452 823 4540 partem,
845 4435 913 4512 sed
939 4436 1063 4514 solum
1081 4431 1256 4512 volebant
1281 4430 1385 4541 quod
1411 4424 1545 4511 veritas
1564 4432 1731 4519 sciretur,

314 4581 353 4642 et
372 4581 477 4641 erant
494 4564 736 4643 commissarii
756 4565 902 4643 domini
917 4567 1015 4674 Pape
1029 4583 1068 4644 et
1082 4591 1159 4642 non
1179 4564 1322 4643 domini
1337 4565 1461 4673 Regis,
1476 4564 1542 4671 qui
1558 4562 1733 4641 dominus

314 4696 411 4802 Papa
433 4722 476 4773 ex
494 4693 616 4773 officio
635 4724 705 4774 suo
727 4697 881 4774 mandat
899 4698 983 4775 sciri
1007 4692 1206 4775 veritatem
1220 4697 1269 4773 de
1288 4687 1451 4804 objectis
1462 4694 1586 4773 ordini
1605 4722 1733 4802 supra·

319 4824 425 4904 dicto.
448 4825 543 4903 Item
561 4825 812 4936 interrogatus
829 4845 960 4907 utrum
988 4826 1102 4906 vellet
1128 4826 1339 4906 defendere
1365 4824 1507 4906 dictum
1538 4826 1729 4912 ordinem,

399 4960 503 5025 raocts
524 4983 578 5026 nrs
599 4984 850 5029 retrusus-1.
1218 4968 1222 4975 “
1585 4962 1603 5025 6
