4148 6052
713 509 911 601 enocts
931 528 1031 601 nus
1055 528 1353 602 esurimus.
1667 533 1740 605 sss

324 691 422 759 eate3
446 689 483 750 et
503 688 559 748 est
575 670 772 747 sciendum
792 669 897 777 quod
918 669 1041 746 dictus
1058 669 1165 745 testis
1186 686 1264 744 erat
1283 670 1472 746 laborator
1483 671 1522 745 in
1533 671 1683 761 ordine,
1699 675 1742 749 si·

324 820 388 879 cut
405 802 514 889 dixit,
538 817 577 877 et
592 799 790 877 videbatur
802 800 1012 886 essehomo
1029 800 1118 875 satis
1136 800 1310 905 simplex,
1334 817 1372 877 et
1391 797 1514 876 suerat
1532 797 1739 893 consessus,

323 933 420 1008 sicut
439 931 550 1019 dixit,
573 931 621 1007 de
640 931 820 1036 predictis
842 929 1040 1006 erroribus>
1055 927 1159 1005 sratri
1185 930 1456 1036 PetroSotean
1481 928 1673 1006 deffimcto
1694 930 1742 1007 de

323 1061 456 1138 ordine
476 1061 635 1136 fratrum
653 1060 861 1149 Minorum,
879 1075 1103 1165 potestatem
1125 1076 1217 1135 tunc
1236 1059 1388 1135 habenti
1412 1058 1557 1135 domini
1578 1059 1741 1164 episcopi

323 1191 572 1299 Lingouensis
588 1191 626 1266 in
645 1181 797 1267 eeclesia
812 1189 896 1266 ville
912 1191 959 1266 de
971 1190 1098 1267 Curtis
1112 1190 1284 1297 ejusdem
1303 1189 1461 1267 diocesis
1479 1189 1740 1294 Lingonensis,

324 1321 420 1396 circa
449 1320 661 1397 dimedium
689 1347 832 1396 annum
856 1336 942 1424 post
965 1319 1046 1426 ejus
1066 1321 1343 1425 recepcionem,
1368 1337 1405 1395 et
1428 1319 1629 1423 increpavit
1654 1349 1741 1396 eum
1797 1378 1810 1397 .

323 1449 505 1542 multum,
529 1468 567 1527 et
587 1448 744 1527 absolvit
764 1476 852 1525 eum
871 1449 1044 1555 imposita
1062 1449 1132 1526 sibi
1150 1450 1361 1556 penitencia
1381 1448 1485 1554 quod
1498 1450 1685 1556 jejunaret
1705 1452 1741 1526 in

322 1606 417 1685 pane
443 1597 481 1656 et
504 1609 599 1685 aqua
625 1605 675 1656 ιιι
701 1577 836 1656 diebus
855 1579 1022 1656 Veneris.

378 1841 530 1920 Eisdem
557 1843 617 1919 die
643 1859 682 1919 et
707 1843 791 1919 loco
820 1841 892 1918 fuit
913 1840 1099 1918 adductus
1118 1841 1166 1917 ad
1184 1842 1418 1946 presenciam
1438 1841 1661 1918 eorumdem
1678 1842 1744 1918 do-

324 1973 515 2049 minorum
553 1973 897 2050 commissariorum
933 1970 1048 2048 frater
1079 1970 1295 2050 Gaubertus
1330 1971 1377 2048 de
1414 1972 1509 2049 Silhi
1540 1972 1742 2051 Meldensis

326 2101 500 2193 diocesis,
524 2103 705 2194 serviens,
721 2103 828 2179 testis
845 2101 1117 2208 suprajnratus‚
1142 2119 1187 2181 ut
1207 2102 1416 2209 deponeret
1440 2103 1584 2180 dictum
1608 2132 1741 2194 suum,

326 2249 363 2307 et
381 2249 459 2308 erat
477 2232 599 2320 etatis,
618 2249 663 2308 ut
680 2231 790 2320 dixit,
806 2231 953 2307 circiter
963 2257 1033 2308 xxx
1046 2259 1249 2322 annorum,
1269 2259 1356 2308 cum
1367 2231 1744 2338 quosueratinquisi-

323 2378 423 2445 tum,
455 2380 498 2439 ut
526 2362 633 2454 dixit,
662 2389 730 2467 per
760 2360 959 2437 dominum
991 2358 1209 2466 episcopum
1237 2359 1562 2449 Aurelianensem,
1585 2361 1744 2438 Senonis

323 2492 413 2569 sede
436 2510 604 2581 vacante,
625 2509 663 2571 et
682 2491 877 2568 absolutus
895 2490 1213 2569 et'reconciliatus
1231 2508 1301 2596 pet
1320 2518 1425 2577 eum,
1446 2508 1484 2567 et
1503 2517 1579 2566 non
1600 2488 1745 2567 defere-

324 2621 388 2719 bat
411 2621 632 2700 mantellum
660 2620 820 2711 ordinis,
847 2619 936 2726 quia
961 2635 1086 2697 custos
1106 2620 1262 2729 carceris
1279 2620 1509 2696 Senonensis
1526 2619 1745 2697 abstullerat

324 2754 358 2830 ei
378 2771 463 2859 post
482 2753 695 2859 capcionem
717 2779 843 2840 suam,
861 2766 906 2828 ut
926 2750 1038 2840 dixit3
1056 2749 1212 2827 barbam
1233 2768 1358 2827 autem
1378 2749 1586 2828 voluntarie
1607 2750 1745 2828 lecerat

324 2882 393 2959 sihi
412 2884 505 2960 radi.
525 2883 647 2960 Lectis
667 2899 795 2959 autem
812 2898 850 2957 et
868 2879 1069 2987 diligenter
1085 2878 1157 2956 sibi
1180 2881 1357 2987 expositis
1373 2879 1549 2956 omnibus
1565 2896 1602 2955 et
1615 2880 1745 2987 singu-

324 3010 370 3090 lis
383 3012 566 3099 articulis,
580 3011 775 3117 respondit
787 3010 836 3086 ad
857 3037 939 3096 eos,
955 3009 1127 3115 etprimo
1145 3009 1352 3115 adprimus
1370 3023 1465 3099 rur',
1484 3026 1529 3085 ut
1544 3008 1714 3115 sequitur
1734 3043 1742 3086 ε

324 3140 496 3218 videlicet
515 3170 555 3219 se
573 3141 716 3218 nescire
735 3140 764 3216 si
782 3155 957 3216 contenta
977 3139 1016 3214 in
1037 3139 1201 3216 articulis
1222 3156 1326 3216 erant
1347 3167 1449 3233 vera,
1469 3129 1564 3245 'quia
1585 3167 1662 3217 non
1687 3139 1745 3216 in-

324 3268 504 3347 terfuerat
533 3268 817 3375 recepcionibus
842 3267 1001 3346 fratrum
1034 3269 1178 3346 ordinis
1209 3298 1279 3345 nec
1304 3268 1475 3375 capitulis
1500 3295 1650 3358 eorum;
1677 3269 1744 3345 sed

323 3399 499 3479 credebat
518 3399 623 3508 quod
642 3397 893 3476 communiter
920 3399 1180 3505 reciperentur
1203 3399 1300 3475 sicut
1323 3399 1403 3504 ipse
1428 3397 1549 3474 fuerat
1572 3414 1744 3502 receptus

323 3530 500 3623 Parisius,
519 3531 558 3606 in
575 3557 685 3635 parva
704 3526 844 3634 capella
861 3528 998 3606 domus
1017 3529 1184 3634 Templi,
1203 3557 1320 3634 prope
1337 3545 1499 3617 turrem,
1517 3524 1662 3602 afratre
1682 3528 1743 3603 Jo-

324 3658 447 3736 banne
461 3659 509 3736 de
523 3662 671 3748 Turno,
687 3657 881 3764 quondam
892 3659 1125 3736 thesaurario
1141 3674 1231 3734 tunc
1245 3657 1393 3762 Templi
1412 3655 1645 3742 Parisiensis,
1658 3684 1744 3761 pre-

323 3804 428 3864 sente
459 3787 648 3864 dumtaxat
678 3785 790 3861 fratre
817 3787 970 3865 Nicolao
995 3786 1206 3892 presbitero
1239 3786 1328 3862 dicti
1360 3786 1518 3877 ordinis,
1550 3787 1656 3894 cujus
1681 3813 1743 3861 co-

323 3944 487 4024 gnomen
520 3916 680 4022 ignorat,
712 3916 774 3992 die
796 3916 971 4005 Veneris,
998 3933 1042 3993 ut
1070 3915 1140 3993 sibi
1170 3916 1330 4007 videtur,
1362 3933 1448 3993 ante
1475 3915 1612 3994 festum
1641 3915 1742 3993 beati

325 4046 474 4124 Martini
495 4045 672 4134 estivalis,
694 4044 850 4121 fuerunt
866 4046 1012 4124 circiter
1032 4072 1166 4123 novem
1186 4046 1290 4133 anni,
1309 4046 1402 4122 hora
1421 4046 1586 4151 prandii,
1603 4045 1744 4122 mensis

317 4176 399 4282 jam
418 4176 565 4281 positis,
587 4175 627 4251 in
647 4175 808 4287 modum
834 4174 1122 4282 infrascriptum.
1148 4178 1241 4253 Nam
1264 4204 1350 4251 cum
1367 4175 1542 4281 peciisset
1559 4191 1618 4251 ter
1638 4174 1743 4252 flexis

322 4304 483 4410 genibus
501 4333 637 4410 panem
658 4320 696 4381 et
712 4332 849 4409 aquam
861 4303 1021 4398 ordinis,
1040 4304 1211 4382 fecerunt
1225 4333 1314 4381 eum
1323 4305 1451 4413 jurare
1464 4305 1569 4410 quod
1583 4322 1744 4382 servaret

324 4433 445 4511 bonos
467 4463 557 4511 usus
584 4452 622 4510 et
644 4434 764 4511 bonas
788 4435 1082 4514 consuetudines
1106 4434 1251 4511 ordinis
1272 4451 1310 4512 et
1335 4435 1439 4542 quod
1467 4434 1640 4513 obediret
1661 4462 1746 4541 pre-
1788 4426 1790 4431 ¹

299 4620 304 4627 -
322 4563 442 4668 ceptis
461 4565 700 4669 superiorum
720 4592 878 4642 suorum
897 4565 1052 4644 ordinis.
1075 4566 1123 4642 Et
1143 4564 1340 4671 pecierunt
1357 4565 1405 4641 ab
1424 4595 1470 4644 eo
1488 4566 1518 4643 si
1540 4582 1618 4642 erat
1634 4565 1741 4654 liber,
1849 4567 1855 4578 ’

321 4691 543 4800 conjugatus
561 4693 620 4771 vel
639 4695 852 4786 ordinatus3
871 4697 977 4803 quod
996 4698 1027 4774 si
1046 4697 1130 4776 talis
1148 4713 1262 4783 esset,
1281 4724 1356 4773 non
1376 4697 1586 4803 reciperent
1600 4723 1689 4773 eum
1708 4688 1745 4774 et

323 4839 517 4929 receptum
532 4825 711 4903 dicerent.
723 4827 971 4906 Postmodum
987 4828 1144 4907 tradidit
1157 4824 1228 4906 sibi
1244 4827 1484 4918 mantellum,
1499 4846 1542 4905 ut
1557 4825 1627 4906 sibi
1642 4826 1745 4903 vide-

408 4964 513 5027 raools
535 4984 589 5035 nrt
609 4984 780 5028 murum
791 4985 862 5026 -1.
1303 4984 1308 4994 ·
1574 4965 1614 5031 db
