4080 6052
539 555 611 628 toa
924 530 1119 625 rnocns
1144 548 1239 621 nus
1265 546 1568 620 rnnrmnns.

537 724 684 802 aquam,
706 691 887 770 concessit
906 691 941 769 ei
963 691 1086 769 dictus
1108 705 1290 794 receptor,
1317 687 1365 765 de
1392 715 1469 793 quo
1497 685 1571 766 fuit
1597 685 1770 765 multum
1798 689 1966 794 gavissus

540 830 617 933 ipse
637 824 760 914 testis,
785 822 874 930 quia
900 822 1072 928 sperabat
1095 799 1232 899 salvare
1256 818 1419 897 animam
1445 847 1551 895 suam
1576 817 1616 896 in
1637 817 1742 897 dieto
1764 819 1902 898 ordine
1928 841 1965 900 et

539 958 676 1036 habere
702 954 966 1034 honorabilem
993 953 1133 1030 victum
1159 980 1288 1041 suum3
1314 967 1398 1057 post
1424 978 1498 1057 que
1524 949 1648 1028 dictus
1672 969 1841 1057 receptor
1865 952 1959 1030 fecit

540 1118 631 1165 oum
651 1114 783 1164 vovere
803 1103 841 1162 et
854 1085 983 1192 jurare
1004 1111 1117 1190 super
1142 1081 1332 1189 quendam
1357 1080 1500 1158 librum
1518 1079 1703 1167 clausum,
1729 1081 1834 1187 quod
1856 1081 1957 1160 bene

538 1235 699 1297 servaret
725 1214 950 1294 elemosinas
985 1214 1146 1302 ordinis,
1180 1212 1302 1290 bonos
1332 1239 1423 1289 usus
1446 1228 1485 1288 et
1513 1211 1633 1289 bonas
1665 1213 1958 1291 consuetudines

540 1349 700 1440 ordinis,
721 1347 945 1439 castitatem,
967 1345 1226 1424 obedienciam
1247 1362 1285 1423 et
1303 1345 1424 1422 vivere
1444 1345 1524 1420 sine
1544 1343 1717 1450 proprio,
1739 1361 1780 1423 et
1801 1343 1961 1452 injunxit

541 1481 610 1557 sibi
636 1479 707 1555 sub
729 1478 829 1553 dicto
844 1477 1062 1582 juramento
1082 1476 1186 1581 quod
1205 1502 1283 1554 non
1302 1473 1482 1552 revelaret
1506 1491 1648 1553 secreta
1672 1474 1836 1564 ordinis;
1857 1495 1957 1583 post-

542 1611 700 1685 modum
724 1607 880 1685 tradidit
899 1606 970 1683 sibi
991 1606 1230 1698 mantellum,
1253 1606 1388 1712 etipse
1409 1624 1446 1682 et
1465 1604 1595 1687 fratres
1617 1621 1783 1684 astantes
1802 1605 1953 1684 luerunt

541 1769 628 1815 enm
654 1736 807 1814 osculati
830 1736 867 1811 in
891 1765 972 1825 ore,
993 1737 1238 1842 postmodum
1257 1735 1359 1812 dieto
1384 1751 1576 1840 receptore
1594 1751 1633 1813 et
1654 1734 1740 1812 aliis
1759 1736 1797 1811 in
1815 1737 1946 1814 eadem

540 1868 677 1973 capella
696 1866 997 1958 remanentibus,
1028 1866 1149 1967 dietus
1169 1866 1280 1944 frater
1297 1866 1487 1945 lohannes
1512 1866 1559 1942 de
1583 1866 1843 1958 Merrouville,
1868 1867 1953 1944 del-

540 2000 708 2090 lunctus,
730 1998 841 2075 traxit
860 1998 984 2104 ipsum
1009 2015 1144 2075 testem
1174 1996 1223 2074 ad
1253 2013 1399 2104 partem
1424 1997 1520 2073 intra
1545 1997 1685 2075 dictam
1710 1997 1894 2104 capellam
1919 2000 1956 2075 in

539 2129 703 2235 quodam
735 2128 901 2235 porticu,
932 2145 970 2203 et
999 2128 1167 2233 precepit
1199 2127 1233 2203 ci
1266 2128 1371 2235 quod
1400 2127 1602 2233 abnegaret
1629 2127 1777 2219 Deum,
1810 2147 1848 2207 et
1882 2130 1956 2236 ipsc

540 2261 644 2343 testis
680 2258 875 2363 respondit
907 2256 1011 2363 quod
1049 2257 1122 2335 hoc
1160 2257 1267 2336 nullo
1300 2258 1416 2337 modo
1448 2257 1604 2349 laceret,
1640 2274 1677 2337 et
1707 2276 1804 2336 tunc
1837 2260 1957 2337 dietus

541 2392 653 2468 lrater
676 2389 866 2466 lohannes
891 2387 984 2465 dixit
1007 2388 1042 2464 ci
1067 2389 1171 2493 quod
1194 2389 1267 2465 hoc
1291 2391 1487 2495 oportebat
1517 2419 1585 2467 um
1606 2387 1747 2480 facere,
1765 2392 1858 2497 quia
1879 2411 1955 2469 erat

541 2524 587 2599 dc
615 2521 764 2627 punctis
792 2517 984 2622 religionis
1017 2545 1167 2605 eorum,
1189 2536 1227 2594 et
1252 2520 1357 2625 quod
1387 2519 1529 2598 diceret
1557 2521 1632 2598 hoc
1658 2548 1743 2608 ore,
1770 2521 1861 2598 licet
1883 2552 1955 2601 non

541 2653 666 2741 corde,
689 2666 727 2725 et
748 2666 840 2725 tunc
861 2649 940 2751 ipse
959 2648 1065 2724 testis
1082 2648 1277 2754 abnegavit
1294 2677 1358 2725 ore
1379 2678 1456 2726 non
1481 2653 1607 2727 corde.
1635 2651 1769 2727 Postea
1794 2655 1958 2759 precepit

541 2783 572 2857 ei
602 2779 707 2885 quod
735 2795 887 2884 spueret
916 2807 1029 2884 supra
1051 2779 1239 2883 quandam
1271 2808 1421 2857 crucem
1451 2780 1636 2886 depictam
1666 2781 1706 2857 in
1733 2810 1953 2892 pergameno

540 2911 643 3016 quod
664 2909 766 2986 idem
783 2910 973 2985 lohannes
991 2909 1144 2986 tenebat
1163 2909 1201 2985 in
1223 2937 1337 2985 manu
1353 2939 1437 2997 sua,
1455 2911 1542 3016 quia
1564 2911 1640 2988 boc
1661 2911 1818 2989 debebat
1832 2911 1953 2991 facere

542 3039 752 3116 seeundum
773 3038 870 3115 dicta
890 3054 1026 3141 puncta
1046 3040 1205 3127 ordinis3
1227 3057 1265 3116 et
1288 3039 1367 3146 ipse
1385 3041 1490 3119 testis
1518 3043 1620 3147 spuit
1645 3070 1725 3120 non
1751 3040 1859 3150 supra
1887 3047 1955 3121 sed

537 3170 643 3275 juxta
672 3167 809 3243 dictam
832 3195 982 3243 crucem
1008 3169 1045 3243 in
1075 3187 1191 3256 terra3
1226 3170 1366 3248 deinde
1400 3171 1492 3248 dixit
1526 3174 1560 3248 ei
1593 3174 1716 3280 quod,
1750 3176 1956 3253 secundum

543 3315 681 3405 puncta
713 3297 802 3373 dicti
832 3296 989 3383 ordinis,
1019 3299 1180 3376 debebat
1208 3329 1295 3377 eum
1320 3303 1480 3378 osculari
1503 3304 1543 3378 in
1565 3304 1762 3391 umbilico,
1792 3322 1830 3381 et
1854 3308 1958 3410 quod

543 3445 688 3533 poterat
712 3426 812 3502 licite
839 3426 1071 3543 commisceri
1101 3428 1276 3506 iratribus
1301 3432 1444 3509 ordinis
1472 3451 1510 3510 et
1529 3434 1605 3539 pati
1630 3435 1729 3541 quod
1754 3435 1823 3538 ipsi
1851 3464 1956 3511 com-

546 3559 790 3634 miscerentur
810 3585 894 3632 eum
915 3585 977 3647 ee,
995 3558 1073 3663 ipse
1089 3577 1214 3636 tamen
1236 3591 1310 3638 non
1330 3565 1402 3639 luit
1418 3595 1505 3641 eum
1524 3565 1705 3643 osculatus
1719 3563 1789 3639 nisi
1806 3564 1846 3638 in
1864 3593 1951 3649 ore,

546 3721 612 3764 nec
627 3689 698 3765 luit
712 3715 879 3792 unquam
894 3689 1096 3794 requisitus
1112 3691 1159 3767 de
1174 3691 1274 3770 dicto
1289 3714 1440 3799 peccato
1457 3696 1691 3782 sodomitico,
1704 3723 1773 3771 nec
1787 3695 1958 3802 aliquem

542 3820 752 3927 requisivit,
774 3847 843 3894 nec
861 3821 930 3894 seit
948 3848 1016 3896 nec
1034 3822 1152 3898 credit
1168 3825 1273 3929 quod
1289 3825 1351 3901 alii
1371 3826 1501 3903 iratres
1521 3827 1665 3904 ordinis
1682 3827 1959 3903 committerent

544 3955 688 4028 dictum
708 3967 914 4055 peceatum.
936 3951 1044 4027 Plura
1066 3953 1113 4029 de
1135 3957 1319 4031 contentis
1341 3957 1379 4032 in
1401 3958 1510 4034 dictis
1534 3987 1597 4035 xm
1622 3956 1788 4035 articulis
1809 3957 1903 4033 dixit
1922 3984 1957 4033 se

546 4085 703 4171 nescire,
727 4097 763 4157 et
787 4080 904 4158 flebat
927 4082 1050 4160 dictus
1069 4072 1174 4160 testis
1194 4086 1358 4164 multum
1380 4089 1417 4162 in
1439 4089 1682 4196 deposicione
1702 4117 1786 4175 sua,
1808 4106 1958 4194 propter

543 4217 758 4319 asperitates
773 4241 876 4318 quas,
894 4232 937 4290 ut
953 4213 1112 4305 dicebat,
1131 4217 1359 4295 sustinuerat
1374 4221 1508 4296 stando
1526 4238 1629 4296 tanto
1646 4214 1820 4326 tempore
1836 4236 1957 4326 captus

544 4359 684 4450 quanto
704 4343 825 4420 luerat
845 4345 884 4419 in
904 4344 1036 4422 ordine
1057 4366 1319 4426 commoratus.
1582 4324 1587 4335 Ι

599 4478 712 4560 Item,
748 4503 861 4581 super
887 4501 963 4551 ιιιιιι
996 4492 1034 4551 et
1061 4477 1238 4555 omnibus
1272 4479 1519 4586 sequentibus
1547 4480 1743 4589 respondit
1774 4508 1817 4558 se
1845 4473 1955 4556 nichil

545 4608 636 4680 scire
669 4605 868 4711 ultraque
900 4635 1011 4712 supra
1043 4607 1284 4714 deposuerat,
1313 4611 1386 4687 hoc
1415 4630 1584 4717 excepto,
1618 4613 1723 4718 quod
1756 4613 1843 4719 ipse
1866 4613 1955 4689 bene

546 4733 721 4809 credebat
741 4734 996 4814 ecclesiasticis
1019 4743 1272 4830 sacramentis,
1293 4760 1331 4818 et
1345 4744 1464 4820 credit
1480 4743 1585 4849 quod
1601 4742 1663 4819 alii
1682 4742 1819 4821 iratres
1835 4742 1954 4821 crede·

544 4880 643 4948 rent,
663 4880 701 4938 et
717 4864 820 4968 quod
840 4868 1050 4946 sacerdotes
1071 4899 1203 4948 eorum
1224 4873 1352 4951 debite
1372 4873 1618 4965 celebrarent;
1638 4901 1709 4951 nec
1726 4875 1873 4952 audivit
1887 4870 1954 4948 dici
