4080 6052
302 544 376 615 aaa
679 520 880 615 eaocts
904 539 999 612 nas
1023 488 1328 612 ennemase.

303 682 447 772 Marus,
462 681 514 779 in
539 678 708 785 predicta
728 679 875 785 capella
906 677 1023 755 sancti
1049 677 1199 784 Ellegii,
1229 676 1474 783 presentibus·
1489 703 1554 754 me
1580 675 1724 756 Floria·

302 828 431 888 monte
452 826 491 887 et
509 808 590 887 aliis
608 809 763 886 notariis
783 807 1056 915 suprascriptis,
1079 824 1232 914 excepto
1251 809 1294 885 N.
1316 805 1632 885 deIConstanciis.

359 1072 447 1148 Post
467 1068 552 1156 hec,
575 1068 637 1144 die
658 1069 836 1146 Mercurii
856 1067 1045 1174 sequenti,
1061 1097 1136 1174 que
1161 1066 1233 1144 fuit
1252 1051 1333 1145 dies
1351 1065 1573 1173 penultima
1581 1068 1722 1145 mensis

302 1200 456 1307 Aprilis,
485 1215 738 1276 convenerunt
774 1199 861 1276 dicti
897 1197 1042 1276 domini
1073 1198 1337 1285 commissarii,
1365 1196 1528 1302 exceptis
1558 1195 1721 1275 domitis

304 1330 533 1410 Narbonensi
559 1346 597 1406 et
619 1329 811 1435 Bajocensi
825 1358 948 1435 supra
972 1329 1167 1417 excusatis,
1191 1326 1583 1434 in1predicta1capella'
1607 1328 1720 1406 saneti

304 1460 457 1566 Ellegii,
479 1477 517 1535 et
536 1459 639 1535 venit
662 1438 952 1535 ibidemcoram
973 1460 1042 1550 eis,
1067 1459 1114 1534 ad
1136 1458 1404 1564 deponendum
1425 1457 1572 1533 dictum
1592 1485 1719 1546 suum,

306 1587 545 1666 Guaufredus
568 1586 616 1663 de
635 1587 786 1663 Thatan
806 1586 1036 1667 Turonensis
1057 1587 1231 1676 diocesis,
1249 1586 1481 1690 testissupra
1494 1585 1722 1692 juratustin

306 1717 438 1797 habitu
461 1716 838 1808 seculari,..deserens
860 1717 1136 1824 supertunicale
1162 1717 1209 1794 de
1234 1716 1415 1794 camelino
1439 1715 1548 1822 nigro
1570 1733 1608 1794 et
1624 1715 1724 1793 mni·

307 1877 387 1924 cam
408 1848 455 1925 de
477 1848 626 1924 burello
643 1847 778 1954 grisso,
798 1848 940 1924 habens
957 1846 1112 1923 barbam
1125 1875 1246 1923 rasam
1262 1864 1433 1924 recenter
1452 1863 1492 1923 et
1507 1845 1627 1951 capud
1639 1862 1725 1923 ‘ton-

305 2007 409 2063 sum,
430 1977 496 2083 qui
515 2004 646 2082 ,nuper
660 2003 799 2059 coram,
814 1977 923 2053 dictis
950 1976 1123 2052 dominis·
1139 1975 1401 2052 commissariis
1424 2003 1502 2051 una
1514 2032 1518 2043 .
1532 2002 1621 2059 cum
1644 1973 1724 2051 aliis

306 2106 430 2183 tribus
443 2105 665 2211 supradictis
683 2105 868 2212 abjecerat
885 2106 1106 2183 mantellum
1126 2106 1215 2182 dicti
1232 2106 1389 2195 ordinis,
1405 2132 1577 2182 asserens
1591 2132 1631 2181 se
1644 2130 1723 2181 eme

310 2235 416 2311 etatis
433 2235 593 2340 trigenta
618 2263 804 2311 annorum
826 2235 884 2312 vel
905 2235 1015 2322 circa,
1035 2252 1073 2312 et
1092 2234 1205 2311 luisse
1231 2232 1343 2310 lrater
1369 2233 1460 2309 dicti
1477 2232 1644 2317 eottdinis.
1663 2233 1725 2311 tte

238 2459 241 2466 ¹
307 2366 470 2471 quisitus
493 2391 684 2469 super-1111
701 2349 846 2470 'primis
865 2365 1031 2441 articulis
1053 2365 1101 2440 de
1127 2363 1396 2468 abnegacione,
1419 2379 1512 2450 etc,
1532 2360 1725 2468 respondit

308 2495 549 2575 contentam
573 2494 668 2599 ipsis¹
693 2494 858 2594 articulis
884 2523 964 2571 esse
988 2520 1085 2570 vera.
1104 2493 1321 2598 Requisitus
1345 2493 1392 2570 de
1416 2521 1528 2570 causa
1550 2492 1724 2581 sciemic,

308 2626 503 2730 respondit
520 2624 626 2731 quod
639 2625 719 2729 ipse
737 2624 859 2700 luerat
875 2640 1048 2728 receptus
1060 2623 1099 2698 in
1114 2622 1268 2699 fratrem
1286 2624 1375 2700 dicti
1393 2623 1541 2699 ordinis
1559 2622 1662 2729 apud
1678 2623 1729 2699 in

308 2756 430 2837 sulam
443 2754 644 2841 Bochardi,
655 2754 696 2828 in
711 2753 805 2829 festo
815 2752 1051 2829 Ascensionis
1064 2753 1218 2830 Domini
1234 2753 1396 2844 instanti,
1414 2768 1529 2829 erunt
1543 2779 1607 2829 ser
1621 2750 1726 2839 anni,

306 2912 331 2963 a
358 2882 468 2961 fratre
494 2883 663 2959 ,Iohanne
689 2883 736 2958 de
761 2900 886 2959 sancto
911 2881 1131 2970 Benedicto,
1154 2899 1245 2957 tunc
1272 2899 1491 2987 preceptore
1521 2881 1571 2957 de
1594 2879 1731 2958 insulla

310 3010 511 3097 Bochardi,
528 3039 650 3115 nuper
668 3027 753 3113 post
773 3011 1052 3115 deposicionem
1065 3010 1270 3086 testimonii
1286 3011 1344 3086 sui
1359 3009 1492 3084 factam
1507 3009 1727 3114 imprecanti

311 3138 554 3244 inquisitione
575 3138 752 3215 defuncto
773 3139 873 3243 apud
887 3155 1064 3216 sanctum
1083 3138 1352 3227 clodoaldum,
1374 3166 1543 3216 asserens
1560 3137 1666 3215 idem
1682 3155 1732 3214 te

312 3268 376 3344 stis
398 3268 503 3373 quod
521 3266 713 3372 predictus
733 3265 846 3342 frater
867 3268 1055 3343 Johannes
1081 3267 1249 3371 precepit
1272 3267 1416 3355 eidem,
1438 3267 1660 3371 priusquam
1680 3266 1732 3343 in

312 3398 457 3475 duisset
474 3398 545 3475 sibi
563 3395 785 3473 mantellum
805 3397 964 3488 ordinis,
986 3397 1092 3501 quod
1111 3396 1311 3502 abnegaret
1332 3414 1391 3474 ter
1410 3397 1581 3481 Jhesum,
1605 3393 1731 3471 et'ab—

312 3527 458 3633 negavit
474 3545 544 3615 ter,
567 3543 610 3602 ut
627 3526 721 3602 dixit
741 3555 750 3598 :
769 3527 812 3602 Je
833 3555 935 3632 reney
954 3528 1075 3615 llere,
1094 3531 1136 3631 je
1156 3555 1264 3630 ,reney
1282 3528 1406 3614 these,
1418 3529 1459 3630 je
1479 3550 1582 3627 reaey
1604 3523 1728 3599 llere.

310 3656 557 3734 Postmodum
577 3655 700 3731 dictus
724 3657 921 3759 preceptor
945 3654 1032 3731 lecit
1056 3656 1217 3760 aportari
1242 3656 1444 3762 quamdam
1463 3677 1629 3738 crucem,
1643 3676 1740 3757 pre-⁴

311 3787 451 3892 cipiens
468 3786 596 3867 eidem
614 3785 699 3862 testi
720 3786 825 3889 quod
845 3803 997 3890 spueret
1011 3815 1125 3890 super
1144 3813 1242 3874 eam,
1257 3804 1295 3862 et
1311 3786 1414 3889 spuit
1423 3785 1530 3891 juxta
1544 3809 1730 3871 common

310 3933 438 3993 tamen
456 3915 591 4001 voluit,
616 3932 659 3993 ut
683 3915 792 4005 dixit,
810 3944 944 4020 spuere
963 3944 1075 4021 super
1094 3945 1187 3991 eam.
1210 3916 1427 4021 Requisitus
1444 3943 1514 4019 per
1528 3912 1729 4019 que-verba

310 4046 383 4125 luit
402 4047 579 4127 inductus
600 4046 648 4122 ad
665 4046 877 4122 laciendum
899 4046 1079 4151 predicta,
1100 4063 1138 4121 et
1157 4045 1188 4122 si
1209 4045 1331 4122 dictus
1350 4061 1524 4151 receptor
1547 4041 1729 4133 asserebat

312 4176 382 4257 sibi
407 4177 607 4283 quod·hoc
629 4194 893 4282 assequeretur
912 4177 949 4253 in
973 4177 1044 4255 isto
1066 4176 1193 4253 seculo
1213 4177 1271 4252 vel
1293 4177 1332 4252 in
1352 4176 1424 4252 alio
1444 4174 1612 4279 aliquam
1632 4198 1727 4248 com·

312 4305 548 4396 moditatem,
565 4308 762 4413 respondit
780 4309 885 4414 quod
906 4322 1103 4414 preceptor
1117 4306 1210 4385 dixit
1224 4308 1258 4383 ei
1274 4307 1380 4413 quod
1396 4305 1535 4383 laceret
1550 4301 1724 4408 predicta,

213 4414 218 4422 .
311 4455 455 4514 etcum
480 4438 558 4543 ipse
585 4439 691 4516 testis
713 4437 855 4513 diceret
881 4438 943 4512 ei:
968 4426 1171 4530 Quomodo
1196 4465 1350 4543 possum
1377 4436 1449 4513 hoc
1471 4433 1627 4513 ‚laceret
1646 4429 1725 4509 sub-

308 4567 433 4670 junxit
449 4567 553 4644 idem
575 4585 745 4674 receptor
764 4565 868 4686 quod
890 4567 1086 4648 istaerant
1106 4566 1153 4642 de
1177 4567 1326 4671 punctis
1343 4565 1486 4643 ordinis
1506 4591 1583 4670 que
1605 4579 1645 4639 et
1664 4559 1724 4639 alia

312 4693 407 4768 inlra
418 4695 635 4799 quindecim
653 4699 733 4774 dies
747 4697 964 4773 ostenderet
977 4698 1010 4774 ei
1022 4759 1031 4786 ,
1045 4725 1120 4773 non
1137 4714 1264 4772 tamen
1280 4695 1460 4784 ostendit,
1477 4711 1523 4770 ut
1540 4691 1644 4779 dixit,
1660 4714 1723 4765 nec

314 4823 487 4928 promisit
495 4824 565 4904 sibi
576 4827 680 4931 quod
695 4854 739 4902 ex
755 4828 827 4906 hoc
840 4832 1103 4934 assequeretur
1115 4826 1279 4933 aliquam
1289 4820 1723 4924 commodjtateminpre
