4080 6052
311 582 384 654 oso
696 548 893 642 eneces
919 565 1011 636 uss
1037 562 1338 636 rnurmnns.

310 723 410 798 dicta
423 718 601 795 duntaxat
610 713 649 786 in
660 706 943 814 recepcionihus
956 703 1133 790 aliorum,
1145 703 1233 810 quia
1245 704 1338 780 vidit
1350 703 1569 780 secundum
1583 707 1733 785 modum

311 849 477 928 eundem
503 842 617 948 recipi
636 841 786 917 fratrem
806 833 1114 943 bartholomeum
1135 834 1182 911 de
1206 833 1358 912 Volenis
1382 834 1639 940 Lingonensis
1665 838 1736 916 dio

313 981 424 1067 cesis,
447 972 744 1083 quadrigarium,
767 971 815 1047 de
838 967 945 1074 cujus
969 964 1042 1042 vita
1069 964 1126 1041 vel
1152 981 1273 1042 morte
1297 993 1376 1042 non
1400 965 1523 1042 habet
1548 969 1732 1045 certitudi-

312 1141 425 1199 nem,
464 1108 503 1185 in
535 1104 676 1212 capella
703 1104 840 1179 domus
867 1097 1017 1203 Templi
1046 1097 1093 1172 de
1122 1098 1332 1203 Fontanoys
1361 1096 1463 1174 dicte
1490 1097 1731 1206 lingonensis

313 1240 492 1330 diocesis,
513 1266 581 1344 per
600 1234 751 1311 fratrem
772 1230 1006 1336 Stephanum
1027 1228 1074 1303 de
1094 1227 1160 1304 Gri
1183 1226 1455 1333 presbiterum,
1481 1229 1532 1304 de
1549 1231 1656 1338 cujus
1668 1232 1733 1309 vita

312 1371 371 1449 vel
388 1385 509 1447 morte
531 1395 606 1443 non
630 1364 744 1442 habet
760 1359 1043 1448 certitudinem,
1064 1374 1156 1434 tunc
1176 1375 1438 1462 preceptorem
1459 1357 1562 1435 dicte
1582 1360 1731 1451 domus,

314 1504 430 1579 modo
455 1516 543 1577 sunt
566 1514 728 1602 quatuor
752 1492 839 1568 anni
864 1490 923 1566 vel
950 1489 1062 1576 circa,
1090 1487 1327 1594 presentibus
1350 1486 1536 1565 fratribus
1559 1491 1669 1568 Petro
1689 1493 1732 1568 de

314 1630 506 1710 Chableiis
529 1646 565 1705 et
588 1627 754 1735 quodam
780 1621 953 1728 bergerio
979 1619 1076 1696 dicte
1100 1619 1253 1711 domus,
1279 1618 1388 1726 cujus
1418 1647 1563 1697 nomen
1592 1639 1628 1697 et
1649 1650 1731 1730 cog-

315 1791 456 1839 nomen
477 1761 634 1868 ignorat.
658 1755 875 1861 Requisitus
899 1753 929 1828 si
954 1750 1027 1827 luit
1054 1750 1107 1827 eis
1131 1750 1274 1827 dictum
1299 1749 1358 1827 vel
1382 1769 1600 1856 preceptum
1623 1755 1727 1858 quod

313 1894 450 1969 dictam
471 1890 702 1997 spuicionem
724 1886 888 1961 lacerent
906 1882 945 1958 in
963 1882 1182 1987 despectum
1200 1881 1269 1958 Dei
1292 1880 1350 1956 vel
1365 1879 1489 1958 Jhesu
1504 1882 1658 1971 Christi,
1672 1911 1729 1960 re-

312 2023 464 2129 spondit
481 2019 585 2127 quod
603 2046 690 2093 non.
706 2011 953 2119 Creditquod
969 2038 1101 2089 eorum
1117 2011 1328 2089 sacerdotes
1343 2011 1476 2088 debite
1491 2010 1729 2101 celebrarent,

314 2170 351 2227 et
374 2151 476 2258 quod
506 2149 603 2225 hene
628 2146 825 2221 crederent
852 2141 1106 2219 ecclesiasticis
1127 2141 1379 2219 sacramentis.
1402 2142 1543 2220 Statim
1564 2173 1633 2250 pro
1652 2173 1733 2250 pro·

313 2281 416 2357 fessis
429 2276 672 2355 habebantur.
688 2272 926 2353 Clandestine
937 2272 1226 2378 recipiebantur,
1240 2300 1283 2348 ex
1296 2299 1374 2378 quo
1388 2274 1515 2350 credit
1526 2275 1632 2381 quod
1643 2293 1733 2352 esset

315 2410 477 2516 suspicio
502 2425 630 2485 contra
661 2435 737 2483 eos.
764 2404 905 2480 Juravit
929 2431 1005 2480 non
1030 2401 1193 2479 revelare
1219 2419 1357 2480 secreta
1386 2404 1645 2509 capitulorum
1669 2435 1732 2483 nec

313 2541 469 2617 modum
490 2538 736 2644 recepcionis‚
756 2554 793 2612 et
808 2534 925 2611 credit
937 2533 1041 2640 quod
1056 2533 1119 2609 alii
1135 2534 1237 2610 idem
1247 2533 1438 2640 jurarent,
1456 2554 1497 2613 et
1507 2538 1615 2642 quod
1628 2538 1732 2615 scien

312 2689 369 2747 tes
400 2697 544 2746 errores
572 2666 727 2744 fueramt
745 2664 995 2772 negligentes,
1022 2664 1208 2770 quianon
1228 2682 1476 2741 correxerunt
1496 2694 1564 2743 eos
1584 2696 1651 2744 nec
1670 2667 1732 2744 de·

314 2800 584 2876 nunciaverunt
606 2796 780 2874 Ecclesie.
806 2794 958 2872 Audivit
978 2793 1051 2870 dici
1078 2793 1301 2871 elemosinas
1320 2812 1357 2870 et
1378 2795 1669 2901 hospitalitatem
1689 2799 1728 2872 in

314 2930 500 3036 aliquibus
517 2929 609 3006 locis
621 2928 763 3005 ordinis
777 2924 890 3003 fuisse
910 2924 1111 3015 restrictas,
1130 2942 1168 3001 et
1180 2924 1284 3032 qnod
1298 2952 1430 3001 eorum
1449 2927 1625 3032 capitulia
1636 2927 1727 3004 clam

312 3061 546 3151 tenebantur,
566 3079 604 3137 et
623 3059 727 3167 quod
747 3087 879 3135 eorum
900 3083 1044 3133 errores
1060 3057 1126 3134 diu
1141 3057 1371 3134 duraverunt
1386 3058 1426 3134 in
1445 3059 1601 3148 ordine3
1619 3063 1730 3139 nescit

313 3208 438 3265 tamen
456 3208 596 3296 quanto
616 3207 784 3293 tempore
806 3217 874 3264 nec
898 3187 1076 3294 aquibus
1101 3188 1257 3279 audivit,
1280 3188 1347 3264 sed
1368 3207 1521 3294 reputat
1540 3192 1647 3296 quod
1669 3193 1729 3268 diu

313 3321 501 3407 steteruit,
522 3321 610 3426 qnia
632 3319 784 3394 luerunt
802 3317 854 3393 ibi
875 3318 1005 3394 saltem
1026 3347 1046 3393 a
1064 3336 1234 3424 tempore
1257 3321 1488 3424 recepcionis
1511 3350 1592 3396 sue.
1622 3323 1730 3415 Quod

313 3479 469 3556 magnus
489 3452 662 3558 Magister
682 3479 767 3526 cum
789 3465 973 3523 conventu
994 3451 1196 3537 statuisset,
1218 3448 1364 3542 luisset,
1388 3452 1479 3526 sicut
1496 3452 1631 3539 credit,
1651 3483 1729 3528 ser-

314 3599 438 3657 vatum
464 3583 501 3655 in
526 3582 675 3671 ordine,
703 3598 828 3655 contra
853 3608 968 3684 quem
994 3607 1093 3655 nunc
1119 3580 1271 3687 grandia
1297 3581 1476 3667 scandala,
1504 3582 1666 3685 suspicio
1687 3602 1725 3657 et

313 3711 462 3786 infamia
487 3730 574 3787 sunt
605 3727 739 3786 exorta.
767 3709 984 3788 Confessata
1007 3740 1073 3815 per
1099 3739 1186 3787 eum
1215 3711 1334 3787 credit
1361 3711 1465 3817 quod
1491 3731 1617 3788 essent
1641 3732 1727 3789 nota

312 3842 489 3918 iratribus
510 3841 667 3928 ordinis,
698 3859 824 3916 contra
844 3869 958 3946 quem
985 3840 1125 3916 audivit
1150 3841 1223 3916 dici
1249 3871 1428 3948 magnum
1455 3844 1675 3951 Magistrum
1695 3863 1727 3920 et

312 3973 404 4050 alios
422 3973 567 4077 aliquos
587 4001 749 4060 errores,
770 3974 886 4048 nescit
903 4000 1013 4077 quos,
1037 3972 1151 4048 luisse
1174 3973 1371 4050 confessos.
1396 3975 1601 4051 Obtulerat
1622 4006 1660 4052 se
1685 3976 1727 4050 ad

312 4104 584 4180 deffensionem
605 4103 762 4190 ordinis,
785 4104 883 4178 malo
901 4101 1036 4177 ductus
1053 4103 1225 4194 consilio,
1249 4104 1339 4180 alios
1360 4107 1570 4212 sequendo.
1675 4166 1678 4173 .

247 4302 250 4308 .
366 4237 438 4310 Nec
458 4234 510 4309 sic
530 4234 703 4338 deposuit
720 4262 844 4336 prece,
867 4250 1060 4337 precepto,
1080 4234 1234 4322 timore,
1260 4265 1404 4322 amore,
1427 4237 1535 4328 odio,
1558 4239 1617 4314 vel
1637 4258 1726 4315 tem·

309 4365 426 4466 porali
443 4367 643 4440 commodo
669 4364 797 4439 habito
814 4363 871 4438 vel
890 4362 1076 4440 habendo.
1096 4364 1166 4441 Cui
1188 4365 1260 4440 luit
1280 4367 1494 4472 injunctum
1521 4368 1628 4474 quod
1655 4398 1724 4446 non

309 4495 486 4571 revelaret
510 4497 604 4571 hanc
630 4523 734 4570 suam
769 4493 1047 4597 deposicionem
1074 4522 1272 4600 quousque
1299 4499 1564 4574 attestaciones
1592 4500 1725 4576 fuerint

308 4621 504 4721 publicate.

365 4750 451 4827 Acta
470 4753 623 4828 suerunt
637 4756 705 4829 hec
725 4754 831 4829 dictis
851 4752 912 4829 die
933 4771 971 4828 et
992 4754 1089 4844 loce,
1112 4755 1349 4858 presentibus
1369 4758 1549 4863 magistro
1568 4760 1719 4843 Amisio,

307 4909 367 4955 me
389 4881 637 4983 Floriamonte
658 4883 876 4971 Dondedei,
907 4902 944 4960 et
962 4884 1042 4961 aliis
1057 4886 1210 4962 notariis
1226 4915 1336 4990 supra
1356 4887 1496 4966 ultimo
1514 4893 1718 4969 nominatis.
