4080 6052
311 522 383 594 roo
693 498 890 592 procus
914 515 1010 589 nus
1037 489 1340 589 usurarias

309 657 490 767 pitulum,
511 655 604 735 vidit
619 652 723 743 idem
748 657 870 764 capud
889 655 1074 762 apportari
1094 654 1133 731 in
1153 653 1226 730 alio
1246 652 1425 760 capitulio
1445 681 1605 746 eorum,
1626 661 1732 766 quod

310 789 465 868 tenebat
482 786 644 865 Parisius
665 787 786 865 dictus
804 786 917 863 frater
937 782 1127 867 Gerardus
1138 783 1203 860 ¹vel
1221 782 1336 861 frater
1352 785 1464 892 Hugo
1482 787 1532 863 de
1544 787 1729 879 ‚Peraldot

310 922 378 998 sed
397 920 514 1026 magis
534 919 653 996 credit
671 920 775 1024 quod
794 934 986 994 teneretur
1010 944 1030 992 a
1050 915 1150 992 dicto
1169 913 1282 992 tratre
1303 916 1498 1008 Gerard03
1518 918 1584 995 sed
1607 923 1728 1001 nescit

310 1051 394 1158 quis
409 1051 615 1158 apportavit
630 1049 774 1126 dictum
792 1048 929 1153 capud,
949 1063 987 1142 et
1000 1044 1233 1135 immediate,
1251 1046 1434 1153 cumipse
1452 1048 1560 1125 testis
1575 1049 1725 1130 vidisset

313 1183 455 1260 dictum
480 1178 618 1283 capud,
645 1178 798 1255 recessit
816 1178 864 1255 de
889 1177 990 1253 dicto
1010 1174 1187 1281 capitulio
1207 1203 1455 1283 prepropere,
1481 1181 1640 1258 necsoit
1654 1212 1723 1261 nec

314 1312 456 1390 audivit
474 1310 579 1418 quod
601 1308 675 1386 luit
696 1308 748 1386 ibi
772 1307 911 1387 factum
932 1306 1118 1412 decapite
1138 1307 1327 1411 predicto,
1349 1334 1421 1385 nec
1439 1309 1660 1389 recordatur
1680 1314 1723 1391 de

310 1442 384 1520 hiis
398 1441 462 1548 qui
479 1439 683 1517 adfuerunt
699 1438 876 1544 capitulio
894 1436 1119 1553 supradicto.
1132 1437 1348 1541 Requisitus
1364 1437 1395 1514 si
1414 1437 1539 1517 dictus
1552 1442 1724 1550 magister
1769 1486 1772 1491 ·

310 1573 377 1679 qui
395 1568 548 1648 tenebat
566 1568 791 1674 capitulum,
812 1586 850 1646 et
866 1567 999 1645 fratres
1019 1566 1086 1672 qui
1105 1565 1277 1653 aderant,
1293 1588 1578 1647 assurrexerunt
1596 1571 1655 1649 vel
1670 1571 1724 1650 le·

311 1719 443 1779 cerunt
470 1700 721 1779 reverenciam
742 1698 851 1796 *dicto
878 1696 1003 1804 capiti,
1026 1696 1177 1804 quando
1202 1714 1443 1814 apportatum
1464 1699 1534 1777 fuit
1556 1702 1722 1780 addicta

241 1901 244 1904 ,
311 1832 501 1939 capitulia,
521 1830 715 1936 respondit
733 1829 838 1936 quod
856 1857 945 1906 non
957 1828 1174 1934 Requisitus
1193 1828 1233 1904 in
1250 1857 1327 1934 quo
1344 1829 1423 1908 fuit
1439 1831 1583 1910 dictum
1601 1833 1723 1940 capud

310 1980 537 2070 aportatum,
559 1960 754 2067 respondit
771 1961 876 2066 quod
901 1987 977 2036 non
1000 1958 1099 2036 bene
1123 1959 1413 2053 recordabatur,
1433 1964 1505 2040 sed
1522 1964 1672 2042 videtur
1690 1966 1722 2042 ei

309 2095 415 2200 quod
429 2107 665 2197 apportatum
679 2089 752 2166 luit
764 2090 804 2166 in
819 2089 985 2195 quodam
1000 2088 1163 2178 sacculo,
1177 2117 1246 2165 nec
1260 2090 1392 2167 recolit
1406 2091 1440 2169 si
1454 2110 1535 2170 erat
1547 2123 1722 2202 magnum

311 2225 407 2301 sicut
424 2220 545 2329 capud
559 2221 745 2310 hominis,
764 2236 801 2295 et
815 2218 846 2295 si
862 2236 943 2296 eret
955 2216 1191 2304 metallinam
1206 2219 1266 2295 vel
1280 2220 1469 2327 ligneum,
1485 2223 1548 2301 vel
1562 2224 1721 2301 hominis

309 2352 469 2443 mortui,
491 2350 579 2458 quia
598 2367 675 2426 no'n
699 2348 887 2454 impressit
907 2347 1178 2455 ymaginacioni
1199 2376 1278 2425 sue.
1299 2350 1357 2428 De
1378 2349 1461 2427 aliis
1483 2354 1721 2435 contentisiu

311 2484 419 2562 dictis
436 2481 601 2559 articulis
619 2479 712 2556 dixit
727 2507 767 2556 se
785 2478 889 2556 aliud
908 2478 1062 2554 nescire.
1281 2560 1287 2572 .

365 2616 476 2701 Item,
498 2612 546 2728 ad
565 2637 650 2688 uv111
675 2626 712 2686 et
730 2635 770 2685 ιιι
791 2625 991 2714 sequentes
1018 2608 1216 2711 respondit
1243 2607 1349 2715 quod
1373 2608 1412 2685 in
1439 2638 1578 2690 eorum
1602 2643 1722 2722 recep

309 2745 416 2821 cione
443 2740 720 2849 precipiebatur
744 2738 797 2815 eis
822 2737 927 2843 quod
952 2739 1120 2844 jacerent
1148 2766 1236 2813 cum
1254 2737 1389 2842 pannis
1411 2739 1541 2835 lineis,
1560 2762 1597 2821 et
1618 2744 1719 2849 quod

309 2874 548 2978 cingerentur
573 2897 649 2946 una
677 2867 850 2957 cordula,
873 2867 941 2944 sed
969 2866 1089 2950 nescit
1119 2867 1224 2973 quod
1250 2867 1348 2944 dicta
1375 2869 1533 2964 cordula
1556 2888 1719 2979 tangeret

310 3001 432 3105 capud
451 2999 669 3107 ydolorum,
688 3015 725 3075 et
739 2999 807 3075 scit
822 2998 925 3105 quod
942 2997 1004 3077 ille
1021 3025 1113 3103 quas
1133 2997 1212 3103 ipse
1228 2998 1406 3103 portavit,
1426 3029 1506 3079 non
1519 3001 1719 3109 tetigerunt

310 3128 464 3235 aliquod
489 3129 608 3235 capud
630 3128 749 3234 ydoli,
774 3144 811 3202 et
836 3127 1008 3233 portabat
1025 3155 1108 3203 eam
1134 3128 1173 3203 in
1201 3128 1350 3237 signum
1371 3131 1565 3221 castitatis,
1590 3151 1633 3210 ut
1654 3133 1719 3211 sibi

309 3259 468 3337 videtur.
1462 3290 1465 3295 ⁴

364 3391 474 3477 Item,
493 3389 540 3465 ad
560 3409 632 3467 tau
653 3409 690 3466 et
708 3416 841 3470 ιιιιιιιιιιι
859 3406 1058 3495 sequentes
1076 3390 1286 3495 respondit,
1306 3408 1474 3496 utsupra
1492 3390 1649 3480 dixerat,
1675 3422 1715 3469 se

308 3519 459 3595 credere
475 3519 580 3625 quod
595 3518 833 3596 uniformiter
845 3520 1100 3626 reciperentur
1109 3518 1239 3596 fratres
1254 3521 1393 3627 ubique
1403 3520 1440 3593 in
1453 3518 1552 3594 dicto
1563 3520 1713 3609 ordine,

309 3669 345 3727 et
364 3650 573 3727 secundum
594 3650 752 3727 modum
770 3678 839 3755 per
857 3679 973 3757 quem
990 3651 1081 3726 dixit
1100 3650 1268 3727 saluisse
1289 3666 1476 3758 receptum
1495 3666 1533 3725 et
1552 3649 1645 3727 alios
1662 3680 1718 3727 re·

307 3781 463 3887 cepisse,
487 3797 522 3856 et
543 3807 587 3855 ex
601 3779 816 3885 juramento
835 3781 1061 3857 tenebantur
1081 3807 1156 3856 non
1176 3780 1353 3856 revellare
1374 3780 1516 3856 dictum
1535 3780 1716 3869 modum3

306 3911 374 3987 sed
398 3911 515 3987 noscit
538 3911 698 4016 qualiter
721 3909 878 3987 luissent
901 3911 1040 4017 puniti,
1062 3911 1092 3986 si
1117 3909 1356 3988 revellassent
1381 3912 1584 4002 extraneis,
1606 3912 1665 3989 vel
1688 3911 1715 3988 si

306 4068 348 4116 ea
364 4040 482 4116 lacere
498 4040 723 4130 noluissent3
735 4042 834 4117 inter
851 4070 889 4116 se
905 4059 1030 4117 tamen
1046 4041 1298 4147 loquebantur
1307 4040 1526 4146 frequenter
1542 4042 1590 4119 de
1607 4041 1715 4118 modo

305 4171 531 4276 reeepcionis
550 4172 738 4277 predicte,
761 4189 800 4247 et
818 4170 972 4247 luerunt
995 4171 1244 4278 negligentes,
1268 4171 1453 4276 quianon
1478 4187 1714 4249 correxerunt

306 4301 422 4378 dictos
451 4330 613 4391 errores,
639 4330 709 4377 neo
737 4301 1054 4378 denunciaverunt
1079 4301 1259 4389 Ecclesie3
1288 4329 1357 4377 nec
1388 4300 1484 4377 vidit
1516 4301 1555 4377 in
1588 4301 1713 4379 ordine

304 4430 396 4536 quin
420 4431 638 4510 ellomosine
669 4431 837 4508 ordinate
865 4431 992 4508 debito
1013 4430 1127 4507 modo
1148 4431 1398 4508 communiter
1418 4428 1572 4522 fierent,
1594 4432 1711 4509 etho

304 4559 482 4663 spitalitas
501 4579 712 4654 teneretur;
733 4579 771 4638 et
794 4562 833 4636 in
856 4590 954 4639 anno
978 4589 1054 4668 quo
1078 4560 1151 4636 luit
1175 4589 1308 4666 magna
1331 4561 1477 4639 caristia
1497 4560 1708 4649 bladorum,

303 4685 390 4762 fecit
420 4689 520 4764 idem
547 4693 652 4768 testis
678 4692 907 4799 augmentari
938 4691 1180 4769 elemosinam
1205 4709 1420 4768 consuetam
1444 4692 1528 4769 lieri
1554 4693 1595 4769 in
1621 4691 1706 4767 dicta

305 4813 419 4890 domo
443 4815 489 4893 de
516 4819 726 4927 Latigniaco
745 4824 867 4909 Sicco,
888 4851 1103 4930 quanquam
1127 4822 1256 4901 fratros
1281 4821 1485 4900 suaderent
1511 4822 1586 4902 sibi
1611 4816 1705 4928 quod
