4080 6052
539 522 737 617 Procas
762 542 857 614 nas
884 543 1186 620 rn-ur-nmns.
1550 558 1571 628 s

156 719 310 771 manum
319 715 427 766 suam
437 683 570 762 exinde
583 684 749 763 totaliter
760 686 984 777 amovendo,
1001 686 1069 764 sed
1083 686 1174 765 fidei
1190 687 1398 766 orthodoxe
1412 691 1572 787 fervore,

154 850 312 902 suorum
338 817 625 926 progenitorum
643 815 798 923 vestigia
817 816 914 894 clara
932 819 1122 924 sequens),
1155 848 1331 897 accensus
1351 819 1398 897 de
1417 826 1576 926 premis·

153 955 219 1045 sis,
236 967 423 1059 quantum
435 948 536 1026 licite
545 947 687 1054 potuit,
702 976 742 1024 se
753 945 958 1025 informans
971 947 1019 1025 ad
1033 947 1309 1027 instituendum
1321 967 1359 1026 et
1370 949 1576 1030 informan-

154 1082 248 1160 dum
266 1110 336 1160 nos
355 1110 469 1186 super
482 1080 573 1170 hiis,
594 1078 714 1156 multa
735 1095 772 1155 et
791 1108 942 1185 magnas
962 1077 1038 1186 [sic]
1059 1080 1170 1158 nobis
1188 1080 1497 1161 informacionem
1509 1112 1577 1189 per

153 1242 243 1291 suos
269 1212 429 1289 nuncios
454 1227 492 1286 et
514 1209 656 1286 litteras
680 1208 889 1287 destinavit.
917 1207 1072 1287 Infamia
1090 1239 1178 1289 vero
1197 1229 1324 1289 contra
1342 1212 1577 1318 Templarios

155 1344 264 1448 ipsos·
288 1341 584 1419 increbrescente
617 1339 777 1418 validius
805 1368 920 1446 super
948 1339 1153 1419 sceleribus
1184 1343 1397 1436 antedictis,
1426 1360 1463 1420 et
1489 1344 1578 1451 quia

156 1472 273 1549 eciam
289 1471 445 1578 quidam
465 1470 575 1548 miles
601 1469 771 1578 ejusdem
792 1470 935 1547 ordinis
954 1498 1088 1578 magne
1108 1471 1333 1560 nobilitatis,
1353 1488 1390 1548 et
1409 1473 1476 1578 qui
1500 1502 1578 1550 non
1619 1461 1624 1471 ’

153 1600 233 1678 leve
274 1600 463 1706 opinionis
498 1600 539 1676 in
574 1600 675 1679 dicto
707 1600 840 1679 ordine
874 1599 1097 1687 habebatur,
1133 1628 1259 1681 coram
1282 1599 1402 1678 'nobis
1436 1616 1578 1679 secreto

149 1730 316 1837 juratus,
346 1730 524 1837 deposuit
551 1729 656 1835 quod
684 1730 724 1806 in
750 1731 970 1833 recepcione
995 1729 1153 1807 fratrum
1180 1728 1313 1835 prefati
1337 1728 1482 1807 ordinis
1508 1731 1580 1809 hec

154 1861 389 1939 consuetudo
423 1859 483 1936 vel
512 1859 638 1937 verius
676 1858 889 1963 corruptela
922 1876 1109 1947 servatur,
1144 1859 1251 1965 quod
1280 1858 1331 1936 'ad
1364 1859 1579 1964 recipientis

154 1989 211 2067 vel
230 1990 277 2066 ab
299 2019 344 2068 eo
366 1988 534 2096 deputati
555 1989 826 2093 sugestionem,
845 1989 911 2093 qui
931 1989 1112 2093 recipitur
1128 1988 1324 2066 Christum
1343 1989 1501 2067 Jhesum
1520 2018 1580 2066 ne·
1600 1979 1607 1994 ⁸

153 2136 232 2222 gat,
255 2137 294 2196 et
312 2147 427 2224 super
446 2145 596 2196 crucem
616 2115 688 2192 sibi
709 2114 922 2194 obstensam
938 2117 1057 2222 spuit,
1080 2118 1118 2194 in
1142 2117 1373 2223 vituperium
1394 2117 1577 2208 crucifixi,

157 2264 195 2321 et
217 2247 381 2352 quedam
405 2247 477 2324 alia
495 2247 638 2323 faciunt
660 2245 846 2349 recipiens
871 2242 910 2324 ei
935 2264 1125 2355 receptus,
1156 2276 1230 2355 que
1257 2247 1360 2325 licita
1385 2276 1463 2325 non
1491 2265 1581 2326 sunt

157 2402 226 2450 nec
245 2377 411 2451 humane
431 2375 659 2454 conveniunt
676 2375 882 2466 honestati,
903 2392 1018 2480 prout
1037 2377 1116 2480 ipse
1136 2394 1228 2454 tunc
1248 2377 1439 2457 confessus
1459 2377 1581 2455 estitit

155 2530 282 2579 coram
302 2502 428 2591 nobis,
452 2501 568 2577 vitare
583 2497 839 2606 nequivimus,
859 2518 1015 2604 urgente
1030 2528 1099 2580 nos
1114 2504 1164 2577 ad
1182 2505 1222 2578 id
1242 2504 1355 2578 officii
1375 2505 1494 2580 nostri
1515 2502 1582 2580 de-

156 2630 252 2723 bito,
279 2631 374 2738 quin
399 2646 458 2707 tot
485 2645 524 2705 et
544 2628 658 2705 tantis
686 2625 914 2704 clamoribus
940 2626 1271 2705 accomodaremus
1298 2628 1483 2707 auditum.
1505 2631 1582 2708 Sed

157 2790 244 2839 cum
264 2760 420 2838 demum
444 2758 542 2837 fama
559 2755 713 2863 publica
732 2754 943 2848 deferente,
966 2771 1004 2833 et
1023 2755 1186 2835 clamosa
1211 2756 1469 2835 insinuacione
1491 2760 1581 2838 dicti

156 2892 271 2998 regis,
295 2920 365 2967 nec
389 2918 465 2967 non
494 2904 531 2965 et
557 2887 716 2978 ducum,
745 2885 928 2962 comitum
954 2901 992 2960 et
1014 2884 1202 2962 baronum
1221 2915 1262 2962 ac
1287 2886 1448 2964 aliorum
1473 2888 1582 2966 nobi-

156 3020 269 3110 lium,
286 3019 376 3097 cleri
391 3046 544 3125 quoque
566 3034 604 3092 et
621 3014 754 3120 populi
771 3013 861 3090 dicti
877 3013 983 3119 regni
997 3015 1027 3089 F
1028 3014 1165 3107 rancie,
1182 3014 1231 3091 ad
1246 3032 1412 3094 nostram
1427 3035 1581 3123 propter

157 3150 245 3235 hec,
265 3165 343 3224 tam
362 3175 431 3250 per
450 3150 489 3221 se
510 3173 624 3251 quam
642 3172 711 3249 per
729 3159 991 3248 procuratores
1011 3158 1050 3218 et
1068 3142 1249 3230 sindicus,
1268 3146 1501 3251 presenciam
1518 3177 1582 3227 ve-

158 3276 366 3365 mercium,
388 3274 494 3381 quod
512 3273 684 3351 dolentes
703 3271 919 3362 referimus,
941 3271 989 3349 ad
1009 3289 1175 3350 nostram
1197 3273 1433 3352 audienciam
1452 3306 1581 3381 perve-

156 3408 288 3500 nisset,
305 3404 411 3512 quod
424 3403 612 3511 Magister,
628 3419 867 3510 preceptores
888 3419 926 3479 et
945 3402 1007 3478 alii
1029 3401 1160 3479 fratres
1180 3402 1271 3479 dicti
1286 3405 1430 3482 ordinis
1445 3421 1484 3482 et
1499 3406 1579 3511 ipse

157 3537 251 3616 ordo
276 3536 429 3643 prefatis
455 3551 492 3612 et
517 3533 691 3640 pluribus
711 3531 793 3609 aliis
814 3548 919 3609 erant
938 3531 1160 3609 criminibus
1180 3532 1332 3626 irretiti,
1350 3550 1387 3610 et
1400 3535 1581 3639 premissa

157 3695 224 3771 per
241 3666 380 3745 multas
400 3664 672 3755 confessiones,
694 3663 954 3742 attestaciones
969 3677 1007 3739 et
1022 3657 1281 3768 deposiciones
1295 3662 1428 3769 profati
1444 3664 1581 3771 Magis-

155 3797 205 3875 tri
220 3814 259 3874 et
271 3797 441 3903 plurium
460 3812 725 3901 preceptorum
741 3811 779 3871 et
792 3792 950 3871 fratrum
972 3792 1115 3872 ordinis
1134 3792 1326 3898 prelibati,
1344 3822 1468 3872 coram
1487 3793 1580 3872 mul·

158 3924 206 4000 tis
224 3926 377 4030 prelatis
396 3943 435 4002 et
453 3926 618 4003 heretice
634 3925 822 4032 pravitatis
842 3924 1066 4032 inquisitore
1086 3924 1125 4000 in
1143 3953 1259 4031 regno
1273 3923 1428 4001 Francie
1447 3922 1576 4015 saetas,

157 4051 305 4130 habitas
331 4069 368 4128 et
391 4071 556 4157 receptas
581 4057 683 4132 etin
712 4055 904 4162 publicam
934 4055 1157 4160 scripturam
1180 4054 1364 4140 redactas,
1393 4049 1577 4159 nobisque

159 4200 196 4260 et
214 4181 393 4259 fratribus
417 4183 555 4259 nostris
574 4198 740 4260 ostensas
762 4184 920 4290 probata
947 4182 1115 4286 quodam
1138 4178 1253 4256 modo
1282 4178 1512 4272 viderentur,
1536 4211 1577 4262 ac

158 4312 428 4393 nichilominus
451 4311 550 4389 fama
578 4329 617 4389 et
642 4311 823 4388 clamores
850 4309 1010 4417 predicti
1034 4309 1074 4387 in
1101 4325 1247 4386 tantum
1274 4310 1516 4388 invaluissent
1541 4328 1579 4390 et

161 4444 277 4523 eciam
298 4442 551 4521 ascendissent
563 4459 641 4521 tam
657 4460 785 4520 contra
804 4441 929 4548 ipsum
950 4439 1122 4519 ordinem
1139 4469 1253 4548 quam
1273 4456 1401 4519 contra
1415 4440 1579 4546 singulas

160 4600 335 4677 personas
362 4572 549 4681 ejusdem,
571 4572 677 4679 quod
696 4572 776 4649 sine
800 4571 899 4679 gravi
919 4570 1094 4649 scandalo
1112 4570 1285 4676 preteriri
1310 4598 1386 4649 non
1405 4588 1579 4677 poterant

162 4731 230 4781 nec
250 4703 390 4811 absque
411 4704 631 4783 imminente
651 4702 820 4811 periculo
836 4701 1005 4795 tolerari3
1022 4729 1106 4792 nos,
1124 4701 1229 4781 lllius
1249 4703 1357 4811 cujus
1375 4701 1473 4780 vices
1490 4701 1580 4781 licet

163 4833 341 4915 immeriti
370 4835 409 4913 in
441 4835 550 4913 terris
576 4835 742 4942 gerimus
772 4834 935 4944 vestigiis
966 4834 1197 4926 inherentes,
1229 4833 1577 4940 adinquirendum

1383 4994 1407 5032 1.
