4080 6052
496 533 694 625 raucus
719 550 815 623 ons
841 550 1143 622 rennuens.
1455 559 1528 631 595

112 694 216 801 quod
236 719 392 799 magnus
412 691 588 798 Magister
608 707 647 767 et
664 689 776 767 multi
790 688 855 767 alii
868 718 911 766 ex
923 688 1102 767 fratribus
1120 689 1280 767 confessi
1299 690 1454 773 firerunt
1470 726 1530 775 er-

111 854 215 903 rores
239 821 464 925 condensatos
483 850 552 927 per
572 850 660 899 eum
685 820 743 897 vel
771 820 952 929 majorem
979 838 1135 927 portem.
1163 823 1245 898 Non
1265 822 1462 903 obtulerat
1482 856 1527 906 se

112 953 334 1032 deffensioni
351 950 506 1029 ordinis.

166 1084 384 1190 Requisitus
395 1083 428 1159 si
440 1082 493 1158 sic
507 1082 733 1186 deposuerat
744 1107 870 1185 prece,
889 1096 1082 1187 precepto,
1095 1081 1249 1168 timore,
1263 1108 1407 1175 amore,
1425 1087 1525 1175 odio,

112 1214 170 1290 vel
192 1212 395 1290 commodo
419 1211 617 1317 temporali
643 1209 772 1289 habito
790 1209 850 1289 vel
870 1211 1064 1300 habendo,
1090 1213 1285 1318 respondit
1303 1215 1407 1320 quod
1430 1243 1525 1304 non,

114 1344 182 1420 sed
207 1371 277 1449 pro
298 1343 452 1420 veritate
472 1341 643 1419 dicenda.
672 1341 743 1420 Cui
768 1339 841 1418 luit
868 1341 1082 1446 injunctum
1109 1343 1215 1448 quod
1242 1372 1318 1420 non
1346 1345 1528 1423 revelaret

112 1475 209 1549 banc
226 1500 333 1549 suam
353 1471 632 1575 deposicionem
649 1496 845 1575 quousque
866 1470 1123 1547 attestationes
1142 1470 1282 1548 luerint
1295 1472 1497 1578 publicate.

167 1604 256 1679 Acta
267 1600 428 1680 vfuerunt
444 1601 515 1676 hec
534 1599 642 1676 dictis
658 1601 719 1677 die
739 1617 779 1676 et
796 1599 897 1687 loco,
917 1598 1155 1703 presentibus
1172 1600 1348 1708 magistro
1366 1602 1525 1697 Amisia,

110 1758 171 1806 me
192 1730 444 1809 Floriamonte
465 1728 685 1821 Dondedei‚
703 1748 741 1808 et
756 1730 837 1807 aliis
850 1729 1006 1806 notariis
1022 1757 1134 1834 supra
1150 1730 1290 1849 ultimo
1308 1733 1524 1811 nominatis.

167 1992 254 2067 Post
272 1989 361 2076 hec,
381 1988 443 2066 die
460 1988 560 2066 lovis
577 1987 751 2093 sequenti
771 1988 810 2065 in
830 1990 1031 2065 crastinum
1050 1989 1167 2067 sancti
1187 1989 1330 2067 Mathis
1344 1994 1524 2097 apostoli,

111 2148 184 2225 que
209 2117 282 2196 fuit
301 2145 370 2198 xxv
391 2119 471 2197 dies
497 2118 746 2196 dicti'mensis
765 2118 977 2208 Februarii,
1002 2118 1075 2199 fuit
1098 2119 1282 2198 adductus
1307 2121 1355 2198 nd
1373 2149 1526 2228 presen-

111 2250 206 2326 ciam
231 2250 473 2328 dominorum
502 2248 844 2326 commissariorum
863 2249 1135 2355 predictorum,
1157 2251 1196 2326 iu
1218 2250 1333 2328 domo
1359 2254 1526 2357 predicta

110 2381 268 2458 fratrum
288 2380 501 2469 Minorum,
528 2378 642 2467 irater
660 2380 851 2457 lohannes
871 2379 918 2456 de
944 2381 1076 2458 Turno
1100 2380 1356 2458 thesaurarius
1375 2383 1525 2488 Templi

109 2511 342 2602 Parisiensis,
356 2510 536 2604 serviens,
548 2510 653 2587 testis
666 2537 777 2614 supra
787 2509 951 2614 juratus,
966 2528 1010 2587 ut
1019 2511 1227 2616 deponeret
1239 2509 1381 2587 dictum
1393 2540 1524 2601 suum,

111 2669 186 2717 non
206 2640 393 2718 deflerem
412 2640 633 2718 mantellum
650 2639 813 2729 ordinis,
830 2640 918 2746 quia
933 2641 1089 2746 quidam
1107 2640 1312 2718 servientes
1325 2661 1526 2718 suaserunt

109 2768 181 2845 sibi
193 2770 233 2845 in
249 2770 409 2848 concilio
419 2770 646 2858 senonensi,
661 2770 766 2876 qued
778 2770 902 2874 ipsum
915 2770 1104 2878 abjiceret,
1119 2772 1293 2883 etipsum
1304 2790 1526 2849 amoverunt

109 2901 155 2976 ab
175 2929 241 2990 eo,
261 2901 505 3006 postmodum
525 2901 605 2977 radi
624 2899 762 2978 lecerat
780 2900 852 2978 sibi
866 2899 1045 2989 barbam,
1061 2900 1328 3009 sexagenarius·
1336 2899 1394 2976 vel
1409 2901 1522 2991 circa,

109 3031 175 3133 qui
201 3029 273 3107 fuit
296 3045 519 3134 protestatus
538 3029 641 3135 quod
668 3057 745 3108 non
765 3028 928 3107 intendit
946 3030 1122 3106 recedere
1146 3058 1167 3105 a
1193 3028 1433 3133 deposicione
1457 3058 1526 3135 per

110 3186 198 3234 eum
219 3157 313 3234 lacta
337 3186 462 3234 coram
482 3138 638 3235 domino
658 3158 835 3264 episcopo
854 3158 1051 3235 Parisiensi
1078 3185 1148 3262 per
1175 3182 1291 3263 quem
1316 3155 1391 3233 fuit
1417 3158 1525 3236 abso-

107 3286 212 3361 lutus
231 3302 270 3362 et
288 3285 557 3364 reconciliatus.
581 3287 701 3364 Lectis
726 3303 852 3364 autem
873 3304 911 3363 et
925 3285 1129 3393 diligenter
1150 3286 1328 3391 expositis
1347 3287 1420 3362 sibi
1441 3316 1523 3365 om-

108 3413 221 3490 nibus
245 3431 283 3490 et
300 3414 457 3523 singulis
478 3414 662 3507 arnualis,
688 3417 883 3522 respondit
908 3416 957 3492 ad
986 3441 1067 3504 eos,
1098 3432 1138 3492 et
1163 3415 1285 3520 primo
1313 3414 1523 3518 adprimus

106 3543 322 3636 tresdecim,
346 3561 390 3621 ut
405 3543 586 3652 sequitur,
607 3546 782 3624 videlicet
798 3578 807 3622 ε
821 3547 928 3650 quod
950 3545 989 3620 in
1011 3544 1110 3619 dicto
1133 3542 1293 3620 concilio
1310 3543 1520 3624 senonensi

107 3673 261 3750 luerunt
278 3668 402 3780 aliqua
421 3674 520 3751 dicta
537 3703 605 3779 per
620 3703 709 3751 eum
724 3675 772 3751 de
790 3674 982 3751 voluntate
1001 3673 1247 3778 prelatorum.
1271 3675 1520 3753 Postmodum

107 3799 296 3879 confessus
315 3801 435 3878 suerat
450 3803 599 3879 cuidam
620 3802 837 3909 presbytero
857 3803 1031 3891 seculari,
1049 3803 1157 3909 cujus
1176 3831 1316 3881 nomen
1331 3822 1371 3881 et
1384 3832 1521 3912 cogno·

106 3957 195 4007 men
218 3932 385 4039 ignorat,
416 3931 463 4008 de
487 3931 665 4009 omnibus
687 3933 846 4038 peccatis
864 3933 959 4024 suis,
969 3932 1047 4067 ‘qai
1067 3933 1231 4040 injunxit
1252 3933 1354 4012 sibi
1344 3951 1443 4010 mter
1465 3964 1523 4010 ω-

105 4078 184 4137 tera
198 4060 303 4168 quod
323 4061 498 4167 deinceps
510 4089 589 4139 non
606 4061 826 4169 loqueretur
839 4063 886 4141 de
898 4046 1058 4168 peccatis
1073 4063 1120 4139 de
1136 4063 1276 4170 quibus
1292 4062 1415 4141 luerat
1433 4092 1523 4141 con-

103 4152 222 4269 lessus
242 4208 347 4280 tunc,
373 4219 441 4268 nec
460 4192 565 4299 quod
586 4193 839 4271 recidivaret
829 4221 868 4269 m
894 4221 948 4270 ea
975 4194 1074 4272 Cum
1102 4211 1229 4271 autern
1255 4194 1346 4271 dicti
1374 4195 1520 4272 domiui

106 4322 349 4400 commissarii
338 4321 550 4399 dixissent
571 4323 695 4401 eidem
713 4325 813 4401 testi
809 4323 924 4430 quod
946 4325 1019 4403 hoc
1031 4352 1110 4402 non
1125 4323 1395 4403 excludebatur
1414 4342 1522 4432 pote·

105 4466 178 4526 stas
194 4446 339 4527 domini
357 4454 469 4556 Papa,
488 4453 595 4558 cujus
609 4453 687 4530 vice
703 4452 968 4562 fungebantur,
985 4482 1054 4532 nec
1067 4454 1258 4562 judicium
1272 4453 1437 4531 Ecclesie
1453 4483 1521 4559 per

105 4577 229 4656 lorum
249 4580 512 4685 penitenciale,
538 4600 576 4659 et
595 4584 982 4690 quod-responderet,
1003 4583 1097 4662 dixit
1115 4584 1284 4663 sciuisse
1303 4601 1517 4691 receptum,

105 4711 199 4787 circa
214 4709 351 4788 festum
371 4713 540 4819 proximo
553 4715 775 4820 preteritum
796 4714 980 4795 Omnium
999 4717 1224 4796 Sanctorum
1238 4715 1392 4794 fuerunt
1406 4742 1518 4792 mm

105 4843 191 4916 anni
213 4840 272 4918 vel
293 4843 404 4931 eirca,
431 4844 470 4920 in
496 4845 637 4950 capella
666 4847 804 4925 domus
824 4845 974 4952 Templi
995 4849 1042 4925 de
1068 4847 1167 4926 Malo
1187 4850 1350 4954 Repastu
1376 4844 1520 4925 Cerno·

1302 4985 1351 5064 7⁵·
