4080 6052
303 552 377 628 sn
688 528 898 623 rnocss
906 547 1001 621 ons
1026 546 1329 621 rsurmsns.

302 694 480 772 credebat
496 691 603 798 quod
622 718 778 798 magnus
798 688 972 795 Magister
991 703 1033 765 et
1045 687 1110 764 alii
1127 688 1221 796 layci
1240 715 1318 764 non
1336 701 1511 871 poterant
1528 683 1724 763 absolvers

304 824 508 932 apeccatis.

360 959 473 1045 Item,
490 954 538 1031 ad
554 978 624 1031 xxx
640 971 678 1030 et
691 982 731 1031 ιιι
749 969 966 1060 sequentes
982 950 1030 1027 de
1046 949 1198 1038 oscillis,
1219 886 1414 1055 respondit
1432 977 1472 1023 se
1492 947 1641 1025 nescire
1653 948 1724 1025 nisi

306 1087 410 1192 quod
428 1112 540 1192 supra
555 1085 740 1190 deposuit.

360 1220 472 1305 Item,
492 1215 541 1292 ad
565 1241 692 1319 ιιιιιιι
714 1231 751 1292 et
776 1241 798 1292 ιι
826 1211 1024 1319 respondit
1046 1239 1087 1289 se
1114 1211 1267 1288 credere
1297 1226 1472 1286 contenta
1497 1208 1540 1284 in
1564 1209 1623 1286 eis
1642 1236 1724 1287 sera

305 1376 402 1440 esse,
421 1348 511 1454 quia
522 1345 739 1453 juraverant
757 1371 835 1420 non
851 1343 951 1420 exire
968 1340 1182 1448 predictum
1197 1341 1388 1430 ordinem,
1411 1356 1450 1417 et
1467 1337 1595 1417 fuerat
1612 1340 1650 1417 ei
1669 1339 1725 1417 di-

307 1496 411 1555 etum
427 1477 535 1583 quod
552 1505 622 1582 pro
639 1474 809 1581 prolesso
829 1471 1050 1551 habebatur.

183 1604 186 1609 ’
363 1611 470 1696 Item,
487 1607 535 1682 ad
550 1631 747 1683 xxxvi-vnn
766 1602 962 1708 respondit
975 1601 1215 1707 recepciones
1236 1600 1481 1678 clamdestine
1492 1601 1619 1709 januis
1631 1601 1725 1679 clau·

308 1739 375 1825 sis,
393 1737 550 1815 exclusis
568 1734 762 1825 omnihus,
778 1734 855 1812 nisi
871 1733 1049 1810 fratribus
1069 1733 1187 1839 ipsius
1207 1731 1366 1820 ordinis,
1384 1731 1485 1819 lieri,
1503 1749 1543 1809 et
1557 1731 1660 1837 quod
1679 1759 1724 1807 ex

308 1871 380 1945 hoc
403 1868 613 1945 habebatur
631 1864 834 1941 vehemens
853 1864 1016 1968 suspicio
1037 1849 1166 1939 contra
1191 1861 1355 1938 eundem
1378 1862 1570 1950 ordinem,
1590 1878 1630 1939 et
1644 1861 1723 1968 ipse

308 1999 413 2076 testis
436 1996 600 2075 habebat
624 1995 800 2081 eandem,
823 2011 867 2071 ut
891 1994 1000 2084 dixit,
1023 2010 1225 2137 postquam
1243 1991 1317 2071 luit
1334 2009 1521 2098 receptus.

365 2129 475 2213 Item,
497 2125 545 2202 ad
562 2152 607 2202 xc
628 2142 667 2201 et
689 2151 711 2203 v
731 2140 947 2231 sequentes,
964 2123 1012 2205 de
1033 2123 1189 2201 crimine
1212 2122 1452 2211 sodomitico,
1474 2124 1672 2283 respondit
1688 2153 1722 2203 se

309 2258 426 2336 nichil
445 2258 625 2335 scirense
644 2256 841 2338 audivisse.

366 2392 479 2479 Item,
497 2388 545 2465 ad
563 2415 646 2468 xcvi
664 2404 703 2465 et
725 2415 763 2465 ιι
783 2405 999 2493 sequentes,
1020 2388 1070 2466 de
1088 2361 1276 2494 capitibus
1293 2387 1514 2494 ydolorum,
1537 2387 1724 2492 respondit

308 2550 347 2597 se
366 2519 483 2598 nichil
503 2519 597 2597 scire
616 2548 686 2595 nec
704 2518 890 2596 audivisse
909 2536 995 2596 ante
1013 2519 1230 2624 capcionem
1250 2547 1396 2594 eorum.

364 2651 474 2738 Item,
492 2649 539 2726 ad
559 2625 646 2727 svin
668 2665 705 2724 et
725 2674 765 2725 ιιι
789 2664 991 2753 sequentes
1010 2647 1207 2753 respondit
1228 2664 1450 2752 preceptum
1468 2646 1725 2727 hiissssseidem

308 2782 346 2856 in
367 2809 434 2856 sua
453 2780 671 2884 recepcione
691 2778 796 2885 quod
809 2777 951 2884 jaceret
968 2806 1056 2856 cum
1074 2758 1213 2884 pannis
1226 2779 1305 2857 suis
1321 2778 1452 2870 lineis,
1472 2795 1511 2855 et
1527 2777 1631 2882 quod
1648 2777 1726 2855 cin-

309 2927 460 3014 geretur
476 2939 552 2985 una
569 2909 741 2997 cordula,
756 2938 831 3015 qus
849 2927 976 2988 tamen
995 2936 1074 2986 non
1091 2908 1166 2987 fuit
1183 2909 1218 2987 ei
1238 2910 1387 2999 tradita,
1407 2909 1478 2989 sed
1492 2907 1623 2989 habuit
1641 2937 1724 2985 eam

309 3038 552 3142 postmodum
576 3069 596 3114 a
623 3038 787 3143 quadam
816 3068 944 3117 sorore
973 3068 1059 3132 sua,
1090 3057 1128 3117 et
1157 3066 1241 3118 eam
1267 3040 1429 3144 portavit
1453 3038 1724 3145 aliquantulum

309 3166 450 3273 absque
471 3168 595 3273 aliqua
620 3167 716 3243 mala
740 3168 964 3246 intencione.
992 3171 1048 3247 De
1074 3171 1155 3249 aliis
1175 3170 1361 3251 contentis
1386 3171 1427 3249 in
1452 3170 1543 3274 ipsIs
1567 3170 1725 3249 articulis

310 3296 402 3372 dixit
419 3325 457 3372 se
475 3296 593 3373 nichil
612 3297 718 3374 scire.

363 3428 475 3519 Item,
497 3429 546 3504 ad
561 3456 659 3520 nnn,
687 3457 728 3507 ιιι
753 3447 790 3506 et
813 3458 867 3507 nn
893 3431 1088 3537 respondit
1111 3462 1150 3510 se
1172 3434 1326 3512 credere
1351 3431 1455 3539 quod
1473 3433 1726 3509 communiter

308 3577 517 3635 servaretur
531 3559 573 3635 in
589 3560 723 3637 ordine
740 3561 879 3638 modus
900 3564 1128 3670 recepcionis
1147 3565 1212 3671 qui
1231 3565 1302 3641 luit
1321 3578 1482 3643 servatus
1499 3560 1538 3634 in
1559 3587 1617 3635 eo.

363 3691 472 3779 Item,
505 3691 553 3766 ad
572 3718 658 3777 ιιι,
680 3717 715 3770 v1
733 3710 771 3768 et
790 3717 838 3771 vu
864 3693 1059 3800 respondit
1083 3725 1123 3771 se
1150 3696 1292 3773 nescire
1321 3691 1422 3800 quod
1448 3689 1588 3796 aliquis
1611 3689 1726 3767 luerit

308 3840 436 3926 captus
455 3822 513 3898 vel
532 3821 750 3900 interfectus
766 3842 921 3929 propter
939 3826 1225 3903 revellacionem
1241 3826 1512 3931 predictorum.

362 3955 473 4037 Item,
496 3952 546 4027 ad
567 3980 690 4030 nxvun
710 3973 748 4029 et
767 3972 930 4059 quatuor
944 3976 1145 4063 sequentes
1169 3956 1364 4061 respondit
1383 3983 1425 4033 se
1448 3952 1603 4031 credere
1625 3951 1724 4058 quod

306 4111 373 4187 per
395 4085 656 4190 juramentum
689 4086 954 4190 imponebatur
980 4088 1107 4193 eisne
1129 4089 1226 4165 inter
1251 4115 1290 4165 se
1314 4087 1373 4164 vel
1399 4086 1482 4165 aliis
1505 4084 1723 4162 revellerent

308 4216 465 4292 modurn
483 4245 550 4292 sue
570 4216 814 4320 recepcionis,
838 4218 925 4322 qnia
944 4217 995 4292 ita
1014 4216 1136 4293 Inerat
1157 4218 1376 4324 impositum
1394 4218 1464 4323 ipsi
1491 4217 1579 4294 testi
1599 4217 1639 4292 in
1663 4243 1722 4293 sua

306 4347 541 4451 recepcione,
559 4363 597 4421 et
616 4346 735 4423 credit
754 4346 907 4452 quodsi
928 4347 1183 4438 revellassent,
1203 4348 1361 4427 luissent
1376 4349 1606 4425 incarcerati.

361 4474 450 4553 Acta
465 4474 620 4553 luerunt
634 4476 704 4552 hec
724 4475 785 4553 die
806 4493 844 4557 et
867 4476 949 4554 Ioco
965 4479 1158 4581 predictis,
1178 4506 1303 4555 coram
1318 4477 1429 4556 lictis
1447 4478 1613 4557 dominis
1629 4505 1721 4558 com·

306 4606 499 4693 missariis,
520 4593 592 4682 hoe
609 4607 708 4684 salvo
728 4603 832 4713 quod
846 4608 969 4687 dictus
985 4609 1162 4689 dominus
1176 4611 1364 4700 Matheus,
1383 4627 1587 4716 antequam
1607 4608 1719 4685 dictus

306 4730 417 4807 frater
434 4732 638 4813 Garnerius
654 4737 860 4844 deponeret
877 4717 990 4844 super
1005 4755 1040 4818 v⁰
1056 4740 1212 4818 articulo
1232 4757 1269 4816 et
1289 4739 1370 4816 aliis
1385 4739 1646 4845 sequentibus,
1661 4762 1719 4809 re-

306 4862 415 4939 cessit
438 4880 592 4968 propter
612 4865 943 4972 indisposicionent
967 4871 1025 4948 sui
1052 4872 1239 4976 corporis,
1259 4870 1502 4976 presentibus
1525 4871 1624 4951 dicto
1644 4866 1718 4946 Ma-
