4080 6052
299 633 303 639 .
343 558 415 633 ste
663 504 669 515 ’
728 540 924 633 succus
950 559 1045 631 nus
1071 556 1368 646 taurinus.

341 701 562 793 castitatem,
578 702 699 776 vivere
716 701 797 779 sine
813 700 977 807 proprio,
993 725 1137 781 servare
1156 698 1276 777 bonos
1293 727 1387 777 usus
1402 715 1442 777 et
1457 699 1587 779 bonas
1608 728 1771 781 consue·

339 833 491 911 tudines
510 832 576 937 qui
595 849 686 909 tunc
705 847 810 909 erant
829 832 869 909 in
888 829 1039 917 ordine,
1059 829 1183 935 etqui
1201 829 1490 934 imponerentur
1507 828 1551 907 in
1571 847 1767 935 posterum

339 992 407 1070 per
434 962 574 1069 probos
609 963 784 1041 homines
811 961 971 1048 ordinis,
997 960 1154 1039 obedire
1182 958 1361 1037 omnibus
1383 960 1672 1067 preceptoribus
1693 965 1762 1070 qui

339 1111 638 1199 preponerentur
653 1093 795 1184 eidem,
810 1090 975 1175 fideliter
987 1090 1107 1169 lacere
1125 1089 1350 1169 elemosinas
1365 1108 1580 1180 consuetas,
1602 1109 1639 1168 et
1648 1093 1763 1171 lumi-

340 1226 442 1301 naria
471 1224 710 1303 ecclesiarum
739 1240 776 1301 et
805 1221 1034 1327 capellarum
1059 1249 1193 1299 eorum
1215 1247 1383 1311 servare,
1404 1237 1445 1299 et
1467 1221 1580 1327 quod
1603 1249 1682 1301 uon
1704 1224 1762 1300 in-

338 1372 495 1432 teresset
513 1355 598 1432 loco
618 1355 658 1431 in
673 1382 751 1460 quo
772 1353 911 1433 nobilis
931 1355 1047 1430 homo
1069 1350 1128 1429 vel
1148 1350 1288 1429 nobilis
1307 1350 1447 1429 mulier
1466 1351 1763 1431 exheredaretur

341 1485 496 1591 injuste,
511 1503 549 1561 et
563 1485 731 1591 precepit
744 1485 778 1561 ei
791 1484 896 1591 quod
903 1483 1139 1590 jaceretcum
1152 1479 1605 1588 pannisetcaligislineis,
1619 1482 1762 1561 cinctus

338 1643 452 1719 super
474 1641 539 1692 eos
564 1645 637 1691 una
655 1615 832 1704 cordula3
854 1631 892 1691 et
909 1613 1085 1691 instruxit
1104 1639 1193 1689 eum
1219 1628 1315 1718 quot
1339 1613 1453 1689 Potor
1478 1625 1596 1689 uester
1620 1611 1759 1690 diceret

339 1772 407 1848 pro
427 1745 531 1822 horis
554 1746 647 1832 suis,
672 1762 710 1822 et
729 1745 835 1850 quod
851 1744 949 1822 bene
970 1759 1203 1821 conservaret
1225 1758 1264 1819 et
1282 1739 1539 1835 deffenderet,
1559 1769 1625 1846 pm
1642 1770 1757 1848 posse

339 1904 424 1965 suo,
448 1873 547 1958 bona
573 1893 610 1952 et
625 1877 711 1982 jura
729 1875 889 1964 ordinis,
912 1891 951 1953 et
968 1875 1121 1979 quaudo
1141 1901 1219 1951 non
1244 1890 1369 1979 posset
1397 1874 1471 1951 boc
1488 1871 1627 1961 faeere,
1650 1875 1753 1980 quod

340 2005 584 2081 denunciaret
598 2005 670 2081 boc
682 2002 941 2109 superioribus
958 2002 1055 2092 suis3
1066 2020 1105 2080 et
1123 2004 1230 2111 quod
1248 2000 1385 2079 laceret
1398 2001 1549 2108 jejunia
1568 2002 1609 2079 in
1627 2002 1757 2081 ordine

340 2150 534 2221 consutum
556 2151 594 2209 et
617 2134 688 2211 alia
707 2151 846 2240 puncta
865 2134 1010 2210 ordinis
1029 2133 1239 2240 requireret
1263 2161 1285 2211 a
1304 2131 1520 2209 senioribus
1541 2132 1705 2219 ordinis,
1723 2150 1759 2208 et

342 2262 584 2341 informarent
602 2291 704 2341 euna.
717 2265 962 2341 Postmodum
976 2262 1132 2341 fuerunt
1148 2291 1236 2341 eum
1250 2262 1405 2341 osculati
1424 2263 1465 2339 in
1483 2289 1570 2349 ore,
1588 2281 1628 2341 et
1642 2291 1758 2341 reces-

340 2411 469 2469 serunt
498 2422 646 2481 omnes,
678 2412 804 2500 preter
836 2395 980 2473 dictum
1007 2392 1159 2473 fratrem
1189 2396 1399 2473 lohaunem
1429 2391 1479 2470 de
1508 2394 1669 2501 Sernoy,
1693 2396 1755 2500 qui

339 2523 480 2599 ducens
496 2524 619 2628 ipsum
640 2542 774 2601 testem
789 2540 890 2601 retro
905 2526 1035 2612 altare,
1059 2542 1096 2600 et
1112 2525 1315 2601 ostendens
1328 2524 1364 2601 ei
1382 2525 1593 2629 quamdam
1610 2552 1754 2600 crucem
1788 2512 1792 2519 ’

338 2653 501 2759 ligneam
511 2654 550 2729 in
561 2682 635 2759 qua
648 2671 727 2731 erat
744 2654 891 2759 depicta
900 2681 1035 2761 ymago
1047 2653 1220 2731 Crucilici
1231 2710 1241 2740 ,
1252 2653 1419 2758 precepit
1431 2652 1466 2729 ei
1481 2670 1556 2740 ter,
1568 2654 1610 2729 in
1623 2652 1754 2731 virtute

332 2784 538 2888 juramenti
559 2784 704 2888 prestiti
724 2811 792 2889 per
815 2810 903 2861 eum
929 2785 976 2860 de
996 2781 1211 2861 obediendo
1230 2781 1519 2894 preceptoribus
1534 2784 1632 2871 suis,
1650 2785 1753 2889 quod

339 2912 539 3017 abnegaret
557 2913 665 2991 illum
683 2914 748 3020 qui
768 2931 847 2991 eret
874 2914 913 2991 in
936 2913 1035 2993 dicta
1053 2939 1182 3001 cruce3
1205 2930 1243 2989 et
1270 2929 1361 2989 tunc
1384 2912 1464 3016 ipse
1486 2914 1605 3001 testis,
1622 2929 1752 2991 tenore

333 3040 537 3145 juramenti
562 3072 631 3147 per
650 3073 738 3121 eum
768 3045 928 3149 prestiti,
955 3042 1150 3151 abnegavit
1171 3070 1237 3120 ore
1258 3069 1335 3119 non
1354 3041 1482 3119 corde.
1510 3044 1751 3121 Postmodum

342 3170 505 3274 precepit
530 3172 564 3246 ei
588 3175 693 3277 quod
719 3192 870 3279 spueret
898 3202 1011 3278 supra
1035 3174 1174 3251 dictam
1191 3200 1356 3260 crucem,
1374 3188 1411 3249 et
1436 3173 1540 3276 spuit
1551 3173 1634 3279 ipse
1651 3175 1753 3282 juxta

339 3326 413 3375 non
442 3330 564 3406 supra.
588 3304 736 3381 Deinde
751 3304 844 3381 dixit
864 3305 897 3379 ei
917 3304 1023 3409 quod
1037 3304 1115 3410 ipse
1137 3305 1242 3381 testis
1261 3303 1441 3408 spoliaret
1453 3333 1510 3393 se,
1534 3305 1611 3389 vel,
1635 3306 1665 3383 si
1690 3334 1752 3382 vo·

337 3430 458 3519 lebat,
480 3432 557 3537 ipse
578 3436 767 3511 lohannes
790 3463 829 3512 se
854 3433 1048 3541 spoliaret,
1066 3450 1104 3511 et
1123 3436 1305 3539 cumipse
1324 3435 1431 3511 testis
1450 3434 1690 3540 praelegisset
1706 3463 1747 3509 se

338 3560 511 3666 spoliare,
545 3582 583 3641 et
616 3564 809 3670 spoliasset
842 3594 881 3642 se
909 3567 1055 3642 nudum
1087 3565 1248 3670 exceptis
1285 3565 1443 3654 braccis,
1474 3562 1596 3639 dictus
1632 3560 1749 3638 frater

335 3691 523 3771 lohannes
552 3694 643 3770 dixit
666 3696 699 3771 ei
715 3696 819 3800 quod
846 3695 1078 3770 oscularetur
1102 3696 1225 3801 ipsum
1251 3710 1386 3771 testem
1409 3691 1747 3790 interumbilicum

337 3839 373 3896 et
393 3842 538 3926 pectus,
562 3826 620 3901 vel
645 3826 751 3930 quod
769 3827 847 3930 ipse
876 3826 995 3912 testis,
1023 3825 1053 3899 si
1078 3826 1196 3931 magis
1222 3823 1387 3910 volebat,
1410 3823 1643 3899 oscularetur
1664 3851 1751 3899 eum

338 3952 373 4026 in
390 3954 490 4029 dicto
506 3954 611 4040 loco,
634 3973 671 4031 et
688 3972 778 4031 tunc
796 3956 844 4031 dc
859 3954 1052 4031 voluntate
1066 3954 1182 4059 ipsius
1202 3954 1318 4039 testis,
1339 3953 1467 4029 dictus
1478 3953 1670 4031 lohannes
1684 3951 1751 4028 luit

336 4111 422 4158 eum
440 4084 628 4160 osculatus
643 4084 683 4160 in
703 4085 804 4160 dicto
824 4083 921 4174 loco,
944 4084 1167 4190 precipiens,
1187 4083 1225 4159 in
1241 4083 1376 4159 virtute
1385 4083 1596 4189 juramenti
1612 4083 1749 4188 prestiti

336 4243 402 4315 per
423 4241 526 4301 eum,
552 4216 655 4319 quod
681 4215 822 4291 nentini
849 4213 1027 4292 revelaret
1046 4213 1231 4320 predicte;
1254 4213 1325 4289 alia
1346 4213 1474 4291 illicita
1489 4242 1570 4290 non
1595 4215 1750 4290 interve-

336 4362 471 4419 nerunt
498 4345 536 4418 in
558 4346 655 4422 dicta
681 4347 899 4449 recepcione
927 4374 1009 4431 sua,
1038 4373 1107 4420 nec
1133 4362 1228 4450 post.
1257 4344 1471 4449 Requisitus
1494 4344 1526 4419 si
1546 4344 1693 4420 dixerat
1718 4343 1747 4418 ei

333 4474 436 4576 quod
457 4477 623 4579 predicta
639 4493 763 4554 essent
785 4477 830 4550 de
847 4475 995 4580 punctis
1010 4473 1175 4561 ordinis,
1195 4473 1390 4580 respondit
1402 4474 1508 4579 quod
1528 4502 1621 4550 non.
1642 4476 1745 4561 ltem,

335 4602 426 4676 dixit
443 4605 546 4706 quod
567 4606 645 4708 ipse
666 4605 842 4682 credebat
855 4603 1110 4682 ecclesiasticis
1126 4604 1375 4694 sacramentis,
1393 4603 1552 4680 credens
1574 4603 1680 4711 quod
1688 4601 1744 4678 alii

333 4727 463 4804 fratres
482 4732 580 4806 hene
593 4736 798 4822 crederent,
816 4736 967 4841 etquod
985 4762 1117 4812 eorum
1128 4736 1340 4838 sacerdotes
1352 4734 1481 4811 debite
1496 4735 1741 4815 celebrarent;

213 4896 215 4899 ·
334 4886 403 4934 nec
431 4860 547 4933 credit
575 4864 678 4964 quod
704 4894 835 4941 eorum
856 4867 938 4942 laici
970 4866 1205 4943 absolverent
1231 4893 1300 4943 nec
1324 4886 1478 4969 possent
1509 4864 1698 4944 absolvere
1722 4892 1743 4935 a
