<?xml version="1.0" encoding="UTF-8"?>
<!DOCTYPE html PUBLIC "-//W3C//DTD XHTML 1.0 Transitional//EN"
    "http://www.w3.org/TR/xhtml1/DTD/xhtml1-transitional.dtd">
<html xmlns="http://www.w3.org/1999/xhtml" xml:lang="en" lang="en">
 <head>
  <title>
</title>
<meta http-equiv="Content-Type" content="text/html;charset=utf-8" />
  <meta name='ocr-system' content='tesseract 3.04.00' />
  <meta name='ocr-capabilities' content='ocr_page ocr_carea ocr_par ocr_line ocrx_word'/>
</head>
<body>
  <div class='ocr_page' id='page_1' title='image "./procsdestemplie02defegoog_0262.png"; bbox 0 0 4080 6052; ppageno 0'>
   <div class='ocr_carea' id='block_1_1' title="bbox 307 489 1338 587">
    <p class='ocr_par' dir='ltr' id='par_1_1' title="bbox 307 489 1338 587">
     <span class='ocr_line' id='line_1_1' title="bbox 307 489 1338 587; baseline -0.01 -1"><span class='ocrx_word' id='word_1_1' title='bbox 307 512 381 587; x_wconf 80' lang='grc' dir='ltr'><strong>ιιι</strong></span> <span class='ocrx_word' id='word_1_2' title='bbox 693 489 889 584; x_wconf 75' lang='lat' dir='ltr'><strong>rsocr&#39;ss</strong></span> <span class='ocrx_word' id='word_1_3' title='bbox 915 506 1011 580; x_wconf 82' lang='lat' dir='ltr'><strong>uss</strong></span> <span class='ocrx_word' id='word_1_4' title='bbox 1036 504 1338 579; x_wconf 80' lang='lat' dir='ltr'><strong>rnurnurss</strong></span> 
     </span>
    </p>
   </div>
   <div class='ocr_carea' id='block_1_2' title="bbox 306 643 1757 2454">
    <p class='ocr_par' dir='ltr' id='par_1_2' title="bbox 306 643 1738 1155">
     <span class='ocr_line' id='line_1_2' title="bbox 306 643 1738 758; baseline -0.008 -23"><span class='ocrx_word' id='word_1_5' title='bbox 306 658 447 741; x_wconf 89' lang='lat' dir='ltr'><strong>Deum,</strong></span> <span class='ocrx_word' id='word_1_6' title='bbox 468 678 538 729; x_wconf 91' lang='lat' dir='ltr'><strong>nec</strong></span> <span class='ocrx_word' id='word_1_7' title='bbox 562 649 726 758; x_wconf 85' lang='lat' dir='ltr'><strong>aliquam</strong></span> <span class='ocrx_word' id='word_1_8' title='bbox 750 650 1043 735; x_wconf 73' lang='lat' dir='ltr'><strong>inhonestatem,</strong></span> <span class='ocrx_word' id='word_1_9' title='bbox 1070 661 1114 722; x_wconf 93' lang='lat' dir='ltr'><strong>ut</strong></span> <span class='ocrx_word' id='word_1_10' title='bbox 1139 645 1242 722; x_wconf 82' lang='lat' dir='ltr'><strong>dixit.</strong></span> <span class='ocrx_word' id='word_1_11' title='bbox 1264 643 1482 751; x_wconf 88' lang='lat' dir='ltr'><strong>Requisitus</strong></span> <span class='ocrx_word' id='word_1_12' title='bbox 1506 645 1537 721; x_wconf 92' lang='lat' dir='ltr'><strong>si</strong></span> <span class='ocrx_word' id='word_1_13' title='bbox 1565 645 1604 721; x_wconf 92' lang='lat' dir='ltr'><strong>in</strong></span> <span class='ocrx_word' id='word_1_14' title='bbox 1630 672 1738 724; x_wconf 89' lang='lat' dir='ltr'><strong>rece-</strong></span> 
     </span>
     <span class='ocr_line' id='line_1_3' title="bbox 307 773 1737 891; baseline -0.005 -30"><span class='ocrx_word' id='word_1_15' title='bbox 307 786 439 891; x_wconf 86' lang='lat' dir='ltr'><strong>pcione</strong></span> <span class='ocrx_word' id='word_1_16' title='bbox 456 810 540 873; x_wconf 93' lang='lat' dir='ltr'><strong>sua,</strong></span> <span class='ocrx_word' id='word_1_17' title='bbox 558 779 616 857; x_wconf 85' lang='lat' dir='ltr'><strong>vel</strong></span> <span class='ocrx_word' id='word_1_18' title='bbox 636 779 742 867; x_wconf 89' lang='lat' dir='ltr'><strong>alias,</strong></span> <span class='ocrx_word' id='word_1_19' title='bbox 758 777 830 856; x_wconf 85' lang='lat' dir='ltr'><strong>luit</strong></span> <span class='ocrx_word' id='word_1_20' title='bbox 847 777 882 854; x_wconf 92' lang='lat' dir='ltr'><strong>ei</strong></span> <span class='ocrx_word' id='word_1_21' title='bbox 903 775 1116 883; x_wconf 87' lang='lat' dir='ltr'><strong>injunctum</strong></span> <span class='ocrx_word' id='word_1_22' title='bbox 1131 775 1237 881; x_wconf 90' lang='lat' dir='ltr'><strong>quod</strong></span> <span class='ocrx_word' id='word_1_23' title='bbox 1256 775 1287 852; x_wconf 89' lang='lat' dir='ltr'><strong>si</strong></span> <span class='ocrx_word' id='word_1_24' title='bbox 1308 773 1542 881; x_wconf 86' lang='lat' dir='ltr'><strong>contingeret</strong></span> <span class='ocrx_word' id='word_1_25' title='bbox 1561 803 1658 853; x_wconf 90' lang='lat' dir='ltr'><strong>eum</strong></span> <span class='ocrx_word' id='word_1_26' title='bbox 1676 804 1737 854; x_wconf 85' lang='lat' dir='ltr'><strong>re-</strong></span> 
     </span>
     <span class='ocr_line' id='line_1_4' title="bbox 308 903 1735 1024; baseline -0.007 -30"><span class='ocrx_word' id='word_1_27' title='bbox 308 919 431 1024; x_wconf 85' lang='lat' dir='ltr'><strong>cipere</strong></span> <span class='ocrx_word' id='word_1_28' title='bbox 456 914 616 1021; x_wconf 89' lang='lat' dir='ltr'><strong>aliquos,</strong></span> <span class='ocrx_word' id='word_1_29' title='bbox 642 910 779 988; x_wconf 84' lang='lat' dir='ltr'><strong>faceret</strong></span> <span class='ocrx_word' id='word_1_30' title='bbox 805 937 870 986; x_wconf 87' lang='lat' dir='ltr'><strong>eos</strong></span> <span class='ocrx_word' id='word_1_31' title='bbox 895 906 1081 1012; x_wconf 84' lang='lat' dir='ltr'><strong>abnegare</strong></span> <span class='ocrx_word' id='word_1_32' title='bbox 1103 905 1245 994; x_wconf 89' lang='lat' dir='ltr'><strong>Deum,</strong></span> <span class='ocrx_word' id='word_1_33' title='bbox 1273 905 1369 983; x_wconf 90' lang='lat' dir='ltr'><strong>sicut</strong></span> <span class='ocrx_word' id='word_1_34' title='bbox 1392 905 1471 1012; x_wconf 88' lang='lat' dir='ltr'><strong>ipse</strong></span> <span class='ocrx_word' id='word_1_35' title='bbox 1497 903 1735 999; x_wconf 49' lang='lat' dir='ltr'><strong>feneratae·</strong></span> 
     </span>
     <span class='ocr_line' id='line_1_5' title="bbox 307 1045 691 1155; baseline -0.011 -32"><span class='ocrx_word' id='word_1_36' title='bbox 307 1046 459 1155; x_wconf 86' lang='lat' dir='ltr'><strong>spondit</strong></span> <span class='ocrx_word' id='word_1_37' title='bbox 477 1045 582 1152; x_wconf 93' lang='lat' dir='ltr'><strong>quod</strong></span> <span class='ocrx_word' id='word_1_38' title='bbox 601 1070 691 1120; x_wconf 90' lang='lat' dir='ltr'><strong>non.</strong></span> 
     </span>
    </p>

    <p class='ocr_par' dir='ltr' id='par_1_3' title="bbox 307 1167 1757 2454">
     <span class='ocr_line' id='line_1_6' title="bbox 364 1167 1731 1276; baseline -0.006 -22"><span class='ocrx_word' id='word_1_39' title='bbox 364 1180 475 1264; x_wconf 88' lang='lat' dir='ltr'><strong>Item,</strong></span> <span class='ocrx_word' id='word_1_40' title='bbox 498 1174 592 1251; x_wconf 82' lang='lat' dir='ltr'><strong>dixit</strong></span> <span class='ocrx_word' id='word_1_41' title='bbox 610 1201 650 1250; x_wconf 90' lang='lat' dir='ltr'><strong>se</strong></span> <span class='ocrx_word' id='word_1_42' title='bbox 669 1169 884 1249; x_wconf 78' lang='lat' dir='ltr'><strong>interfuisse</strong></span> <span class='ocrx_word' id='word_1_43' title='bbox 899 1168 1109 1275; x_wconf 86' lang='lat' dir='ltr'><strong>recepcionr</strong></span> <span class='ocrx_word' id='word_1_44' title='bbox 1099 1167 1248 1246; x_wconf 81' lang='lat' dir='ltr'><strong>fratris</strong></span> <span class='ocrx_word' id='word_1_45' title='bbox 1260 1168 1388 1247; x_wconf 77' lang='lat' dir='ltr'><strong>Jnobi</strong></span> <span class='ocrx_word' id='word_1_46' title='bbox 1404 1170 1452 1247; x_wconf 89' lang='lat' dir='ltr'><strong>de</strong></span> <span class='ocrx_word' id='word_1_47' title='bbox 1466 1168 1731 1276; x_wconf 84' lang='lat' dir='ltr'><strong>Bergnicuria‚</strong></span> 
     </span>
     <span class='ocr_line' id='line_1_7' title="bbox 308 1296 1735 1414; baseline -0.006 -30"><span class='ocrx_word' id='word_1_48' title='bbox 308 1337 371 1414; x_wconf 86' lang='lat' dir='ltr'><strong>qur</strong></span> <span class='ocrx_word' id='word_1_49' title='bbox 364 1305 533 1385; x_wconf 87' lang='lat' dir='ltr'><strong>dicitur</strong></span> <span class='ocrx_word' id='word_1_50' title='bbox 552 1302 707 1388; x_wconf 89' lang='lat' dir='ltr'><strong>obiisse,</strong></span> <span class='ocrx_word' id='word_1_51' title='bbox 730 1317 768 1378; x_wconf 89' lang='lat' dir='ltr'><strong>et</strong></span> <span class='ocrx_word' id='word_1_52' title='bbox 786 1298 860 1377; x_wconf 84' lang='lat' dir='ltr'><strong>fuit</strong></span> <span class='ocrx_word' id='word_1_53' title='bbox 878 1314 1086 1405; x_wconf 87' lang='lat' dir='ltr'><strong>receptusa</strong></span> <span class='ocrx_word' id='word_1_54' title='bbox 1105 1296 1218 1376; x_wconf 83' lang='lat' dir='ltr'><strong>fratre</strong></span> <span class='ocrx_word' id='word_1_55' title='bbox 1237 1301 1349 1405; x_wconf 83' lang='lat' dir='ltr'><strong>Hugo</strong></span> <span class='ocrx_word' id='word_1_56' title='bbox 1367 1299 1415 1376; x_wconf 93' lang='lat' dir='ltr'><strong>de</strong></span> <span class='ocrx_word' id='word_1_57' title='bbox 1435 1299 1689 1376; x_wconf 87' lang='lat' dir='ltr'><strong>Paurando</strong></span> <span class='ocrx_word' id='word_1_58' title='bbox 1656 1300 1735 1377; x_wconf 87' lang='lat' dir='ltr'><strong>vrsi-</strong></span> 
     </span>
     <span class='ocr_line' id='line_1_8' title="bbox 307 1427 1733 1535; baseline -0.003 -23"><span class='ocrx_word' id='word_1_59' title='bbox 307 1455 427 1516; x_wconf 85' lang='lat' dir='ltr'><strong>tatore</strong></span> <span class='ocrx_word' id='word_1_60' title='bbox 446 1432 589 1512; x_wconf 83' lang='lat' dir='ltr'><strong>ordinis</strong></span> <span class='ocrx_word' id='word_1_61' title='bbox 602 1428 770 1535; x_wconf 85' lang='lat' dir='ltr'><strong>Templi,</strong></span> <span class='ocrx_word' id='word_1_62' title='bbox 786 1431 826 1506; x_wconf 91' lang='lat' dir='ltr'><strong>in</strong></span> <span class='ocrx_word' id='word_1_63' title='bbox 846 1427 988 1534; x_wconf 89' lang='lat' dir='ltr'><strong>capella</strong></span> <span class='ocrx_word' id='word_1_64' title='bbox 1005 1427 1104 1505; x_wconf 81' lang='lat' dir='ltr'><strong>dicte</strong></span> <span class='ocrx_word' id='word_1_65' title='bbox 1120 1428 1256 1505; x_wconf 91' lang='lat' dir='ltr'><strong>domus</strong></span> <span class='ocrx_word' id='word_1_66' title='bbox 1269 1427 1419 1534; x_wconf 86' lang='lat' dir='ltr'><strong>Templi</strong></span> <span class='ocrx_word' id='word_1_67' title='bbox 1440 1428 1488 1505; x_wconf 93' lang='lat' dir='ltr'><strong>de</strong></span> <span class='ocrx_word' id='word_1_68' title='bbox 1508 1429 1733 1521; x_wconf 90' lang='lat' dir='ltr'><strong>Somorens,</strong></span> 
     </span>
     <span class='ocr_line' id='line_1_9' title="bbox 309 1556 1733 1666; baseline -0.004 -23"><span class='ocrx_word' id='word_1_69' title='bbox 309 1584 397 1643; x_wconf 89' lang='lat' dir='ltr'><strong>sunt</strong></span> <span class='ocrx_word' id='word_1_70' title='bbox 415 1591 465 1642; x_wconf 89' lang='grc' dir='ltr'><strong>ιιι</strong></span> <span class='ocrx_word' id='word_1_71' title='bbox 484 1563 571 1639; x_wconf 92' lang='lat' dir='ltr'><strong>anni</strong></span> <span class='ocrx_word' id='word_1_72' title='bbox 586 1561 645 1638; x_wconf 88' lang='lat' dir='ltr'><strong>vel</strong></span> <span class='ocrx_word' id='word_1_73' title='bbox 665 1561 775 1651; x_wconf 88' lang='lat' dir='ltr'><strong>circa,</strong></span> <span class='ocrx_word' id='word_1_74' title='bbox 796 1576 839 1636; x_wconf 91' lang='lat' dir='ltr'><strong>ut</strong></span> <span class='ocrx_word' id='word_1_75' title='bbox 856 1559 990 1647; x_wconf 85' lang='lat' dir='ltr'><strong>credit,</strong></span> <span class='ocrx_word' id='word_1_76' title='bbox 1010 1575 1048 1635; x_wconf 91' lang='lat' dir='ltr'><strong>et</strong></span> <span class='ocrx_word' id='word_1_77' title='bbox 1063 1556 1220 1635; x_wconf 81' lang='lat' dir='ltr'><strong>fuerunt</strong></span> <span class='ocrx_word' id='word_1_78' title='bbox 1236 1576 1430 1666; x_wconf 82' lang='lat' dir='ltr'><strong>presentes</strong></span> <span class='ocrx_word' id='word_1_79' title='bbox 1448 1561 1644 1666; x_wconf 86' lang='lat' dir='ltr'><strong>predictus</strong></span> <span class='ocrx_word' id='word_1_80' title='bbox 1664 1561 1733 1639; x_wconf 84' lang='lat' dir='ltr'><strong>lra-</strong></span> 
     </span>
     <span class='ocr_line' id='line_1_10' title="bbox 308 1687 1731 1780; baseline -0.001 -8"><span class='ocrx_word' id='word_1_81' title='bbox 308 1713 367 1772; x_wconf 91' lang='lat' dir='ltr'><strong>ter</strong></span> <span class='ocrx_word' id='word_1_82' title='bbox 391 1692 594 1779; x_wconf 85' lang='lat' dir='ltr'><strong>Robertus,</strong></span> <span class='ocrx_word' id='word_1_83' title='bbox 615 1689 704 1767; x_wconf 89' lang='lat' dir='ltr'><strong>alias</strong></span> <span class='ocrx_word' id='word_1_84' title='bbox 726 1705 877 1766; x_wconf 86' lang='lat' dir='ltr'><strong>vocatus</strong></span> <span class='ocrx_word' id='word_1_85' title='bbox 901 1689 949 1766; x_wconf 92' lang='lat' dir='ltr'><strong>de</strong></span> <span class='ocrx_word' id='word_1_86' title='bbox 976 1687 1147 1780; x_wconf 85' lang='lat' dir='ltr'><strong>Belvaco,</strong></span> <span class='ocrx_word' id='word_1_87' title='bbox 1172 1705 1210 1766; x_wconf 92' lang='lat' dir='ltr'><strong>et</strong></span> <span class='ocrx_word' id='word_1_88' title='bbox 1233 1688 1347 1766; x_wconf 81' lang='lat' dir='ltr'><strong>frater</strong></span> <span class='ocrx_word' id='word_1_89' title='bbox 1374 1687 1553 1767; x_wconf 87' lang='lat' dir='ltr'><strong>Albertus</strong></span> <span class='ocrx_word' id='word_1_90' title='bbox 1581 1709 1731 1770; x_wconf 85' lang='lat' dir='ltr'><strong>curatus</strong></span> 
     </span>
     <span class='ocr_line' id='line_1_11' title="bbox 310 1817 1730 1920; baseline -0.003 -16"><span class='ocrx_word' id='word_1_91' title='bbox 310 1828 409 1904; x_wconf 88' lang='lat' dir='ltr'><strong>dicte</strong></span> <span class='ocrx_word' id='word_1_92' title='bbox 428 1826 564 1903; x_wconf 91' lang='lat' dir='ltr'><strong>domus</strong></span> <span class='ocrx_word' id='word_1_93' title='bbox 584 1821 631 1899; x_wconf 92' lang='lat' dir='ltr'><strong>de</strong></span> <span class='ocrx_word' id='word_1_94' title='bbox 652 1822 872 1909; x_wconf 74' lang='lat' dir='ltr'><strong>samareus,</strong></span> <span class='ocrx_word' id='word_1_95' title='bbox 892 1835 930 1920; x_wconf 84' lang='lat' dir='ltr'><strong>et</strong></span> <span class='ocrx_word' id='word_1_96' title='bbox 947 1817 1107 1897; x_wconf 83' lang='lat' dir='ltr'><strong>lacobus</strong></span> <span class='ocrx_word' id='word_1_97' title='bbox 1122 1820 1170 1897; x_wconf 99' lang='lat' dir='ltr'><strong>de</strong></span> <span class='ocrx_word' id='word_1_98' title='bbox 1185 1817 1317 1898; x_wconf 84' lang='lat' dir='ltr'><strong>Hubeo</strong></span> <span class='ocrx_word' id='word_1_99' title='bbox 1337 1820 1466 1898; x_wconf 90' lang='lat' dir='ltr'><strong>Monte</strong></span> <span class='ocrx_word' id='word_1_100' title='bbox 1483 1837 1522 1898; x_wconf 89' lang='lat' dir='ltr'><strong>et</strong></span> <span class='ocrx_word' id='word_1_101' title='bbox 1541 1821 1730 1901; x_wconf 77' lang='lat' dir='ltr'><strong>lohannes</strong></span> 
     </span>
     <span class='ocr_line' id='line_1_12' title="bbox 310 1948 1732 2059; baseline -0.001 -28"><span class='ocrx_word' id='word_1_102' title='bbox 310 1959 357 2032; x_wconf 89' lang='lat' dir='ltr'><strong>de</strong></span> <span class='ocrx_word' id='word_1_103' title='bbox 377 1955 446 2035; x_wconf 85' lang='lat' dir='ltr'><strong>Via</strong></span> <span class='ocrx_word' id='word_1_104' title='bbox 463 1952 640 2059; x_wconf 84' lang='lat' dir='ltr'><strong>predicti,</strong></span> <span class='ocrx_word' id='word_1_105' title='bbox 662 1967 700 2027; x_wconf 89' lang='lat' dir='ltr'><strong>et</strong></span> <span class='ocrx_word' id='word_1_106' title='bbox 724 1950 763 2025; x_wconf 92' lang='lat' dir='ltr'><strong>in</strong></span> <span class='ocrx_word' id='word_1_107' title='bbox 784 1949 883 2028; x_wconf 75' lang='lat' dir='ltr'><strong>dieta</strong></span> <span class='ocrx_word' id='word_1_108' title='bbox 900 1948 1120 2054; x_wconf 86' lang='lat' dir='ltr'><strong>recepcione</strong></span> <span class='ocrx_word' id='word_1_109' title='bbox 1143 1948 1261 2026; x_wconf 91' lang='lat' dir='ltr'><strong>nichil</strong></span> <span class='ocrx_word' id='word_1_110' title='bbox 1285 1949 1399 2051; x_wconf 86' lang='lat' dir='ltr'><strong>aliud</strong></span> <span class='ocrx_word' id='word_1_111' title='bbox 1411 1948 1553 2028; x_wconf 84' lang='lat' dir='ltr'><strong>factum</strong></span> <span class='ocrx_word' id='word_1_112' title='bbox 1579 1951 1667 2045; x_wconf 80' lang='lat' dir='ltr'><strong>fuit,</strong></span> <span class='ocrx_word' id='word_1_113' title='bbox 1688 1970 1732 2031; x_wconf 85' lang='lat' dir='ltr'><strong>ut</strong></span> 
     </span>
     <span class='ocr_line' id='line_1_13' title="bbox 311 2078 1732 2190; baseline 0.001 -29"><span class='ocrx_word' id='word_1_114' title='bbox 311 2086 422 2177; x_wconf 81' lang='lat' dir='ltr'><strong>dixit,</strong></span> <span class='ocrx_word' id='word_1_115' title='bbox 440 2084 546 2190; x_wconf 89' lang='lat' dir='ltr'><strong>quod</strong></span> <span class='ocrx_word' id='word_1_116' title='bbox 566 2083 645 2188; x_wconf 89' lang='lat' dir='ltr'><strong>ipse</strong></span> <span class='ocrx_word' id='word_1_117' title='bbox 666 2080 812 2159; x_wconf 85' lang='lat' dir='ltr'><strong>sciverit</strong></span> <span class='ocrx_word' id='word_1_118' title='bbox 830 2078 889 2156; x_wconf 88' lang='lat' dir='ltr'><strong>vel</strong></span> <span class='ocrx_word' id='word_1_119' title='bbox 907 2078 1059 2170; x_wconf 83' lang='lat' dir='ltr'><strong>uiderit,</strong></span> <span class='ocrx_word' id='word_1_120' title='bbox 1081 2078 1152 2156; x_wconf 92' lang='lat' dir='ltr'><strong>nisi</strong></span> <span class='ocrx_word' id='word_1_121' title='bbox 1171 2081 1277 2186; x_wconf 90' lang='lat' dir='ltr'><strong>quod</strong></span> <span class='ocrx_word' id='word_1_122' title='bbox 1304 2080 1383 2186; x_wconf 89' lang='lat' dir='ltr'><strong>ipse</strong></span> <span class='ocrx_word' id='word_1_123' title='bbox 1407 2081 1513 2159; x_wconf 91' lang='lat' dir='ltr'><strong>testis</strong></span> <span class='ocrx_word' id='word_1_124' title='bbox 1532 2111 1648 2190; x_wconf 89' lang='lat' dir='ltr'><strong>supra</strong></span> <span class='ocrx_word' id='word_1_125' title='bbox 1668 2086 1732 2163; x_wconf 91' lang='lat' dir='ltr'><strong>de·</strong></span> 
     </span>
     <span class='ocr_line' id='line_1_14' title="bbox 310 2209 1757 2321; baseline 0.001 -28"><span class='ocrx_word' id='word_1_126' title='bbox 310 2216 437 2321; x_wconf 88' lang='lat' dir='ltr'><strong>posuit</strong></span> <span class='ocrx_word' id='word_1_127' title='bbox 454 2241 494 2291; x_wconf 89' lang='lat' dir='ltr'><strong>se</strong></span> <span class='ocrx_word' id='word_1_128' title='bbox 514 2212 645 2290; x_wconf 84' lang='lat' dir='ltr'><strong>fecisse</strong></span> <span class='ocrx_word' id='word_1_129' title='bbox 663 2213 704 2289; x_wconf 91' lang='lat' dir='ltr'><strong>in</strong></span> <span class='ocrx_word' id='word_1_130' title='bbox 723 2209 941 2316; x_wconf 75' lang='lat' dir='ltr'><strong>receptione</strong></span> <span class='ocrx_word' id='word_1_131' title='bbox 962 2209 1263 2315; x_wconf 88' lang='lat' dir='ltr'><strong>supradictorum</strong></span> <span class='ocrx_word' id='word_1_132' title='bbox 1282 2211 1399 2289; x_wconf 91' lang='lat' dir='ltr'><strong>trium</strong></span> <span class='ocrx_word' id='word_1_133' title='bbox 1417 2240 1512 2319; x_wconf 86' lang='lat' dir='ltr'><strong>quos</strong></span> <span class='ocrx_word' id='word_1_134' title='bbox 1531 2214 1614 2319; x_wconf 90' lang='lat' dir='ltr'><strong>ipse</strong></span> <span class='ocrx_word' id='word_1_135' title='bbox 1636 2244 1757 2313; x_wconf 51' lang='lat' dir='ltr'><strong>rece,</strong></span> 
     </span>
     <span class='ocr_line' id='line_1_15' title="bbox 311 2341 1731 2454; baseline 0.004 -32"><span class='ocrx_word' id='word_1_136' title='bbox 311 2348 375 2452; x_wconf 89' lang='lat' dir='ltr'><strong>pit.</strong></span> <span class='ocrx_word' id='word_1_137' title='bbox 392 2345 609 2452; x_wconf 82' lang='lat' dir='ltr'><strong>Requisitus</strong></span> <span class='ocrx_word' id='word_1_138' title='bbox 626 2344 657 2421; x_wconf 92' lang='lat' dir='ltr'><strong>si</strong></span> <span class='ocrx_word' id='word_1_139' title='bbox 672 2342 792 2420; x_wconf 91' lang='lat' dir='ltr'><strong>credit</strong></span> <span class='ocrx_word' id='word_1_140' title='bbox 806 2341 912 2447; x_wconf 91' lang='lat' dir='ltr'><strong>quod</strong></span> <span class='ocrx_word' id='word_1_141' title='bbox 926 2341 966 2417; x_wconf 93' lang='lat' dir='ltr'><strong>in</strong></span> <span class='ocrx_word' id='word_1_142' title='bbox 980 2341 1113 2419; x_wconf 90' lang='lat' dir='ltr'><strong>ordine</strong></span> <span class='ocrx_word' id='word_1_143' title='bbox 1126 2341 1296 2447; x_wconf 88' lang='lat' dir='ltr'><strong>predicto</strong></span> <span class='ocrx_word' id='word_1_144' title='bbox 1311 2341 1447 2420; x_wconf 86' lang='lat' dir='ltr'><strong>fierent</strong></span> <span class='ocrx_word' id='word_1_145' title='bbox 1461 2344 1731 2454; x_wconf 84' lang='lat' dir='ltr'><strong>abnegaciones</strong></span> 
     </span>
    </p>
   </div>
   <div class='ocr_carea' id='block_1_3' title="bbox 188 2471 1730 2583">
    <p class='ocr_par' dir='ltr' id='par_1_4' title="bbox 188 2471 1730 2583">
     <span class='ocr_line' id='line_1_16' title="bbox 188 2471 1730 2583; baseline 0.003 -28"><span class='ocrx_word' id='word_1_146' title='bbox 188 2490 193 2498; x_wconf 88' lang='lat'>&#39;</span> <span class='ocrx_word' id='word_1_147' title='bbox 310 2478 478 2583; x_wconf 88' lang='lat' dir='ltr'><strong>predicte</strong></span> <span class='ocrx_word' id='word_1_148' title='bbox 493 2492 668 2555; x_wconf 83' lang='lat' dir='ltr'><strong>contente</strong></span> <span class='ocrx_word' id='word_1_149' title='bbox 683 2475 723 2551; x_wconf 95' lang='lat' dir='ltr'><strong>in</strong></span> <span class='ocrx_word' id='word_1_150' title='bbox 738 2473 847 2552; x_wconf 91' lang='lat' dir='ltr'><strong>dictis</strong></span> <span class='ocrx_word' id='word_1_151' title='bbox 861 2500 897 2553; x_wconf 86' lang='grc' dir='ltr'><strong>ιι</strong></span> <span class='ocrx_word' id='word_1_152' title='bbox 914 2472 1080 2550; x_wconf 87' lang='lat' dir='ltr'><strong>articulis</strong></span> <span class='ocrx_word' id='word_1_153' title='bbox 1098 2472 1158 2548; x_wconf 84' lang='lat' dir='ltr'><strong>vel</strong></span> <span class='ocrx_word' id='word_1_154' title='bbox 1177 2471 1302 2579; x_wconf 90' lang='lat' dir='ltr'><strong>aliqua</strong></span> <span class='ocrx_word' id='word_1_155' title='bbox 1321 2502 1365 2551; x_wconf 80' lang='lat' dir='ltr'><strong>ex</strong></span> <span class='ocrx_word' id='word_1_156' title='bbox 1385 2475 1454 2565; x_wconf 88' lang='lat' dir='ltr'><strong>eis,</strong></span> <span class='ocrx_word' id='word_1_157' title='bbox 1476 2480 1675 2583; x_wconf 90' lang='lat' dir='ltr'><strong>respondit</strong></span> <span class='ocrx_word' id='word_1_158' title='bbox 1692 2508 1730 2558; x_wconf 90' lang='lat' dir='ltr'><strong>se</strong></span> 
     </span>
    </p>
   </div>
   <div class='ocr_carea' id='block_1_4' title="bbox 303 2602 1788 4944">
    <p class='ocr_par' dir='ltr' id='par_1_5' title="bbox 310 2602 1731 3102">
     <span class='ocr_line' id='line_1_17' title="bbox 311 2602 1731 2749; baseline 0.004 -66"><span class='ocrx_word' id='word_1_159' title='bbox 311 2610 464 2687; x_wconf 87' lang='lat' dir='ltr'><strong>credere</strong></span> <span class='ocrx_word' id='word_1_160' title='bbox 491 2608 598 2714; x_wconf 92' lang='lat' dir='ltr'><strong>quod</strong></span> <span class='ocrx_word' id='word_1_161' title='bbox 620 2605 666 2682; x_wconf 88' lang='lat' dir='ltr'><strong>ab</strong></span> <span class='ocrx_word' id='word_1_162' title='bbox 691 2603 881 2711; x_wconf 87' lang='lat' dir='ltr'><strong>aliquibus</strong></span> <span class='ocrx_word' id='word_1_163' title='bbox 905 2620 943 2680; x_wconf 89' lang='lat' dir='ltr'><strong>et</strong></span> <span class='ocrx_word' id='word_1_164' title='bbox 967 2603 1005 2679; x_wconf 92' lang='lat' dir='ltr'><strong>in</strong></span> <span class='ocrx_word' id='word_1_165' title='bbox 1030 2602 1221 2749; x_wconf 85' lang='lat' dir='ltr'><strong>aliquibus</strong></span> <span class='ocrx_word' id='word_1_166' title='bbox 1242 2602 1334 2681; x_wconf 91' lang='lat' dir='ltr'><strong>locis</strong></span> <span class='ocrx_word' id='word_1_167' title='bbox 1357 2605 1509 2697; x_wconf 85' lang='lat' dir='ltr'><strong>fierent,</strong></span> <span class='ocrx_word' id='word_1_168' title='bbox 1536 2609 1731 2718; x_wconf 88' lang='lat' dir='ltr'><strong>sicutipse</strong></span> 
     </span>
     <span class='ocr_line' id='line_1_18' title="bbox 310 2732 1729 2850; baseline 0.006 -39"><span class='ocrx_word' id='word_1_169' title='bbox 310 2739 413 2830; x_wconf 86' lang='lat' dir='ltr'><strong>fecit,</strong></span> <span class='ocrx_word' id='word_1_170' title='bbox 431 2739 521 2846; x_wconf 87' lang='lat' dir='ltr'><strong>quia</strong></span> <span class='ocrx_word' id='word_1_171' title='bbox 539 2764 618 2815; x_wconf 92' lang='lat' dir='ltr'><strong>non</strong></span> <span class='ocrx_word' id='word_1_172' title='bbox 639 2735 759 2813; x_wconf 89' lang='lat' dir='ltr'><strong>credit</strong></span> <span class='ocrx_word' id='word_1_173' title='bbox 777 2733 911 2841; x_wconf 92' lang='lat' dir='ltr'><strong>quod</strong></span> <span class='ocrx_word' id='word_1_174' title='bbox 901 2761 980 2839; x_wconf 81' lang='lat' dir='ltr'><strong>ipse</strong></span> <span class='ocrx_word' id='word_1_175' title='bbox 1003 2732 1117 2812; x_wconf 86' lang='lat' dir='ltr'><strong>fuerit</strong></span> <span class='ocrx_word' id='word_1_176' title='bbox 1134 2734 1280 2844; x_wconf 90' lang='lat' dir='ltr'><strong>primus</strong></span> <span class='ocrx_word' id='word_1_177' title='bbox 1298 2762 1369 2813; x_wconf 91' lang='lat' dir='ltr'><strong>nec</strong></span> <span class='ocrx_word' id='word_1_178' title='bbox 1387 2737 1520 2816; x_wconf 90' lang='lat' dir='ltr'><strong>solus</strong></span> <span class='ocrx_word' id='word_1_179' title='bbox 1511 2768 1552 2817; x_wconf 87' lang='grc' dir='ltr'><strong>ιιι</strong></span> <span class='ocrx_word' id='word_1_180' title='bbox 1573 2740 1729 2850; x_wconf 84' lang='lat' dir='ltr'><strong>abnega-</strong></span> 
     </span>
     <span class='ocr_line' id='line_1_19' title="bbox 312 2863 1730 3020; baseline 0.009 -81"><span class='ocrx_word' id='word_1_181' title='bbox 312 2867 417 2942; x_wconf 89' lang='lat' dir='ltr'><strong>cione</strong></span> <span class='ocrx_word' id='word_1_182' title='bbox 441 2867 635 2972; x_wconf 89' lang='lat' dir='ltr'><strong>predicta·</strong></span> <span class='ocrx_word' id='word_1_183' title='bbox 649 2866 718 2942; x_wconf 89' lang='lat' dir='ltr'><strong>scit</strong></span> <span class='ocrx_word' id='word_1_184' title='bbox 741 2882 868 2943; x_wconf 91' lang='lat' dir='ltr'><strong>tamen</strong></span> <span class='ocrx_word' id='word_1_185' title='bbox 892 2863 1008 2954; x_wconf 88' lang='lat' dir='ltr'><strong>bene,</strong></span> <span class='ocrx_word' id='word_1_186' title='bbox 1028 2881 1073 2942; x_wconf 92' lang='lat' dir='ltr'><strong>ut</strong></span> <span class='ocrx_word' id='word_1_187' title='bbox 1097 2864 1208 3020; x_wconf 74' lang='lat' dir='ltr'><strong>dixit,</strong></span> <span class='ocrx_word' id='word_1_188' title='bbox 1232 2866 1371 2973; x_wconf 92' lang='lat' dir='ltr'><strong>quod</strong></span> <span class='ocrx_word' id='word_1_189' title='bbox 1360 2896 1400 2944; x_wconf 93' lang='lat' dir='ltr'><strong>m</strong></span> <span class='ocrx_word' id='word_1_190' title='bbox 1424 2868 1617 2977; x_wconf 85' lang='lat' dir='ltr'><strong>aliquibus</strong></span> <span class='ocrx_word' id='word_1_191' title='bbox 1639 2872 1730 2951; x_wconf 87' lang='lat' dir='ltr'><strong>locis</strong></span> 
     </span>
     <span class='ocr_line' id='line_1_20' title="bbox 312 2993 1038 3102; baseline 0.007 -34"><span class='ocrx_word' id='word_1_192' title='bbox 312 3022 388 3070; x_wconf 90' lang='lat' dir='ltr'><strong>non</strong></span> <span class='ocrx_word' id='word_1_193' title='bbox 407 2993 549 3072; x_wconf 87' lang='lat' dir='ltr'><strong>fiebant</strong></span> <span class='ocrx_word' id='word_1_194' title='bbox 568 2996 664 3071; x_wconf 91' lang='lat' dir='ltr'><strong>dicte</strong></span> <span class='ocrx_word' id='word_1_195' title='bbox 686 2996 967 3102; x_wconf 82' lang='lat' dir='ltr'><strong>abnegaciones</strong></span> <span class='ocrx_word' id='word_1_196' title='bbox 1033 3038 1038 3049; x_wconf 85' lang='lat'>.</span> 
     </span>
    </p>

    <p class='ocr_par' dir='ltr' id='par_1_6' title="bbox 312 3124 1730 3467">
     <span class='ocr_line' id='line_1_21' title="bbox 369 3124 1730 3243; baseline 0.01 -44"><span class='ocrx_word' id='word_1_197' title='bbox 369 3126 481 3214; x_wconf 88' lang='lat' dir='ltr'><strong>Item,</strong></span> <span class='ocrx_word' id='word_1_198' title='bbox 502 3124 706 3230; x_wconf 88' lang='lat' dir='ltr'><strong>requisitus</strong></span> <span class='ocrx_word' id='word_1_199' title='bbox 726 3151 841 3229; x_wconf 90' lang='lat' dir='ltr'><strong>super</strong></span> <span class='ocrx_word' id='word_1_200' title='bbox 859 3152 900 3202; x_wconf 90' lang='lat' dir='ltr'><strong>v·</strong></span> <span class='ocrx_word' id='word_1_201' title='bbox 901 3150 983 3214; x_wconf 85' lang='lat' dir='ltr'><strong>vm,</strong></span> <span class='ocrx_word' id='word_1_202' title='bbox 1003 3127 1055 3203; x_wconf 91' lang='lat' dir='ltr'><strong>de</strong></span> <span class='ocrx_word' id='word_1_203' title='bbox 1072 3126 1404 3233; x_wconf 83' lang='lat' dir='ltr'><strong>dogmatiaacione‚</strong></span> <span class='ocrx_word' id='word_1_204' title='bbox 1426 3151 1515 3227; x_wconf 78' lang='lat' dir='ltr'><strong>eto,</strong></span> <span class='ocrx_word' id='word_1_205' title='bbox 1535 3137 1730 3243; x_wconf 89' lang='lat' dir='ltr'><strong>respondit</strong></span> 
     </span>
     <span class='ocr_line' id='line_1_22' title="bbox 312 3257 1730 3356; baseline 0.007 -23"><span class='ocrx_word' id='word_1_206' title='bbox 312 3287 351 3333; x_wconf 89' lang='lat' dir='ltr'><strong>se</strong></span> <span class='ocrx_word' id='word_1_207' title='bbox 375 3257 491 3335; x_wconf 83' lang='lat' dir='ltr'><strong>nichil</strong></span> <span class='ocrx_word' id='word_1_208' title='bbox 514 3257 609 3335; x_wconf 90' lang='lat' dir='ltr'><strong>scire</strong></span> <span class='ocrx_word' id='word_1_209' title='bbox 640 3257 687 3333; x_wconf 91' lang='lat' dir='ltr'><strong>de</strong></span> <span class='ocrx_word' id='word_1_210' title='bbox 715 3257 897 3334; x_wconf 87' lang='lat' dir='ltr'><strong>contentis</strong></span> <span class='ocrx_word' id='word_1_211' title='bbox 923 3258 960 3332; x_wconf 94' lang='lat' dir='ltr'><strong>in</strong></span> <span class='ocrx_word' id='word_1_212' title='bbox 991 3257 1099 3335; x_wconf 88' lang='lat' dir='ltr'><strong>dictis</strong></span> <span class='ocrx_word' id='word_1_213' title='bbox 1125 3261 1309 3352; x_wconf 84' lang='lat' dir='ltr'><strong>articulis,</strong></span> <span class='ocrx_word' id='word_1_214' title='bbox 1334 3292 1404 3342; x_wconf 93' lang='lat' dir='ltr'><strong>nec</strong></span> <span class='ocrx_word' id='word_1_215' title='bbox 1426 3265 1628 3356; x_wconf 81' lang='lat' dir='ltr'><strong>audivisse,</strong></span> <span class='ocrx_word' id='word_1_216' title='bbox 1662 3298 1730 3345; x_wconf 88' lang='lat' dir='ltr'><strong>nec</strong></span> 
     </span>
     <span class='ocr_line' id='line_1_23' title="bbox 312 3380 686 3467; baseline -0.003 -3"><span class='ocrx_word' id='word_1_217' title='bbox 312 3389 464 3465; x_wconf 90' lang='lat' dir='ltr'><strong>credere</strong></span> <span class='ocrx_word' id='word_1_218' title='bbox 483 3380 571 3467; x_wconf 82' lang='lat' dir='ltr'><strong>vera</strong></span> <span class='ocrx_word' id='word_1_219' title='bbox 590 3416 686 3466; x_wconf 72' lang='lat' dir='ltr'><strong>esse.</strong></span> 
     </span>
    </p>

    <p class='ocr_par' dir='ltr' id='par_1_7' title="bbox 308 3520 1728 4148">
     <span class='ocr_line' id='line_1_24' title="bbox 366 3520 1725 3634; baseline 0.007 -40"><span class='ocrx_word' id='word_1_220' title='bbox 366 3521 478 3611; x_wconf 90' lang='lat' dir='ltr'><strong>Item,</strong></span> <span class='ocrx_word' id='word_1_221' title='bbox 505 3520 708 3627; x_wconf 81' lang='lat' dir='ltr'><strong>requisitus</strong></span> <span class='ocrx_word' id='word_1_222' title='bbox 736 3547 851 3624; x_wconf 88' lang='lat' dir='ltr'><strong>super</strong></span> <span class='ocrx_word' id='word_1_223' title='bbox 874 3547 1010 3610; x_wconf 80' lang='lat' dir='ltr'><strong>ix-xrn,</strong></span> <span class='ocrx_word' id='word_1_224' title='bbox 1030 3525 1135 3630; x_wconf 93' lang='lat' dir='ltr'><strong>quod</strong></span> <span class='ocrx_word' id='word_1_225' title='bbox 1155 3526 1345 3631; x_wconf 87' lang='lat' dir='ltr'><strong>spuebant</strong></span> <span class='ocrx_word' id='word_1_226' title='bbox 1364 3555 1476 3634; x_wconf 62' lang='lat' dir='ltr'><strong>supra‘</strong></span> <span class='ocrx_word' id='word_1_227' title='bbox 1493 3555 1661 3619; x_wconf 85' lang='lat' dir='ltr'><strong>erucem,</strong></span> <span class='ocrx_word' id='word_1_228' title='bbox 1687 3546 1725 3604; x_wconf 91' lang='lat' dir='ltr'><strong>et</strong></span> 
     </span>
     <span class='ocr_line' id='line_1_25' title="bbox 311 3649 1722 3764; baseline 0.009 -40"><span class='ocrx_word' id='word_1_229' title='bbox 311 3649 593 3740; x_wconf 83' lang='lat' dir='ltr'><strong>conculcabant,</strong></span> <span class='ocrx_word' id='word_1_230' title='bbox 614 3667 653 3726; x_wconf 90' lang='lat' dir='ltr'><strong>et</strong></span> <span class='ocrx_word' id='word_1_231' title='bbox 670 3676 785 3755; x_wconf 89' lang='lat' dir='ltr'><strong>super</strong></span> <span class='ocrx_word' id='word_1_232' title='bbox 802 3678 884 3725; x_wconf 87' lang='lat' dir='ltr'><strong>eam</strong></span> <span class='ocrx_word' id='word_1_233' title='bbox 904 3651 1137 3758; x_wconf 82' lang='lat' dir='ltr'><strong>mingebant,</strong></span> <span class='ocrx_word' id='word_1_234' title='bbox 1165 3656 1281 3733; x_wconf 87' lang='lat' dir='ltr'><strong>eciam</strong></span> <span class='ocrx_word' id='word_1_235' title='bbox 1301 3659 1341 3733; x_wconf 92' lang='lat' dir='ltr'><strong>in</strong></span> <span class='ocrx_word' id='word_1_236' title='bbox 1359 3658 1561 3764; x_wconf 86' lang='lat' dir='ltr'><strong>septimana</strong></span> <span class='ocrx_word' id='word_1_237' title='bbox 1580 3676 1722 3750; x_wconf 88' lang='lat' dir='ltr'><strong>sancta,</strong></span> 
     </span>
     <span class='ocr_line' id='line_1_26' title="bbox 310 3780 1728 3886; baseline 0.008 -32"><span class='ocrx_word' id='word_1_238' title='bbox 310 3781 505 3886; x_wconf 86' lang='lat' dir='ltr'><strong>respondit</strong></span> <span class='ocrx_word' id='word_1_239' title='bbox 525 3781 631 3886; x_wconf 93' lang='lat' dir='ltr'><strong>quod</strong></span> <span class='ocrx_word' id='word_1_240' title='bbox 651 3780 771 3858; x_wconf 85' lang='lat' dir='ltr'><strong>credit</strong></span> <span class='ocrx_word' id='word_1_241' title='bbox 790 3797 964 3858; x_wconf 86' lang='lat' dir='ltr'><strong>contenta</strong></span> <span class='ocrx_word' id='word_1_242' title='bbox 983 3783 1022 3858; x_wconf 92' lang='lat' dir='ltr'><strong>in</strong></span> <span class='ocrx_word' id='word_1_243' title='bbox 1044 3784 1152 3862; x_wconf 90' lang='lat' dir='ltr'><strong>dictis</strong></span> <span class='ocrx_word' id='word_1_244' title='bbox 1177 3787 1342 3865; x_wconf 89' lang='lat' dir='ltr'><strong>articulis</strong></span> <span class='ocrx_word' id='word_1_245' title='bbox 1366 3816 1447 3867; x_wconf 89' lang='lat' dir='ltr'><strong>esse</strong></span> <span class='ocrx_word' id='word_1_246' title='bbox 1469 3786 1666 3872; x_wconf 80' lang='lat' dir='ltr'><strong>urrfatoria</strong></span> <span class='ocrx_word' id='word_1_247' title='bbox 1693 3807 1728 3867; x_wconf 90' lang='lat' dir='ltr'><strong>et</strong></span> 
     </span>
     <span class='ocr_line' id='line_1_27' title="bbox 309 3910 1726 4034; baseline 0.008 -50"><span class='ocrx_word' id='word_1_248' title='bbox 309 3938 385 3986; x_wconf 90' lang='lat' dir='ltr'><strong>non</strong></span> <span class='ocrx_word' id='word_1_249' title='bbox 408 3939 509 4002; x_wconf 90' lang='lat' dir='ltr'><strong>vera,</strong></span> <span class='ocrx_word' id='word_1_250' title='bbox 540 3928 577 3987; x_wconf 90' lang='lat' dir='ltr'><strong>et</strong></span> <span class='ocrx_word' id='word_1_251' title='bbox 600 3911 706 4017; x_wconf 92' lang='lat' dir='ltr'><strong>quod</strong></span> <span class='ocrx_word' id='word_1_252' title='bbox 725 3910 842 3988; x_wconf 89' lang='lat' dir='ltr'><strong>nichil</strong></span> <span class='ocrx_word' id='word_1_253' title='bbox 861 3910 965 3989; x_wconf 77' lang='lat' dir='ltr'><strong>sciuit</strong></span> <span class='ocrx_word' id='word_1_254' title='bbox 985 3913 1032 3990; x_wconf 90' lang='lat' dir='ltr'><strong>de</strong></span> <span class='ocrx_word' id='word_1_255' title='bbox 1056 3916 1125 4004; x_wconf 92' lang='lat' dir='ltr'><strong>eis,</strong></span> <span class='ocrx_word' id='word_1_256' title='bbox 1148 3945 1217 3995; x_wconf 92' lang='lat' dir='ltr'><strong>nec</strong></span> <span class='ocrx_word' id='word_1_257' title='bbox 1241 3919 1383 3997; x_wconf 82' lang='lat' dir='ltr'><strong>audiuit</strong></span> <span class='ocrx_word' id='word_1_258' title='bbox 1408 3937 1492 3997; x_wconf 86' lang='lat' dir='ltr'><strong>ante</strong></span> <span class='ocrx_word' id='word_1_259' title='bbox 1513 3921 1726 4034; x_wconf 73' lang='lat' dir='ltr'><strong>cuprionem</strong></span> 
     </span>
     <span class='ocr_line' id='line_1_28' title="bbox 308 4042 624 4148; baseline 0.006 -32"><span class='ocrx_word' id='word_1_260' title='bbox 308 4042 624 4148; x_wconf 85' lang='lat' dir='ltr'><strong>Templariorum.</strong></span> 
     </span>
    </p>

    <p class='ocr_par' dir='ltr' id='par_1_8' title="bbox 305 4160 1725 4508">
     <span class='ocr_line' id='line_1_29' title="bbox 362 4160 1724 4287; baseline 0.01 -41"><span class='ocrx_word' id='word_1_261' title='bbox 362 4174 474 4264; x_wconf 89' lang='lat' dir='ltr'><strong>Item,</strong></span> <span class='ocrx_word' id='word_1_262' title='bbox 494 4173 698 4280; x_wconf 89' lang='lat' dir='ltr'><strong>requisitus</strong></span> <span class='ocrx_word' id='word_1_263' title='bbox 717 4201 832 4278; x_wconf 92' lang='lat' dir='ltr'><strong>super</strong></span> <span class='ocrx_word' id='word_1_264' title='bbox 849 4199 908 4253; x_wconf 81' lang='grc' dir='ltr'><strong>ιιι</strong></span> <span class='ocrx_word' id='word_1_265' title='bbox 927 4192 965 4251; x_wconf 89' lang='lat' dir='ltr'><strong>et</strong></span> <span class='ocrx_word' id='word_1_266' title='bbox 983 4202 1030 4255; x_wconf 81' lang='lat' dir='ltr'><strong>xv</strong></span> <span class='ocrx_word' id='word_1_267' title='bbox 1046 4178 1230 4268; x_wconf 87' lang='lat' dir='ltr'><strong>articulis,</strong></span> <span class='ocrx_word' id='word_1_268' title='bbox 1248 4181 1296 4257; x_wconf 90' lang='lat' dir='ltr'><strong>de</strong></span> <span class='ocrx_word' id='word_1_269' title='bbox 1316 4160 1553 4287; x_wconf 86' lang='lat' dir='ltr'><strong>apparicione</strong></span> <span class='ocrx_word' id='word_1_270' title='bbox 1578 4199 1619 4260; x_wconf 90' lang='lat' dir='ltr'><strong>et</strong></span> <span class='ocrx_word' id='word_1_271' title='bbox 1640 4182 1724 4260; x_wconf 89' lang='lat' dir='ltr'><strong>ado-</strong></span> 
     </span>
     <span class='ocr_line' id='line_1_30' title="bbox 307 4300 1725 4409; baseline 0.011 -37"><span class='ocrx_word' id='word_1_272' title='bbox 307 4300 453 4379; x_wconf 81' lang='lat' dir='ltr'><strong>rucione</strong></span> <span class='ocrx_word' id='word_1_273' title='bbox 477 4303 563 4393; x_wconf 90' lang='lat' dir='ltr'><strong>cati,</strong></span> <span class='ocrx_word' id='word_1_274' title='bbox 586 4303 780 4409; x_wconf 89' lang='lat' dir='ltr'><strong>respondit</strong></span> <span class='ocrx_word' id='word_1_275' title='bbox 799 4331 838 4380; x_wconf 90' lang='lat' dir='ltr'><strong>se</strong></span> <span class='ocrx_word' id='word_1_276' title='bbox 856 4302 972 4381; x_wconf 90' lang='lat' dir='ltr'><strong>nichil</strong></span> <span class='ocrx_word' id='word_1_277' title='bbox 991 4306 1101 4396; x_wconf 88' lang='lat' dir='ltr'><strong>scire,</strong></span> <span class='ocrx_word' id='word_1_278' title='bbox 1121 4324 1159 4384; x_wconf 90' lang='lat' dir='ltr'><strong>et</strong></span> <span class='ocrx_word' id='word_1_279' title='bbox 1178 4308 1298 4385; x_wconf 89' lang='lat' dir='ltr'><strong>credit</strong></span> <span class='ocrx_word' id='word_1_280' title='bbox 1315 4337 1394 4386; x_wconf 90' lang='lat' dir='ltr'><strong>esse</strong></span> <span class='ocrx_word' id='word_1_281' title='bbox 1415 4309 1551 4390; x_wconf 75' lang='lat' dir='ltr'><strong>falsum</strong></span> <span class='ocrx_word' id='word_1_282' title='bbox 1572 4329 1611 4389; x_wconf 92' lang='lat' dir='ltr'><strong>et</strong></span> <span class='ocrx_word' id='word_1_283' title='bbox 1632 4314 1725 4391; x_wconf 90' lang='lat' dir='ltr'><strong>deri·</strong></span> 
     </span>
     <span class='ocr_line' id='line_1_31' title="bbox 305 4419 1142 4508; baseline 0.016 -6"><span class='ocrx_word' id='word_1_284' title='bbox 305 4432 458 4508; x_wconf 89' lang='lat' dir='ltr'><strong>sorium.</strong></span> <span class='ocrx_word' id='word_1_285' title='bbox 484 4482 488 4489; x_wconf 93' lang='lat'><em>·</em></span> <span class='ocrx_word' id='word_1_286' title='bbox 1138 4419 1142 4426; x_wconf 25' lang='grc' dir='ltr'>Ι</span> 
     </span>
    </p>

    <p class='ocr_par' dir='ltr' id='par_1_9' title="bbox 303 4562 1788 4944">
     <span class='ocr_line' id='line_1_32' title="bbox 360 4562 1788 4677; baseline 0.015 -42"><span class='ocrx_word' id='word_1_287' title='bbox 360 4562 473 4649; x_wconf 91' lang='lat' dir='ltr'><strong>Item,</strong></span> <span class='ocrx_word' id='word_1_288' title='bbox 494 4564 697 4669; x_wconf 89' lang='lat' dir='ltr'><strong>requisitus</strong></span> <span class='ocrx_word' id='word_1_289' title='bbox 716 4592 830 4671; x_wconf 90' lang='lat' dir='ltr'><strong>super</strong></span> <span class='ocrx_word' id='word_1_290' title='bbox 849 4592 1013 4646; x_wconf 78' lang='grc' dir='ltr'>ιιι-ιιιιι</span> <span class='ocrx_word' id='word_1_291' title='bbox 1028 4569 1208 4664; x_wconf 85' lang='lat' dir='ltr'><strong>articulis,</strong></span> <span class='ocrx_word' id='word_1_292' title='bbox 1229 4573 1333 4677; x_wconf 92' lang='lat' dir='ltr'><strong>quod</strong></span> <span class='ocrx_word' id='word_1_293' title='bbox 1352 4601 1429 4650; x_wconf 90' lang='lat' dir='ltr'><strong>non</strong></span> <span class='ocrx_word' id='word_1_294' title='bbox 1449 4575 1653 4654; x_wconf 89' lang='lat' dir='ltr'><strong>eredebant</strong></span> <span class='ocrx_word' id='word_1_295' title='bbox 1669 4604 1723 4653; x_wconf 84' lang='lat' dir='ltr'><strong>sa·</strong></span> <span class='ocrx_word' id='word_1_296' title='bbox 1780 4580 1788 4601; x_wconf 81' lang='lat'>&#39;</span> 
     </span>
     <span class='ocr_line' id='line_1_33' title="bbox 305 4689 1718 4812; baseline 0.016 -54"><span class='ocrx_word' id='word_1_297' title='bbox 305 4706 537 4765; x_wconf 70' lang='lat' dir='ltr'><strong>(trumentum</strong></span> <span class='ocrx_word' id='word_1_298' title='bbox 554 4689 678 4770; x_wconf 88' lang='lat' dir='ltr'><strong>altaris</strong></span> <span class='ocrx_word' id='word_1_299' title='bbox 695 4722 765 4776; x_wconf 88' lang='lat' dir='ltr'><strong>nec</strong></span> <span class='ocrx_word' id='word_1_300' title='bbox 780 4695 851 4773; x_wconf 89' lang='lat' dir='ltr'><strong>alia</strong></span> <span class='ocrx_word' id='word_1_301' title='bbox 864 4716 1095 4776; x_wconf 89' lang='lat' dir='ltr'><strong>sacramenta</strong></span> <span class='ocrx_word' id='word_1_302' title='bbox 1110 4700 1370 4791; x_wconf 88' lang='lat' dir='ltr'><strong>ecclesiastica,</strong></span> <span class='ocrx_word' id='word_1_303' title='bbox 1388 4721 1426 4781; x_wconf 94' lang='lat' dir='ltr'><strong>et</strong></span> <span class='ocrx_word' id='word_1_304' title='bbox 1439 4706 1547 4812; x_wconf 91' lang='lat' dir='ltr'><strong>quod</strong></span> <span class='ocrx_word' id='word_1_305' title='bbox 1560 4705 1718 4785; x_wconf 82' lang='lat' dir='ltr'><strong>sacerdo</strong></span> 
     </span>
     <span class='ocr_line' id='line_1_34' title="bbox 303 4816 1718 4944; baseline 0.014 -51"><span class='ocrx_word' id='word_1_306' title='bbox 303 4835 357 4893; x_wconf 89' lang='lat' dir='ltr'><strong>tes</strong></span> <span class='ocrx_word' id='word_1_307' title='bbox 373 4816 461 4894; x_wconf 89' lang='lat' dir='ltr'><strong>dicti</strong></span> <span class='ocrx_word' id='word_1_308' title='bbox 478 4818 622 4896; x_wconf 90' lang='lat' dir='ltr'><strong>ordinis</strong></span> <span class='ocrx_word' id='word_1_309' title='bbox 638 4820 887 4920; x_wconf 81' lang='lat' dir='ltr'><strong>obmittebaqt</strong></span> <span class='ocrx_word' id='word_1_310' title='bbox 900 4828 1012 4906; x_wconf 88' lang='lat' dir='ltr'><strong>verba</strong></span> <span class='ocrx_word' id='word_1_311' title='bbox 1028 4833 1179 4910; x_wconf 89' lang='lat' dir='ltr'><strong>canonis</strong></span> <span class='ocrx_word' id='word_1_312' title='bbox 1195 4860 1239 4909; x_wconf 83' lang='lat' dir='ltr'><strong>ex</strong></span> <span class='ocrx_word' id='word_1_313' title='bbox 1254 4852 1431 4941; x_wconf 90' lang='lat' dir='ltr'><strong>precepto</strong></span> <span class='ocrx_word' id='word_1_314' title='bbox 1444 4854 1718 4944; x_wconf 73' lang='lat' dir='ltr'><strong>preceptorum·</strong></span> 
     </span>
    </p>
   </div>
   <div class='ocr_carea' id='block_1_5' title="bbox 0 0 2044 6052">
    <p class='ocr_par' dir='ltr' id='par_1_10' title="bbox 0 0 2044 6052">
     <span class='ocr_line' id='line_1_35' title="bbox 0 0 2044 6052; baseline 0 2"><span class='ocrx_word' id='word_1_315' title='bbox 0 0 2044 6052; x_wconf 95' lang='lat' dir='ltr'><strong> </strong></span> 
     </span>
    </p>
   </div>
  </div>
 </body>
</html>
