4080 6052
374 604 377 608 ,
476 525 676 619 anoctis
698 544 793 616 nus
820 544 1123 617 unu-Puluis.
1429 546 1500 621 aar

148 692 262 776 Item,
281 688 484 793 requisitus
499 713 615 791 super
629 670 743 771 ovini,
763 711 787 761 x
808 700 845 760 et
860 711 896 762 x1
914 684 1094 773 articulis,
1116 683 1222 790 quod
1236 683 1411 788 Magister
1424 685 1507 763 fue·

93 838 150 896 rat
175 816 365 896 consessus
391 816 511 894 dictos
539 842 699 905 errores,
728 812 924 918 respondit
948 841 989 892 se
1014 813 1111 889 nihil
1138 813 1231 891 scire
1258 841 1328 889 nec
1354 815 1505 892 credere

92 965 265 1027 contenta
283 948 324 1024 in
343 947 433 1053 ipsis
452 945 617 1022 articulis
636 971 716 1020 csse
737 947 831 1018 vcrass

145 1081 258 1167 Item,
284 1077 488 1185 requisitus
510 1104 624 1181 super
644 1100 714 1152 cru
735 1091 773 1149 et
791 1101 854 1151 xnr
874 1074 1055 1164 articulis,
1076 1074 1271 1180 respondit
1293 1102 1333 1150 se
1354 1075 1505 1152 credere

91 1237 177 1286 tera
203 1236 283 1285 esse
308 1223 482 1285 contenta
500 1204 669 1310 in‘ipsis,
690 1204 796 1310 quod
821 1204 998 1310 Magister
1022 1233 1110 1280 cum
1129 1221 1313 1281 conventu
1333 1205 1452 1309 possit
1470 1223 1507 1283 et

92 1338 141 1415 ab
164 1337 319 1444 antiquo
341 1333 508 1442 potuerit
533 1351 713 1421 statuere,
740 1349 778 1410 et
801 1333 905 1438 quod
929 1333 1024 1409 ordo
1049 1332 1262 1410 observaret
1284 1351 1420 1411 statuta
1438 1363 1508 1442 per

93 1493 170 1544 eos.
618 1554 624 1563 ‚

144 1596 258 1682 Item,
277 1594 480 1703 requisitus
496 1620 610 1700 spper
622 1618 722 1673 mut
737 1589 911 1678 articulo,
929 1591 1123 1696 respondit
1139 1619 1178 1668 se
1196 1592 1339 1669 nescire
1353 1594 1506 1698 quando

90 1722 179 1802 dieti
200 1754 345 1803 errores
361 1726 601 1833 inceperim,
622 1723 690 1800 sed
707 1723 806 1799 bene
824 1737 914 1798 sunt
932 1747 979 1799 xx
999 1722 1086 1798 anni
1107 1722 1221 1828 elapsi
1241 1724 1347 1828 quod
1366 1725 1507 1801 audivit

90 1855 286 1959 pravitates
306 1884 386 1933 esse
406 1857 446 1932 in
467 1833 568 1932 dicto
588 1854 734 1930 ordine.

146 1985 257 2070 Item,
283 1986 488 2091 requisitus
511 2013 626 2091 super
648 2009 727 2071 oxu,
749 2009 810 2062 xvi
830 1999 868 2058 et
886 2009 961 2062 rvn
980 1982 1161 2073 articulis,
1183 1983 1378 2089 respondit
1401 1987 1506 2091 quod

91 2112 246 2189 filerunt
267 2114 499 2222 negligentes
525 2113 565 2188 in
591 2111 793 2217 corigeudo
813 2127 851 2188 ct
869 2111 1232 2190 nondenuuciando
1257 2113 1446 2201 Ecclesia,
1464 2132 1507 2191 ut

93 2270 204 2350 supra
223 2243 408 2349 deposuit.
1100 2352 1104 2359 Ι

147 2373 258 2460 Item,
272 2371 476 2477 requisitus
487 2398 602 2475 super
615 2394 724 2448 crum
739 2368 907 2457 articulo,
926 2370 1120 2473 respondit
1135 2371 1240 2476 quod
1255 2372 1333 2475 ipse
1347 2373 1507 2450 exiverat
1565 2459 1568 2466 ,

92 2500 234 2578 dictum
251 2502 425 2578 ordinem
439 2517 593 2606 propter
606 2499 793 2604 predictas
811 2497 1115 2602 feditatessupra
1133 2526 1201 2603 per
1221 2527 1309 2576 eum
1324 2500 1507 2579 confessa·
1588 2506 1590 2508 ’

90 2647 161 2723 tas,
184 2649 222 2708 et
241 2631 360 2707 credit
378 2629 484 2736 quod
501 2627 614 2703 multi
633 2628 696 2703 alii
717 2656 761 2703 ex
781 2626 912 2703 eadem
933 2627 1042 2702 eausa
1061 2626 1264 2704 exiverunt.

144 2761 255 2847 Item,
274 2786 387 2864 super
399 2784 522 2838 cxvuu
534 2757 708 2845 articulo,
725 2753 920 2859 respondit
934 2754 1039 2860 quod
1054 2755 1172 2833 credit
1185 2785 1317 2834 verum
1330 2787 1410 2835 esse
1421 2780 1506 2866 post

89 2888 305 2995 capcionem
335 2915 468 2964 eorum
496 2885 669 2964 scaudala
695 2883 811 2961 fuisse
838 2898 965 2959 exorta
993 2882 1035 2959 iu
1062 2884 1240 2963 cordibus
1266 2886 1440 2965 fidelium
1467 2909 1505 2967 et

87 3017 260 3104 aliorum.

145 3149 255 3235 Item,
277 3146 480 3254 requisitus
495 3175 610 3256 super
624 3128 750 3226 cxx-'111
767 3145 948 3239 articulis,
966 3144 1163 3254 respondit
1180 3148 1286 3253 quod
1300 3146 1347 3226 ad
1362 3149 1504 3247 conses—

88 3292 166 3352 sata
184 3305 253 3381 per
272 3304 361 3354 eum
380 3306 492 3383 supra
511 3278 632 3355 credit
647 3304 733 3354 vera
753 3305 833 3354 esse
853 3277 959 3383 quod
978 3277 1053 3353 sint
1071 3294 1158 3354 nota
1178 3295 1216 3353 et
1231 3278 1428 3356 manifesta
1447 3280 1504 3356 in·

87 3405 299 3483 ter'fratres
318 3407 407 3484 dicti
428 3407 587 3496 ordinis,
610 3424 648 3484 et
666 3405 772 3513 quod
796 3406 844 3483 de
870 3407 959 3512 ipsis
979 3407 1027 3483 sit
1046 3406 1085 3481 in
1105 3406 1239 3484 ordine
1262 3408 1417 3512 publiea·
1432 3436 1502 3486 vor

88 3535 240 3612 etfama
260 3553 299 3613 et
318 3537 436 3614 eciam
457 3556 557 3615 ertra
577 3538 750 3615 ordinem
768 3554 855 3643 post
874 3537 1091 3642 capcionem
1107 3536 1275 3614 fratrum.

140 3666 253 3754 Item,
278 3669 485 3774 requisitus
505 3697 618 3775 super
642 3694 851 3747 emur-vn
877 3667 1058 3758 articulis,
1086 3668 1280 3773 respondit
1299 3696 1338 3745 se
1358 3669 1501 3746 nescire

85 3809 260 3869 contenta
287 3795 327 3869 in
350 3796 441 3900 ipsis
467 3797 635 3874 articulis
655 3826 735 3874 esse
753 3824 856 3885 vera,
877 3797 967 3903 quia
984 3813 1214 3902 eratcaptus
1231 3799 1382 3903 quando
1402 3799 1500 3877 dicte

85 3920 336 3998 consessiones
356 3951 377 3999 a
395 3925 572 4030 Magistro
592 3942 631 4002 et
650 3928 697 4003 ab
718 3927 800 4004 aliis
820 3926 998 4003 dicuntur
1016 3925 1131 4004 luisse
1150 3926 1255 4004 lacte.

141 4052 252 4139 ltem‘,
274 4035 479 4157 requisitus
497 4055 529 4130 si
548 4084 675 4160 prece,
696 4055 755 4132 vel
773 4056 918 4161 precio,
939 4073 1133 4162 precepto,
1154 4057 1306 4147 timore,
1329 4057 1418 4135 odio
1442 4059 1501 4135 uel

84 4208 211 4257 amore
229 4198 295 4258 aut
308 4181 437 4288 aliquo
455 4184 615 4262 comodo
631 4184 828 4291 temporali
847 4185 981 4262 doctus
999 4184 1057 4260 vel
1077 4185 1289 4261 instructus
1300 4202 1345 4262 ut
1362 4187 1415 4264 sic
1434 4188 1500 4266 de-

84 4327 257 4415 poneret,
279 4328 317 4387 et
336 4313 366 4389 si
387 4312 532 4418 aliquid
550 4313 623 4391 fuit
642 4313 713 4392 sihi
734 4295 865 4391 datum
883 4312 943 4391 vel
961 4314 1188 4422 promissum
1208 4330 1251 4390 ut
1270 4316 1324 4392 sic
1343 4316 1501 4423 depone
1589 4412 1594 4424 Ι

83 4458 156 4529 ret,
177 4442 374 4547 respondit
396 4443 502 4550 quod
524 4472 612 4523 non.
634 4447 681 4522 Et
704 4445 795 4523 dicti
820 4445 966 4523 domini
990 4445 1234 4524 commissarii
1253 4447 1501 4527 inhibuerunt

40 4612 45 4627 ·
84 4570 209 4646 eidem
229 4572 301 4649 sub
315 4573 532 4680 juramento
551 4603 621 4653 suo
641 4592 685 4652 ut
704 4576 843 4654 dictam
863 4576 1146 4684 deposicionem
1166 4605 1272 4653 suam
1291 4578 1402 4656 alicui
1423 4608 1499 4658 non

84 4700 293 4779 revelaret·
1488 4698 1491 4704 ¹

138 4831 228 4911 Acta
247 4831 402 4912 fuerunt
419 4835 491 4912 hec
509 4862 578 4942 per
596 4836 718 4915 dictos
740 4836 916 4915 dominos
935 4838 1224 4934 commissarios,
1244 4840 1413 4948 predicta
1437 4842 1498 4919 die
