4080 6052
572 551 576 559 ·
692 505 884 598 raocts
910 522 1006 594 nus
1033 521 1333 596 renuamus.
1645 530 1717 602 an

306 670 445 759 tribus,
471 693 634 775 quorum
662 693 763 742 unus
785 663 987 741 vocabatur
1010 662 1197 739 Robertns
1229 679 1282 738 et.
1299 680 1380 738 erat
1409 664 1574 769 paniger,
1600 667 1723 743 adhuc

306 802 444 890 vivens,
468 815 511 874 ut
530 796 667 884 credit,
690 795 785 872 alius
804 794 917 870 frater
937 793 1117 884 Michael,
1137 794 1367 883 deffunctus,
1390 794 1436 870 de
1466 820 1630 900 quorum
1661 825 1723 873 co-

305 928 547 1037 gnominibus
569 953 647 1004 non
667 925 897 1016 recordatur,
919 952 989 1002 nec
1011 925 1057 1001 de
1083 925 1222 1003 diocesi
1244 927 1290 1002 de
1311 953 1384 1032 qua
1410 942 1489 1002 erat
1512 926 1634 1002 dictus
1653 925 1723 1002 Ira·
1747 950 1748 953 ’

305 1077 362 1139 tar
381 1056 557 1148 MichaeL
580 1076 618 1136 et
641 1057 718 1135 alio
739 1056 850 1134 fratre
874 1073 1002 1138 vocato
1027 1056 1195 1135 Iohanne
1222 1058 1268 1134 de
1294 1057 1402 1135 Romi
1428 1056 1571 1144 Galico,
1601 1058 1723 1136 adhuc

304 1191 464 1279 vivente,
486 1207 531 1266 ut
549 1189 678 1267 credit.

362 1322 473 1411 Item,
496 1319 591 1395 dixit
609 1318 712 1424 quod
728 1317 852 1396 dictus
871 1335 1069 1425 preceptor
1086 1318 1253 1424 precepit
1272 1319 1306 1394 ei
1327 1317 1472 1395 etfacit
1491 1344 1579 1394 eum
1595 1318 1722 1424 jurare

308 1449 411 1555 quod
430 1466 592 1528 servaret
614 1449 836 1538 castitatem,
859 1448 1136 1538 obedienciam,
1158 1464 1198 1524 et
1222 1449 1362 1524 viveret
1386 1449 1465 1523 sine
1490 1447 1659 1554 proprio,
1687 1464 1724 1525 et

305 1579 410 1685 pred
434 1595 596 1657 servaret
617 1580 715 1657 bene
741 1596 781 1658 et
803 1579 969 1657 fideliter
991 1577 1091 1655 bona
1114 1578 1273 1670 ordinis,
1301 1605 1424 1684 neque
1448 1577 1645 1655 revelleret
1667 1608 1722 1656 se-

307 1725 405 1784 creta
425 1734 570 1786 eorum.
1269 1726 1273 1734 ·
1421 1692 1425 1701 ’

361 1840 578 1945 Requisitus
597 1839 643 1915 de
662 1839 762 1916 dicta
778 1864 886 1914 cruce
907 1839 1032 1945 qualis·
1049 1854 1087 1914 et
1105 1838 1176 1915 nbi*
1194 1853 1288 1925 crat,
1308 1837 1504 1943 respondit
1523 1838 1628 1943 quod
1647 1856 1725 1915 erat

307 1991 413 2058 enea,
431 1997 558 2074 parua,
580 1984 619 2046 et
638 1969 747 2074 plana
767 1968 908 2073 absque
927 1969 1116 2077 ymagine,
1134 1986 1178 2044 ut
1197 1968 1268 2044 sibi
1288 1967 1448 2058 videtur,
1470 1966 1662 2057 Crucifixi,
1686 1986 1724 2045 et

308 2115 387 2175 erat
405 2101 526 2204 posita
544 2102 584 2176 in
604 2117 714 2176 terra.
736 2103 849 2191 Item,
876 2100 971 2176 dixit
992 2093 1098 2206 quod
1112 2100 1244 2177 dictus
1267 2099 1451 2204 recipiens
1474 2095 1547 2176 fuit
1565 2100 1604 2175 in
1625 2101 1723 2176 dicta

306 2229 523 2334 recepcionc
537 2229 724 2306 osculatus
742 2229 867 2333 ipsum
881 2244 1016 2304 testem
1033 2230 1156 2334 primo
1174 2231 1213 2304 in
1230 2257 1308 2316 ore,
1323 2230 1488 2306 secundo
1501 2231 1540 2306 in
1557 2248 1720 2336 pectore,
1830 2293 1837 2303 .

308 2358 425 2434 torcio
445 2359 486 2434 in
505 2358 675 2464 spatulis,
703 2386 780 2435 non
800 2384 914 2464 supra
934 2382 1083 2434 carnem
1107 2359 1265 2448 nudam,
1287 2360 1354 2434 sed
1373 2360 1538 2436 vestibus
1558 2361 1723 2465 interpo-

307 2489 397 2565 sitis.
420 2489 636 2594 Requisitus
656 2488 686 2564 si
707 2488 930 2580 interfuerat
948 2487 1156 2592 recepcioni
1183 2487 1340 2593 alicujus
1362 2487 1486 2563 fratris
1510 2489 1606 2564 etin
1626 2492 1724 2594 capi-

306 2618 397 2695 tulis
421 2617 609 2724 aliquibus
634 2617 673 2692 in
698 2617 830 2693 ordine
858 2616 1067 2704 celebratis,
1093 2615 1287 2722 respondit
1311 2617 1415 2720 quod
1442 2644 1537 2707 non,
1565 2619 1653 2725 quia
1677 2621 1724 2696 ad

305 2746 393 2821 tedia
409 2742 636 2822 vocabuntur
652 2745 813 2852 majores
830 2744 990 2832 ordinis,
1009 2760 1054 2820 ut
1069 2742 1224 2831 nu'lites,
1245 2760 1283 2819 et
1299 2768 1376 2821 non
1396 2745 1474 2851 ipse
1493 2745 1551 2822 vel
1570 2746 1633 2822 alii
1653 2749 1723 2822 mi-

307 2898 427 2952 nores.
446 2876 503 2952 De
521 2875 706 2952 contentis
724 2892 852 2952 autem
871 2873 1293 2962 incircumcisionis,
1313 2874 1407 2978 diris
1426 2904 1465 2952 se
1485 2873 1600 2953 nichil
1620 2877 1723 2953 aliud

306 3005 415 3093 sure,
438 3005 505 3082 sed
529 3021 684 3111 propter
708 3005 774 3081 illa
797 3030 870 3110 que
897 3003 1075 3110 deposuit
1087 3001 1186 3079 rfacta
1205 3002 1320 3080 fuisse
1339 3005 1379 3080 in
1398 3006 1616 3111 receptione
1635 3032 1718 3095 sua,

307 3133 441 3224 credit,
467 3150 512 3209 ut
538 3134 644 3222 dixit,
672 3127 777 3240 quod
803 3131 988 3210 consimili
1016 3132 1130 3211 modo
1158 3135 1415 3239 reciperentur
1440 3134 1502 3211 alii
1526 3135 1657 3216 fratres
1683 3137 1720 3212 in

307 3261 441 3336 ordine
460 3261 684 3366 supradicto.
783 3241 788 3250 Ι
1374 3286 1377 3293 ·
1553 3266 1559 3275 ’

361 3392 471 3483 Item,
494 3391 680 3480 adu-vm,
703 3391 749 3470 de
772 3392 1107 3498 dogmatizacione,
1121 3409 1208 3482 otc,
1227 3394 1421 3499 respondit
1437 3393 1542 3500 quod
1561 3394 1600 3467 in
1619 3419 1721 3468 rece-

306 3648 484 3738 uocum
504 3677 574 3728 nec
593 3653 663 3729 scit
682 3651 836 3759 aliquid.

365 3777 475 3867 Item,
498 3778 546 3853 ad
564 3806 737 3870 vnn-mn,
760 3781 807 3856 de
828 3781 1107 3856 conculcacione
1128 3781 1264 3869 crucis,
1287 3799 1370 3870 etc,
1392 3782 1586 3886 respondit
1605 3807 1644 3857 se
1663 3781 1720 3855 ni··

307 3905 381 3982 chil
400 3905 493 3981 scire
512 3906 584 3983 nisi
605 3908 710 4012 quod
728 3936 841 4014 supra
861 3909 1038 4017 deposuit
1055 3911 1103 3987 de
1123 3937 1162 3987 se
1182 3911 1276 4016 ipso.
1336 3990 1339 3996 ,

361 4037 472 4122 Item,
495 4033 542 4110 ad
565 4060 625 4114 xrv
651 4054 690 4113 et
712 4061 772 4127 xv,
795 4037 841 4114 do
863 4056 961 4127 cato,
979 4039 1175 4144 respondit
1197 4068 1236 4116 se
1261 4040 1376 4118 nichil
1401 4043 1493 4118 scire
1519 4068 1587 4117 nec
1613 4031 1719 4116 audi-

305 4191 412 4241 usse.

360 4296 472 4387 Item,
494 4296 542 4371 ad
560 4320 718 4374 xvi-xxm
738 4297 934 4401 respondit
953 4326 992 4374 se
1012 4297 1127 4374 nichil
1146 4299 1255 4390 scire,
1278 4326 1445 4376 asserens
1464 4327 1505 4376 se
1523 4296 1620 4376 bene
1640 4327 1719 4376 cre·

297 4423 395 4498 ‘dere
416 4423 584 4506 indictis
603 4426 857 4516 sacramentis,
879 4428 1037 4505 credens
1049 4428 1165 4506 eciam
1184 4431 1289 4536 quod
1308 4429 1374 4507 alii·
1388 4429 1486 4507 bene
1507 4430 1717 4518 crederent,

306 4568 345 4627 et
367 4554 471 4657 quod
496 4581 628 4630 eorum
652 4555 862 4635 sacerdotes
882 4557 1013 4636 debito
1031 4556 1273 4638 celebrarent.

360 4682 472 4771 Item,
493 4685 540 4760 ad
554 4701 726 4766 xxiv-vnn
741 4688 989 4794 respondisse
1004 4686 1120 4768 niahil
1133 4691 1243 4781 scire,
1257 4719 1327 4770 nec
1338 4686 1718 4799 creditquod'aliquis

306 4811 423 4916 possit
442 4811 631 4892 absolvere
649 4843 672 4891 a
689 4816 848 4922 peccatis
867 4819 939 4897 nisi
958 4819 1162 4927 presbyter.
