4080 6052
699 521 896 614 procas
922 538 1015 609 uus
1043 538 1343 610 rrurnrsns.
1659 547 1729 619 rsa

313 681 520 760 secundum
537 678 697 757 formam
718 709 830 785 supra
848 680 1027 785 positam,
1050 677 1156 753 etatis
1176 705 1196 754 n
1218 704 1403 755 annorum
1424 696 1462 754 et
1481 679 1594 768 ultra,
1614 703 1658 760 ut
1676 687 1733 762 di-

313 812 433 902 cebat,
456 810 630 917 expositis
649 811 722 890 sibi
749 810 939 918 sigillatim
957 807 1134 886 omnibus
1154 807 1319 885 articulis
1338 809 1596 914 suprapositis,
1619 831 1657 888 et
1675 843 1733 889 re-

310 943 473 1051 quisitus
492 960 552 1034 ut,
574 942 646 1020 sub
666 942 795 1020 debito
810 941 1019 1048 juramenti
1037 968 1107 1045 per
1126 968 1216 1016 eum
1235 939 1397 1045 prestiti,
1419 939 1561 1017 diceret
1583 942 1615 1018 si
1639 945 1732 1048 quid

310 1073 451 1153 sciebat
469 1102 584 1179 super
603 1075 672 1163 eis,
694 1071 889 1180 respondit
908 1100 948 1148 se
968 1069 1086 1146 nichil
1105 1071 1200 1148 scire
1220 1099 1334 1175 super
1359 1071 1428 1162 eis,
1450 1071 1522 1147 nisi
1542 1090 1656 1176 prout
1676 1103 1732 1149 se-

311 1205 453 1310 quitur.
475 1206 568 1282 Nam
588 1233 703 1311 super
721 1219 806 1305 rax⁰
824 1202 1000 1286 articulo,
1023 1202 1070 1278 de
1090 1200 1320 1278 osculatione
1344 1201 1421 1291 ani,
1449 1201 1541 1302 dixit
1564 1230 1603 1278 se
1626 1203 1733 1279 audi·

312 1334 406 1412 visse
426 1335 561 1411 dicum
578 1326 869 1421 osculacionem,
890 1359 934 1408 aa
955 1332 1041 1407 anni
1063 1348 1151 1408 sunt
1171 1329 1300 1437 elapsi,
1322 1349 1359 1407 et
1379 1349 1530 1407 extunc
1549 1333 1732 1439 quingen-

311 1465 360 1540 tis
375 1463 520 1540 vicibus
536 1480 579 1540 ut
596 1464 748 1541 extimat
765 1480 803 1540 et
818 1462 917 1539 ultra
934 1463 973 1553 in
992 1460 1145 1566 diversis
1162 1460 1253 1538 locis
1271 1479 1308 1537 et
1325 1460 1372 1536 ab
1390 1461 1544 1538 diversis
1560 1465 1731 1566 personis

313 1610 351 1670 et
370 1593 631 1680 communiter,
654 1611 693 1669 et
712 1610 790 1669 erat
807 1593 854 1669 de
874 1593 947 1669 hoc
969 1589 1065 1668 lama
1084 1589 1249 1695 publiea,
1273 1591 1378 1697 quod
1402 1591 1465 1668 ille
1488 1592 1553 1698 qui
1577 1595 1731 1700 recipie-

310 1723 421 1801 batur
445 1724 682 1801 osculabatur
706 1724 949 1831 recipientem
970 1724 1009 1798 in
1035 1750 1105 1799 ano
1129 1721 1188 1798 vel
1212 1739 1385 1828 receptus
1410 1751 1516 1810 eum,
1539 1740 1577 1799 et
1597 1753 1640 1801 ex
1660 1726 1732 1810 hoc

312 1853 506 1931 dicebatur
520 1855 688 1961 predicta
710 1855 880 1961 recepcio
902 1854 1129 1963 clandestine
1148 1853 1230 1929 fieri
1252 1870 1290 1930 et
1308 1870 1461 1930 secrete.
1482 1855 1732 1962 Interrogatus

313 1984 359 2061 de
373 1983 464 2062 Iocis
483 2002 520 2062 et
535 1985 705 2091 personis
722 1985 762 2060 in
776 1983 917 2091 quibus
932 2001 969 2061 et
986 1981 1162 2089 aquibus
1180 1983 1370 2060 audiverat
1385 1983 1562 2089 predicta,
1579 2012 1732 2090 respon-

311 2113 368 2190 dit
380 2114 677 2224 quod·Tbolose‚
696 2113 871 2220 Lugduni
886 2114 924 2188 in
938 2113 1056 2219 patria
1068 2142 1151 2205 sua,
1168 2113 1207 2189 in
1222 2112 1351 2190 multis
1366 2113 1472 2202 Iocis,
1496 2131 1534 2190 et
1551 2114 1727 2205 Parisios,

311 2245 407 2320 etin
427 2243 578 2350 Apulia,
600 2244 695 2320 etin
721 2242 906 2351 Aragonia
924 2272 967 2318 ac
986 2242 1067 2319 aliis
1092 2243 1246 2320 diversis
1266 2245 1358 2320 locis
1376 2273 1398 2320 a
1417 2243 1618 2335 militibus,
1640 2246 1729 2322 bur-

312 2372 507 2481 gensibus,
529 2390 567 2450 et
585 2372 666 2448 aliis
684 2373 837 2478 quando
856 2388 963 2448 erant
985 2370 1141 2447 insimul
1165 2373 1392 2478 congregati,
1415 2389 1452 2449 et
1471 2371 1586 2449 fiebat
1605 2403 1728 2451 sermo

312 2503 361 2580 de
380 2502 598 2608 recepcione
617 2501 775 2578 fratrum
795 2500 938 2578 ordinis
956 2498 1181 2607 supradicti,
1201 2516 1239 2576 et
1261 2517 1366 2576 erant
1381 2517 1439 2577 tot
1460 2528 1480 2576 a
1504 2502 1642 2606 quibus
1663 2532 1728 2579 au-

311 2632 404 2709 divit
418 2632 585 2739 predicta
600 2659 674 2739 que
693 2631 945 2708 communiter
962 2628 1184 2707 dicebantur
1198 2630 1304 2735 quod
1326 2630 1431 2735 copia
1452 2631 1556 2736 quasi
1577 2631 1728 2738 inopem

310 2761 512 2840 eumfacit.
1047 2738 1049 2743 .

364 2893 475 2984 Item,
497 2892 700 2998 requisitus
720 2892 815 2998 quid
835 2903 942 2968 vocat
961 2890 1040 2994 ipse
1061 2889 1198 2966 lamam
1222 2888 1428 2994 publicam,
1450 2890 1512 2966 hic
1535 2892 1729 2996 respondit

309 3023 413 3128 quod
432 3022 528 3098 illud
543 3020 649 3129 quod
665 3020 814 3127 publice
834 3021 1011 3097 reffertur
1030 3020 1069 3095 in
1089 3019 1245 3096 diversis
1263 3019 1361 3106 Iocis,
1376 3037 1413 3097 et
1432 3048 1452 3096 a
1470 3020 1622 3098 diversis
1640 3051 1726 3127 per-

310 3152 422 3228 sonis.
438 3153 704 3259 Interrogatus,
722 3151 752 3228 si
767 3151 837 3228 scit
856 3150 957 3227 unde
973 3150 1107 3227 habuit
1123 3150 1307 3258 originem
1329 3150 1427 3227 dicta
1445 3148 1556 3240 lama,
1573 3180 1725 3258 respon-

311 3280 367 3358 dit
385 3282 491 3389 quod
508 3310 600 3374 non,
622 3282 689 3360 sed
708 3281 814 3388 quod
834 3298 913 3358 erat
931 3281 1032 3387 apud
1049 3280 1171 3359 bonos
1191 3295 1230 3357 et
1248 3309 1385 3387 graves.

364 3413 475 3504 Item,
497 3441 610 3518 super
633 3438 739 3490 xxxvi
764 3411 936 3502 articulo,
959 3411 1007 3488 de
1035 3410 1278 3488 clamdestino
1300 3413 1517 3517 recepcione
1538 3413 1724 3488 dictorum

306 3541 479 3635 fratrum,
511 3543 602 3621 dixit
635 3572 674 3620 se
708 3570 926 3648 procurasse
955 3542 1062 3647 quod
1093 3541 1271 3619 dominus
1304 3541 1413 3648 Ilugo
1448 3542 1495 3619 de
1534 3542 1726 3619 Marchant

306 3673 465 3752 diocesis
488 3675 767 3783 Lugdunensis,
789 3674 836 3750 de
862 3672 1067 3779 parentella
1092 3701 1174 3761 sua,
1196 3670 1264 3778 qui
1282 3671 1610 3780 studueratlongo
1630 3690 1725 3749 tem-

306 3830 398 3908 pore
423 3802 462 3878 in
488 3803 650 3909 legibus,
671 3820 763 3880 tunc
788 3803 896 3881 etatis
920 3829 966 3882 xa
993 3831 1178 3881 annorum
1201 3802 1259 3878 vel
1284 3803 1440 3895 circiter,
1462 3801 1535 3880 luit
1552 3821 1724 3907 receptus

307 3933 346 4007 in
372 3931 504 4008 ordine
529 3931 678 4037 Templi
703 3932 884 4043 Tholose,
913 3950 951 4010 et
978 3935 1017 4010 in
1048 3934 1110 4010 die
1141 3934 1387 4038 recepcionis,
1415 3934 1517 4010 idem
1547 3933 1723 4009 dominus
1840 4026 1844 4041 .

306 4061 564 4141 Guischardus
578 4061 666 4138 fecit
681 4089 769 4137 eum
784 4061 944 4138 militem
962 4063 1000 4138 in
1018 4091 1151 4169 magna
1167 4063 1252 4140 aula
1269 4063 1405 4140 domus
1421 4063 1723 4168 Templariorum

306 4193 487 4282 Tholose,
512 4193 550 4269 in
585 4192 718 4268 habitu
748 4190 879 4268 militis
908 4191 1101 4281 secularis,
1128 4209 1168 4268 et
1199 4195 1444 4298 postmodum
1465 4192 1603 4271 'fratres
1634 4194 1721 4271 dicti

307 4323 450 4400 ordinis
480 4323 771 4400 introduxerunt
795 4320 1009 4428 predictum
1039 4321 1237 4398 dominum
1265 4323 1465 4431 Hugonem
1494 4323 1533 4398 in
1561 4325 1722 4431 quadam
1755 4332 1759 4342 ’

307 4482 449 4529 camera
476 4454 686 4560 propinqua
713 4452 811 4529 dicte
840 4451 925 4528 aule
954 4452 993 4527 in
1025 4481 1100 4559 qua
1121 4452 1270 4560 jacebat
1295 4453 1396 4530 idem
1424 4453 1600 4531 dominus
1631 4453 1722 4533 Gui-

305 4583 477 4675 chardus,
495 4601 533 4660 et
545 4584 592 4661 de
611 4613 756 4660 camera
771 4584 809 4658 in
822 4583 1024 4688 quamdam
1038 4583 1294 4691 gardarobam,
1313 4602 1351 4662 et
1365 4584 1579 4663 clauserunt
1592 4585 1723 4662 intrin-

304 4744 412 4793 secus
431 4715 552 4791 hostia
577 4715 673 4792 dicte
699 4743 861 4806 camere,
882 4733 1066 4821 quantum
1091 4715 1239 4793 firmius
1261 4731 1483 4823 potuerunt,
1506 4733 1545 4793 et
1563 4717 1723 4794 cortinas

304 4875 398 4953 quas
417 4846 534 4922 iidem
559 4848 736 4924 dominus
756 4845 995 4927 Guichardus
1013 4845 1166 4924 tenebat
1185 4847 1281 4924 circa
1303 4847 1443 4926 lectum
1466 4876 1580 4939 suum
1599 4865 1721 4925 muta·

1528 5110 1597 5223 l
