4080 6052
521 558 565 628 rs
902 528 1545 622 nnoctsoas‘raueuens.

569 691 803 773 Adteniente
830 691 994 767 termino
1015 686 1245 793 supradicto,
1275 683 1449 760 u'delicet
1476 684 1515 759 in
1543 684 1751 763 crastinum
1775 688 1937 793 podioli

511 825 597 902 sesti
612 823 712 900 beati
727 821 890 903 Martini,
905 821 1011 926 quod
1030 818 1233 894 crastinum
1249 813 1322 891 luit
1337 814 1400 891 die
1414 814 1594 891 Memmii
1611 829 1677 894 au·
1691 815 1756 893 die
1773 817 1937 897 intrante

513 980 644 1031 meuse
671 950 905 1036 Novembris,
932 949 1137 1054 supradicti
1163 945 1308 1023 domini
1336 946 1641 1052 archiepiscopus
1663 947 1935 1031 Narbonemis.

515 1083 739 1190 Bajocensis,
761 1079 993 1155 lllimatensis
1015 1095 1055 1153 et
1080 1076 1357 1154 Lemovicensis
1380 1077 1566 1181 episcopi,
1595 1105 1639 1154 ac
1664 1077 1844 1157 dominus
1870 1080 1937 1157 to-

517 1216 661 1290 hannes
678 1212 726 1287 de
745 1211 899 1286 Mantua
916 1207 1203 1283 archidiaconns
1217 1205 1479 1293 Tridentinus,
1501 1224 1758 1285 convenerunt
1771 1208 1937 1287 Parisios

513 1344 553 1419 in
572 1344 670 1419 dicta
689 1339 774 1415 aula
793 1336 1007 1442 episcopali
1027 1335 1078 1410 Et
1102 1362 1190 1410 cum
1214 1335 1452 1437 supradictus
1477 1335 1656 1413 dominus
1673 1337 1858 1415 ‹llatbeus
1884 1336 1935 1415 de

514 1472 669 1578 Neapoli
698 1487 737 1546 et
754 1468 878 1544 dicnrs
896 1466 1075 1542 dominns
1092 1464 1282 1541 lohannes
1303 1462 1352 1539 de
1372 1464 1503 1541 bloute
1521 1466 1645 1543 lauro
1663 1466 1936 1572 blagaloueusis

514 1600 802 1678 archidiaconus
824 1615 917 1673 mne
942 1595 1131 1683 abessent,
1163 1589 1289 1670 eidem
1318 1592 1465 1671 domini
1491 1597 1754 1685 commissarii,
1783 1624 1935 1675 causam

514 1730 687 1807 absencia
714 1728 937 1805 eorumdem
959 1728 1053 1803 scire
1080 1725 1280 1814 vollentes,
1308 1725 1495 1803 miseruut
1519 1754 1582 1803 me
1606 1728 1796 1803 notarium
1822 1727 1936 1805 iulia-

512 1862 693 1966 scriptum
714 1877 752 1936 et
771 1859 865 1936 alios
883 1858 1049 1934 notarios
1067 1856 1321 1962 inb-ascriptos
1339 1857 1389 1933 ad
1407 1857 1579 1949 domum,
1597 1886 1712 1964 quam
1731 1857 1855 1936 didita
1871 1856 1935 1934 do·

514 1993 639 2068 minus
660 1990 834 2067 Matheus
858 1989 1020 2065 Parisius
1048 1987 1296 2077 inhabitabat,
1318 1989 1366 2064 ad
1391 1989 1661 2096 inquirendum
1687 1988 1720 2065 si
1743 2004 1840 2066 esset
1860 1987 1932 2065 ibi-

515 2119 615 2194 dem.
642 2121 719 2212 Qui
747 2147 825 2197 non
854 2119 927 2195 fuit
949 2121 990 2195 in
1009 2146 1054 2194 ea
1076 2118 1267 2203 inventus,
1287 2146 1376 2194 nam
1402 2138 1499 2205 erat,
1527 2121 1643 2223 (sicut
1666 2118 1825 2224 quidam
1851 2117 1934 2224 ejus

515 2248 756 2332 domicellus,
782 2250 935 2324 nomine
959 2249 1176 2324 Franciscus
1194 2247 1351 2333 Cbicus,
1371 2250 1411 2325 in
1430 2249 1596 2355 predicta
1617 2247 1733 2325 domo
1751 2248 1932 2331 existens.

514 2380 656 2482 retulit)
675 2406 763 2453 cnm
781 2376 984 2455 venerabili
1003 2379 1084 2453 tim
1103 2377 1260 2453 domino
1278 2377 1472 2454 Gaulredo
1490 2379 1539 2454 de
1555 2378 1705 2452 Plexeio
1728 2376 1831 2454 aedis
1847 2405 1934 2482 apo·

511 2509 640 2585 stolice
658 2509 822 2593 notario,
842 2507 947 2612 apud
963 2506 1088 2585 l'alles
1111 2507 1332 2583 Parisiensis
1355 2508 1533 2593 diocesis,
1551 2523 1678 2583 tamen
1700 2504 1828 2611 quoad
1846 2533 1934 2612 pre·

511 2638 654 2714 dictum
670 2640 775 2714 diem
787 2665 866 2712 non
879 2637 1000 2721 venit,
1016 2635 1120 2711 idem
1135 2636 1314 2713 dominus
1327 2639 1502 2714 blatbeus
1519 2665 1561 2715 se
1577 2664 1649 2743 per
1669 2636 1752 2742 ejus
1763 2652 1932 2741 patentes

511 2768 669 2850 litteras,
689 2794 853 2871 quartun
873 2783 982 2843 tenor
1001 2765 1100 2841 inlra
1118 2765 1315 2856 subicitur,
1335 2771 1531 2846 excusarit.

568 2895 723 2971 Eisdem
743 2912 871 2969 autem
889 2894 1055 2971 dominis
1073 2896 1335 2974 commissariis
1349 2899 1388 2973 in
1402 2899 1570 3003 predicta
1588 2897 1673 2973 aula
1691 2895 1933 2975 existentibus

514 3021 668 3100 luerunt
690 3040 902 3129 presentato
930 3024 1055 3100 littere
1085 3027 1289 3128 supradicti
1312 3026 1459 3103 domini
1482 3028 1664 3105 lobannis
1684 3025 1931 3103 archidiaconi

501 3153 806 3259 -Magalonensis,
827 3181 988 3258 quarum
1007 3155 1258 3230 excusationis
1277 3172 1386 3231 tenor
1405 3155 1501 3232 infra
1519 3155 1714 3233 subicitur.
1732 3156 1777 3232 ln
1794 3153 1933 3260 quibus

514 3282 670 3388 quidem
690 3282 826 3359 litteris
846 3282 968 3358 dictus
987 3284 1165 3358 dominus
1183 3285 1468 3363 archidiaconus
1486 3286 1758 3391 Magalonensis
1774 3284 1934 3362 notifica·

513 3411 578 3488 bat
596 3411 758 3497 eisdem,
779 3412 885 3516 quod
906 3411 1153 3516 procederent
1172 3414 1212 3487 in
1230 3415 1387 3518 negocio
1405 3415 1637 3520 supradicto,
1657 3417 1741 3523 ejus
1765 3416 1933 3494 absencia

514 3568 590 3615 non
615 3540 804 3623 obstante,
829 3568 934 3625 cum,
960 3540 1189 3646 impediente
1213 3543 1448 3629 infirmitate,
1472 3574 1548 3650 que
1571 3547 1696 3651 ipsum
1721 3547 1933 3624 venientem

514 3668 563 3744 de
581 3687 682 3745 terra
705 3697 773 3744 sua
796 3669 844 3744 ad
869 3671 1012 3745 dictum
1034 3673 1241 3748 terminum
1266 3675 1306 3748 in
1331 3675 1465 3753 itinere
1490 3677 1714 3780 arripuerat,
1734 3676 1834 3753 dicto
1856 3693 1933 3753 ter-

515 3799 619 3876 mino
638 3800 820 3874 interesse
838 3825 915 3874 non
934 3818 1072 3903 posset.

571 3928 670 4007 Cum
698 3945 827 4003 autem
856 3927 947 4002 dicti
975 3928 1117 4003 domini
1141 3930 1393 4011 Narbonensis
1422 3936 1736 4045 archiepiscopus,
1755 3938 1934 4045 bajocen·

516 4058 582 4135 sis,
607 4059 839 4135 blimatensis
861 4075 902 4134 et
926 4060 1198 4138 Lemovicensis
1222 4065 1404 4170 episcopi,
1424 4095 1465 4141 ac
1487 4068 1676 4144 lohannes
1701 4067 1750 4143 dc
1777 4069 1934 4144 Mantua

517 4185 797 4264 archidiaconus
810 4189 1070 4283 Tridentinus,
1087 4211 1341 4299 expectassent
1355 4196 1395 4272 in
1415 4195 1514 4272 dicta
1533 4198 1617 4273 aula
1633 4194 1831 4303 episcopali
1845 4195 1931 4281 diu,

515 4331 603 4418 post
620 4315 753 4393 horam
771 4321 902 4407 tercie,
923 4337 962 4397 et
981 4323 1100 4425 major
1116 4325 1245 4406 missa,
1266 4353 1342 4430 que
1361 4344 1447 4430 post
1464 4328 1619 4403 terciam
1638 4342 1817 4411 cantatur,
1836 4343 1936 4404 esset

516 4444 555 4519 in
583 4448 733 4525 ecclesia
760 4449 869 4527 beate
893 4450 1011 4527 blarie
1034 4451 1233 4539 celebrata,
1261 4455 1465 4562 nullusque
1493 4486 1561 4563 pro
1586 4459 1688 4535 dicto
1715 4456 1850 4535 ordine
1876 4455 1934 4533 vel

518 4573 694 4650 fratribus
721 4579 894 4680 ejusdem
912 4582 1055 4659 ordinis
1082 4608 1149 4658 seu
1175 4583 1257 4660 aliis
1284 4589 1444 4665 evocatis
1466 4604 1716 4694 compareret,
1740 4616 1813 4665 nec
1835 4615 1934 4665 com·

517 4703 703 4806 paruisset
726 4703 823 4781 dicta
847 4709 908 4785 die
933 4712 1075 4790 ibidem
1100 4740 1225 4789 coram
1245 4717 1314 4803 eis,
1342 4718 1512 4795 lecerunt
1531 4720 1651 4795 vocari
1670 4745 1797 4796 coram
1814 4745 1856 4794 sc
1871 4717 1934 4794 Jo-

519 4831 695 4920 hannem,
722 4835 865 4913 dictum
889 4839 1075 4929 Alladent‚
1099 4846 1346 4950 apparitorem
1363 4850 1535 4956 juratum
1553 4851 1657 4927 curie
1677 4847 1849 4926 officialis
1869 4848 1934 4922 Pa-
