4148 6052
343 549 389 620 so
726 512 919 612 raocts
944 534 1038 607 nus
1064 505 1365 606 Taurumue

340 686 396 761 dit
415 681 521 788 quod
538 677 654 758 nichil
667 679 816 758 volebat
830 660 953 754 dicere
967 701 1036 781 pro
1054 672 1154 750 dicto
1169 672 1320 760 ordine,
1336 698 1407 748 nec
1426 697 1515 747 cum
1535 670 1757 767 defendere,

337 841 408 891 nec
421 812 526 889 aliud
540 811 665 888 dicere
677 811 749 890 nisi
770 837 813 887 ea
831 836 905 914 que
925 805 1015 883 alias
1035 804 1178 881 dixerat
1187 803 1232 900 ¹in
1252 800 1485 881 confessione
1504 831 1592 897 sua3
1608 807 1677 885 sed
1694 838 1759 887 ve-

337 933 443 1020 nerat
460 970 529 1048 pro
550 969 595 1018 eo
609 941 716 1048 quod
731 939 909 1018 donunus
924 936 1122 1042 episcopus
1136 932 1352 1011 Parisiensis
1367 927 1462 1011 dixit
1482 936 1537 1014 eis
1558 937 1664 1044 quod
1682 937 1755 1028 illi,

336 1072 403 1178 qui
430 1070 570 1148 vellent
594 1070 719 1147 venire
746 1066 796 1143 ad
826 1065 1002 1142 dominos
1028 1062 1318 1149 commissarios,
1347 1080 1522 1164 poterant
1545 1068 1688 1158 venire,
1719 1082 1758 1148 et

337 1228 406 1306 pro
427 1228 471 1279 eo
491 1196 596 1306 quod
614 1195 763 1276 volebat
774 1194 895 1274 dictos
916 1192 1091 1272 dominos
1106 1188 1379 1270 commissarios
1390 1187 1529 1269 videre.

394 1463 484 1541 Post
510 1466 599 1549 hec,
625 1460 769 1540 eisdem
789 1455 874 1539 loco
900 1476 938 1538 et
956 1453 1034 1552 die,
1055 1456 1168 1537 frater
1186 1456 1399 1536 Ponzar'dus
1418 1454 1465 1534 de
1487 1453 1644 1562 Gysiaco
1669 1484 1754 1562 pre-

339 1608 467 1697 ceptor
493 1592 540 1669 de
561 1591 705 1682 Paians',
728 1590 912 1669 adductus
936 1590 985 1666 ad
1009 1589 1240 1696 presenciam
1261 1586 1482 1664 eorumdem
1511 1585 1754 1664 dominorum

338 1720 695 1806 commissariorum,
718 1736 755 1796 et
773 1719 977 1825 requisitus
990 1747 1058 1823 per
1078 1706 1231 1795 eosdem
1250 1716 1281 1791 si
1301 1714 1450 1794 volebat
1474 1713 1678 1794 defendere
1693 1731 1754 1794 or-

338 1851 466 1927 dinem
484 1866 752 1941 memoratum,
769 1849 965 1955 respondit
981 1848 1087 1954 quod
1101 1847 1246 1924 articuli
1266 1847 1333 1952 qui
1355 1863 1446 1923 sunt
1467 1847 1631 1953 impositi
1651 1849 1754 1928 dicto

336 1979 477 2071 ordini,
488 1980 663 2059 videlicet
673 1980 798 2086 ipsum
811 1978 985 2055 ordinem
999 1977 1182 2086 abnegare
1196 1976 1353 2054 lhesum
1365 1975 1559 2053 Christum
1570 1993 1608 2054 et
1615 2005 1752 2082 spuere

336 2138 450 2214 super
464 2138 629 2202 crucem,
639 2125 677 2186 ct
690 2109 795 2215 quod
809 2107 964 2186 licencia
979 2107 1065 2183 data
1078 2106 1127 2183 sit
1136 2106 1241 2211 quod
1255 2135 1354 2183 unus
1365 2105 1523 2183 fratrum
1531 2135 1571 2184 se
1585 2109 1754 2187 commis

337 2255 438 2314 ceret
451 2239 647 2316 camalitor
665 2267 753 2316 cum
772 2239 861 2330 alio,
880 2255 918 2314 et
936 2236 1099 2344 quedam
1114 2236 1185 2312 alia
1205 2236 1372 2314 enormia
1389 2235 1523 2314 similia
1539 2237 1754 2341 dependen-

336 2368 390 2443 cia
421 2392 465 2446 ex
494 2368 653 2460 eisdem,
678 2379 768 2445 sunt
784 2367 892 2459 falsa,
913 2383 950 2445 et
968 2392 1208 2473 quecumque
1230 2367 1309 2473 ipse
1327 2365 1387 2445 vel
1412 2365 1475 2443 alii
1501 2364 1634 2444 fratres
1660 2368 1752 2446 dicti

334 2496 478 2574 ordinis
495 2495 650 2574 fuerunt
668 2495 827 2582 confessi
855 2496 902 2575 de
921 2497 1113 2603 premissis
1133 2524 1258 2574 coram
1282 2497 1456 2603 episcopo
1475 2496 1669 2574 Parisiensi
1689 2498 1750 2574 vel

332 2623 438 2717 alibi,
460 2642 566 2702 erant
583 2624 690 2715 falsa,
713 2639 752 2701 et
764 2624 870 2730 quod
888 2625 1056 2728 predicta
1070 2627 1244 2705 dixerunt
1262 2655 1331 2733 per
1348 2628 1424 2705 vim
1444 2644 1481 2705 et
1494 2642 1646 2733 propter
1656 2627 1751 2732 peri·

333 2753 462 2830 culum
482 2771 520 2829 et
539 2753 735 2838 timorem,
757 2752 846 2858 quia
863 2754 1137 2860 torquebantur
1158 2786 1179 2833 a
1197 2757 1380 2865 Floyrano
1396 2756 1448 2834 tle
1466 2756 1601 2835 Biteris
1622 2757 1747 2863 priore

332 2882 472 2958 Montis
501 2881 671 2974 Falconi,
695 2881 901 2962 Guillelmo
930 2884 1085 2962 Roberti
1115 2889 1316 2977 monacho,
1344 2888 1506 2967 inimicis
1532 2916 1681 2979 eorum,
1709 2906 1749 2966 et

331 3027 485 3116 propter
510 3011 714 3118 qnamdam
741 2994 1029 3092 consensionem
1058 3032 1096 3092 et
1116 3015 1423 3096 informacionem
1441 3046 1557 3125 quam
1581 3016 1747 3094 fecerant

332 3155 416 3216 ante
437 3139 491 3217 illi
511 3141 632 3249 quiin
647 3142 855 3221 carceribus
868 3146 1062 3238 tenebant,
1084 3162 1122 3224 et
1134 3165 1288 3255 propter
1301 3165 1446 3227 metum
1460 3147 1607 3236 mortis,
1624 3163 1662 3224 et
1674 3175 1746 3253 pro
1821 3242 1824 3249 Ι

331 3296 377 3345 eo
405 3269 493 3375 quia
510 3271 663 3377 triginta
681 3301 746 3371 sex
768 3274 816 3351 de
836 3273 945 3353 dictis
964 3275 1141 3355 fratribus
1170 3278 1319 3358 fuerant
1336 3279 1476 3357 mortui
1497 3277 1659 3356 Parisius
1675 3291 1746 3382 per

323 3397 498 3503 jainnam.
512 3416 550 3476 et
567 3417 753 3479 tormenta
773 3405 940 3482 etmulti
960 3406 1024 3483 alii
1045 3408 1084 3484 in
1105 3408 1186 3485 aliis
1205 3409 1313 3516 locis;
1335 3407 1618 3513 dicenspeciam‚
1637 3406 1744 3513 quod

328 3543 478 3630 paratus
492 3545 572 3607 erat
586 3528 786 3609 defendere
800 3533 988 3641 prefatum
1002 3536 1175 3614 ordinem
1188 3565 1258 3643 pro
1268 3566 1308 3615 se
1322 3554 1360 3616 et
1372 3537 1446 3615 sibi
1457 3535 1744 3628 atlfrerentibus,

328 3654 359 3730 si
385 3656 686 3738 ministrarentur
712 3662 767 3739 eis
794 3686 951 3770 expense
982 3665 1029 3743 de
1050 3665 1161 3744 bonis
1180 3666 1347 3773 Templi,
1366 3683 1498 3772 petens
1519 3656 1591 3743 sibi
1608 3663 1744 3742 fratres

326 3784 575 3893 Reginaldum
597 3789 645 3866 de
659 3790 871 3868 Aurelianis
891 3809 928 3868 et
939 3793 1093 3871 Petrum
1109 3794 1156 3873 de
1170 3796 1340 3874 Bononia
1356 3795 1591 3901 presbiteros,
1606 3790 1761 3870 fratres·

327 3911 417 3991 dicti
430 3915 588 4008 ordinis,
604 3917 685 3993 dari
697 3919 738 3994 in
750 3919 929 3997 auxilium
942 3938 981 3998 et
992 3924 1190 4002 consilium
1203 3925 1287 4003 sibi.
1299 3925 1480 4005 Reddidit
1487 3921 1605 4002 eciam
1613 3949 1742 4029 quam

328 4040 413 4120 dam
432 4046 604 4124 cedulam
623 4074 739 4124 manu
762 4075 843 4137 sua,
866 4067 910 4128 ut
933 4051 1094 4145 dicebat,
1117 4055 1308 4161 scriptam,
1329 4056 1368 4133 in
1387 4083 1464 4162 qua
1482 4070 1588 4145 erant
1602 4051 1740 4158 scripta
1803 4060 1806 4064 ’

326 4172 477 4249 nomina
500 4180 767 4280 quorumdam,
798 4210 897 4288 quos
923 4183 1072 4268 dicebat
1090 4215 1169 4266 esse
1194 4186 1366 4266 inimicos
1386 4187 1528 4266 ordinis
1548 4181 1736 4264 antedicti.

325 4298 443 4408 Cujus
463 4304 597 4384 cedule
614 4324 723 4387 tenor
740 4308 825 4387 talis
846 4328 927 4389 est:

377 4564 552 4651 Cessont
572 4569 608 4645 le
626 4587 806 4677 treytour,
827 4572 855 4651 li
875 4575 964 4681 quel
988 4595 1054 4656 ont
1071 4556 1231 4686 propone
1256 4582 1397 4661 fausete
1418 4596 1456 4658 et
1476 4578 1625 4656 delaute
1648 4602 1738 4653 con·

322 4703 379 4764 tra
403 4708 479 4768 este
501 4691 550 4800 [l]
567 4697 614 4774 de
629 4696 664 4775 la
677 4700 836 4810 religion
856 4705 932 4782 deu
947 4708 1102 4815 Temple
1121 4742 1129 4788 ε
1146 4710 1365 4790 Guillalmes
1383 4709 1543 4789 Robcrts
1560 4722 1736 4813 moynes,

321 4816 391 4922 qui·
411 4817 465 4896 les
489 4822 646 4931 mitoyet
668 4836 688 4906 a
707 4829 832 4937 gcine,
852 4834 1015 4941 Esquius
1038 4839 1086 4917 de
1115 4839 1269 4947 Floyrac
1294 4843 1342 4918 de
1366 4838 1520 4919 Biterris
1543 4836 1737 4942 cumprior
