4080 6052
334 531 403 606 rsa
678 621 683 630 Ι
713 502 905 597 rnocts
931 518 1026 598 nus
1051 518 1353 595 rsnrtmns.

352 720 354 724 <
385 673 495 755 ltern,
514 663 646 745 eadem
658 663 721 743 die
731 663 832 765 loris
843 690 913 769 nos
924 660 1060 740 notarii
1072 661 1276 769 supradicti
1289 658 1511 740 accessimus
1522 658 1570 734 ad
1583 658 1742 738 domum

330 794 511 876 lobannis
520 791 678 872 Russelli
692 821 810 900 prope
826 790 1020 871 ecclesiam
1034 788 1153 869 sanni
1168 789 1349 869 lobannis
1362 788 1404 866 in
1416 786 1548 867 Gravia
1562 786 1742 881 Parisitu,

329 925 398 1005 ubi
417 921 684 1005 detinebantur
703 948 814 1002 xxvtn
828 918 961 999 fratres
978 918 1185 1024 Templarii
1205 947 1250 997 ex
1263 918 1340 996 hiis
1356 917 1424 1024 qui
1442 915 1688 995 interfuerant
1704 920 1743 996 in

330 1052 499 1160 predicto
522 1051 715 1139 viridario,
740 1049 915 1129 videlicet
932 1047 1065 1129 fratres
1090 1049 1276 1127 Henricus
1298 1048 1347 1125 de
1369 1045 1595 1135 Honorello,
1622 1045 1747 1126 Culte·

331 1185 411 1262 rius
431 1183 480 1260 de
498 1182 642 1287 Campo
658 1180 873 1272 Allamano,
897 1177 1009 1259 Oddo
1029 1177 1078 1259 de
1097 1178 1228 1266 Buris,
1247 1176 1437 1259 lohannes
1451 1175 1500 1253 de
1519 1175 1745 1282 Cantulupo‚

333 1315 524 1391 lohannes
545 1310 593 1388 do
614 1311 859 1396 ansavento,
884 1307 1072 1386 Robertus
1090 1306 1250 1414 vigerii,
1270 1305 1496 1385 Guillelmus
1516 1306 1563 1382 de
1583 1307 1748 1414 Taysen-

331 1444 423 1531 tria,
445 1441 628 1520 Martinus
647 1440 695 1517 de
713 1438 899 1526 Vollenis,
928 1438 1143 1544 Stephanus
1162 1437 1211 1514 de
1226 1438 1359 1545 Paray,
1381 1437 1522 1545 Symon
1541 1435 1745 1523 Testafort,

333 1571 545 1674 Stephanus
570 1567 621 1644 de
643 1568 757 1656 Losa,
784 1566 999 1672 Stephanus
1025 1566 1072 1644 de
1092 1565 1281 1671 Patingcs,
1306 1565 1465 1644 Auricus
1488 1565 1536 1641 de
1562 1563 1745 1655 Caritate,

334 1695 561 1774 Guillelmus
580 1695 627 1773 de
651 1694 868 1784 Tulhelhis,
892 1694 1014 1802 Aymo
1034 1694 1082 1772 de
1101 1694 1257 1801 Pratim,
1290 1695 1503 1808 Stephanus
1522 1693 1570 1771 de
1599 1694 1747 1800 Riperia

335 1824 461 1911 miles,
491 1827 531 1902 P.
560 1825 614 1903 du
641 1824 791 1912 Carrel,
816 1825 1006 1903 lohannes
1034 1823 1070 1903 le
1096 1825 1203 1914 Cast,
1227 1822 1465 1903 Guaufredus
1491 1823 1540 1900 de
1568 1825 1744 1930 Stampis,

334 1957 373 2033 P.
385 1954 563 2044 Crasseti,
582 1953 763 2033 Girardus
781 1952 964 2044 Gaudoti,
982 1955 1022 2029 P.
1039 1953 1194 2040 Leheri,
1213 1955 1426 2062 Stephanus
1442 1954 1592 2045 Bessus,
1611 1955 1750 2032 lohan-

334 2112 401 2160 nes
427 2083 639 2191 Sapiencie,
665 2083 856 2161 lohannes
878 2081 1059 2189 Loqueti,
1087 2084 1261 2162 Matheus
1289 2082 1470 2171 Gadolin,
1496 2082 1673 2161 Albertus
1701 2083 1749 2162 de

334 2211 542 2317 Mequinhi,
558 2229 597 2290 et
608 2213 741 2291 Petrus
750 2212 908 2290 Picardi.
922 2211 1010 2306 Qui,
1022 2228 1067 2287 ut
1079 2211 1140 2288 alii
1152 2241 1266 2318 supra
1276 2203 1460 2318 requisiti,
1474 2212 1751 2318 responderunt

335 2340 460 2446 quod,
481 2340 570 2447 quia
589 2341 732 2419 dictum
754 2339 827 2419 fuit
843 2359 881 2418 et
899 2339 1152 2421 deliberatum
1169 2341 1268 2418 inter
1287 2368 1355 2420 eos
1371 2341 1469 2419 dieta
1485 2341 1547 2418 die
1565 2341 1693 2420 Sabati
1712 2341 1750 2418 in

334 2468 479 2574 prefato
501 2470 680 2550 viridario
704 2470 851 2549 domini
876 2470 1041 2576 episcopi
1067 2469 1284 2548 Parisiensis
1310 2470 1414 2573 quod
1436 2469 1513 2546 duo
1541 2471 1751 2576 presbyteri

335 2597 466 2679 fratres
484 2600 574 2678 dicti
593 2600 751 2686 ordinis,
768 2599 944 2691 videlicet
959 2597 1090 2675 fratres
1109 2594 1337 2699 Reginaldus
1354 2595 1402 2672 de
1416 2597 1557 2673 Pruino
1583 2615 1621 2674 et
1644 2602 1683 2676 P.
1705 2601 1752 2677 de

336 2728 504 2806 Bononia
524 2725 704 2832 predicti,
726 2741 764 2800 et
788 2723 865 2799 duo
885 2721 1015 2799 fratres
1036 2721 1175 2797 milites
1198 2720 1288 2797 dicti
1312 2723 1472 2810 ordinis,
1494 2722 1683 2801 debebant
1704 2730 1753 2803 ad

338 2883 402 2931 eos
420 2855 547 2931 venire
563 2870 602 2929 et
615 2879 728 2956 super
738 2847 1043 2956 procuratoribus
1059 2848 1331 2928 constituendis
1346 2866 1384 2928 et
1398 2849 1479 2928 aliis
1495 2850 1752 2934 defensionem

338 2980 428 3055 dicti
448 2980 592 3058 ordinis
607 2977 912 3083 contingentibus
926 2976 1153 3064 deliberare,
1171 2994 1209 3055 et
1223 2978 1312 3084 quia
1324 2970 1428 3056 istud
1440 2978 1579 3057 factum
1599 3010 1675 3059 non
1692 2998 1753 3061 exss

340 3108 430 3192 sitit,
456 3108 542 3185 ideo
562 3123 823 3216 procuratores
846 3106 992 3213 aliquos
1015 3135 1094 3185 nou
1115 3105 1286 3189 fecerunt
1302 3136 1371 3189 nec
1390 3109 1587 3187 consilium
1609 3112 1752 3219 aliquos

339 3264 453 3341 super
471 3237 544 3315 hoc
561 3237 796 3329 habuerunt,
817 3235 1052 3342 requirentes
1067 3236 1256 3315 dictorum
1274 3240 1580 3346 presbyterorum
1601 3259 1637 3317 et
1656 3243 1753 3320 mili·

339 3383 422 3443 tum
442 3384 480 3443 et
498 3368 659 3446 aliorum
679 3366 917 3472 superiorum
945 3395 1100 3445 suorum
1124 3366 1261 3445 habere
1282 3368 1480 3446 consilium
1501 3370 1549 3446 ad
1568 3371 1753 3476 predicta,

342 3515 379 3573 et
389 3498 518 3576 habito
530 3498 716 3576 dictorum
731 3496 889 3574 fratrum
901 3496 1068 3589 consilio,
1084 3497 1259 3576 dixerunt
1268 3499 1372 3606 quod
1385 3498 1637 3579 deliberarent
1651 3503 1753 3609 quod

340 3656 409 3732 per
428 3656 492 3705 eos
512 3645 609 3705 esset
627 3655 741 3733 super
762 3627 940 3733 predictis
958 3627 1192 3720 faciendum,
1219 3646 1257 3706 et
1273 3629 1403 3707 volunt
1424 3630 1473 3706 ad
1492 3632 1753 3737 proponendas

342 3757 593 3835 deffensiones
613 3773 652 3833 et
670 3757 836 3836 raciones
855 3785 941 3835 suas
960 3757 1099 3859 habere
1119 3757 1319 3835 consilium
1342 3776 1379 3835 et
1397 3761 1629 3865 presenciam
1643 3790 1753 3867 supe·

342 3890 486 3966 riorum
513 3917 670 3965 suorum
696 3905 735 3964 et
760 3887 920 3966 aliorum
947 3887 1105 3967 fratrum
1131 3888 1400 3993 predictorum.
1423 3891 1471 3967 Et
1491 3909 1626 3996 petunt
1651 3892 1754 3998 quod

343 4048 430 4097 cum
447 4020 485 4095 in
506 4019 641 4098 eodem
659 4017 827 4124 hospicio
847 4019 921 4097 siut
940 4019 1037 4098 inter
1053 4018 1148 4097 duas
1167 4019 1361 4098 societates
1379 4020 1503 4110 divisi,
1525 4022 1627 4127 quod
1645 4021 1756 4100 facul·

342 4166 457 4226 tatem
476 4150 639 4229 habeant
660 4148 841 4257 loquendi
865 4165 903 4226 et
927 4149 1125 4230 consilium
1142 4149 1308 4229 habendi
1330 4180 1443 4257 super
1461 4151 1637 4258 predictis
1658 4152 1756 4231 inter

343 4308 398 4368 se,
415 4297 584 4385 petentes
601 4284 793 4368 instanter,
812 4281 964 4359 utboni
985 4281 1203 4370 Christiani,
1224 4282 1278 4360 eis
1295 4283 1498 4361 ministrari
1512 4281 1756 4361 ecclesiastica

342 4430 580 4493 sacramenta.
605 4415 735 4490 Frater
752 4439 840 4489 vero
860 4410 979 4518 Aymo
1005 4413 1053 4490 de
1079 4413 1231 4491 Pratimi
1250 4411 1417 4518 prefatus
1438 4413 1531 4491 dixit
1553 4413 1658 4519 quod
1680 4443 1755 4494 non

343 4557 487 4642 poterat
502 4541 704 4620 defendere
722 4542 867 4620 dictum
884 4541 1056 4620 ordinem
1071 4560 1202 4621 contra
1216 4543 1414 4623 dominum
1429 4546 1566 4650 Papam
1584 4561 1622 4622 et
1637 4545 1756 4623 domi·

343 4693 435 4742 num
445 4671 602 4775 Regem,
615 4670 704 4776 quit
714 4698 858 4778 pauper
871 4687 910 4748 et
923 4670 1080 4776 simplex
1093 4673 1210 4752 homo
1228 4688 1322 4759 erat,
1341 4690 1378 4751 et
1392 4673 1497 4779 quod
1508 4702 1585 4750 non
1602 4676 1756 4754 erethe-

301 4832 308 4849 ·
344 4794 497 4886 reticus,
520 4825 587 4875 nec
607 4828 773 4907 unquam
792 4799 929 4878 fecerat
948 4799 1091 4907 aliquid
1109 4802 1156 4880 de
1173 4801 1363 4881 erroribus
1380 4802 1480 4882 dicto
1496 4803 1618 4882 ordini
1637 4804 1758 4913 impo-
