4080 6052
706 524 901 618 eaoets
926 541 1021 614 nas
1047 540 1349 615 reuellens.
1667 545 1736 617 iss

319 687 527 794 Zapellans,
548 686 763 792 Stephanus
779 686 826 763 de
848 687 1029 775 Domont,
1048 684 1235 761 Robertus
1253 683 1300 759 de
1321 685 1488 771 Zarmes,
1511 683 1739 762 Guillelmus

257 881 261 886 Α
320 817 367 895 de
393 820 497 926 Roy,
521 817 711 895 Johannes
736 817 844 893 de-la
871 818 990 924 Voya,
1015 816 1056 891 P.
1077 815 1113 891 le
1137 817 1233 922 Roy,
1259 814 1448 892 lohannes
1472 811 1519 889 de
1546 813 1581 889 la
1606 816 1737 891 Maron

317 947 404 1038 Dei,
430 945 624 1057 Aymonus
650 964 688 1023 et
712 945 899 1023 Rohertus
930 946 978 1021 de
1002 944 1291 1022 Hermenovilla.
1326 944 1404 1036 Qui
1432 943 1667 1048 interrogati,
1695 963 1737 1021 ut

317 1076 379 1156 alii
404 1095 535 1184 supra,
564 1077 841 1185 responderunt
863 1076 969 1183 quod
992 1076 1134 1154 habent
1152 1076 1389 1181 superiorem
1413 1102 1542 1166 suum,
1562 1073 1737 1151 videlicet

317 1209 537 1316 Magistrum
556 1209 706 1314 Templi
725 1208 927 1316 majorem,
947 1207 1019 1285 sihi
1037 1207 1314 1314 propinquum,
1334 1223 1378 1284 ut
1396 1205 1570 1295 credunt,
1589 1223 1627 1282 et
1645 1206 1737 1284 alios

317 1340 478 1446 majores
504 1340 713 1447 capitaneos
739 1340 909 1449 ejusdem
935 1338 1079 1421 ordinis
1107 1338 1146 1415 in
1172 1337 1430 1442 spiritualibus
1456 1353 1494 1414 et
1522 1338 1737 1442 temporali-

317 1471 406 1560 bus,
431 1500 517 1547 cum
532 1471 672 1577 quihus
690 1471 722 1549 si
741 1471 1004 1578 loquerentur,
1026 1468 1279 1546 deliberarent
1298 1497 1412 1573 super
1426 1469 1736 1572 ‚procuratoribus

317 1600 588 1678 constituendis
604 1602 652 1678 ad
670 1601 928 1680 defensionem
945 1601 1005 1678 sui
1023 1598 1166 1677 ordinis
1181 1598 1371 1705 prelibati,
1391 1597 1459 1675 sed
1475 1597 1555 1675 sine
1573 1597 1678 1703 ipsis,
1699 1617 1737 1675 et

315 1728 403 1835 quia
419 1748 507 1808 sunt
523 1731 620 1837 capti
637 1748 675 1808 et
689 1731 915 1808 incathenati
936 1729 1103 1807 ethonis
1122 1729 1272 1834 Templi
1292 1727 1455 1834 spoliati,
1480 1754 1557 1805 uon
1578 1726 1734 1817 dehent,

315 1885 383 1936 nec
405 1876 579 1966 possunt,
609 1889 680 1937 nec
701 1860 834 1938 volunt
856 1876 1117 1967 procuratores
1137 1859 1364 1937 constituere
1385 1857 1433 1934 ad
1456 1857 1639 1962 predicta,
1667 1857 1736 1934 sed

315 1987 476 2092 quilibet
503 2018 573 2095 per
600 2017 639 2067 se
667 1989 705 2065 in
732 1989 883 2096 propria
908 2017 1068 2096 persona
1093 1988 1174 2065 vult
1198 1987 1400 2065 defendere
1419 2015 1532 2064 suum
1561 1985 1734 2064 ordinem

315 2135 578 2194 memoratum.
600 2119 821 2224 Interrogati
846 2119 878 2196 si
908 2118 1039 2196 volunt
1067 2116 1211 2225 aliquid
1238 2117 1363 2193 dicere
1391 2115 1439 2193 ad
1469 2116 1561 2193 dicti
1591 2117 1735 2193 ordinis

315 2245 373 2320 sui
406 2245 684 2335 defensionem,
716 2246 804 2352 quia
834 2246 952 2352 parati
979 2275 1110 2323 sumus
1139 2247 1303 2323 seribere
1332 2263 1370 2322 et
1403 2243 1567 2322 dominis
1597 2247 1734 2324 nostris

314 2377 579 2454 commissariis
597 2393 806 2482 reportare,
827 2376 1004 2453 dixerunt
1022 2377 1128 2480 quod
1147 2377 1241 2453 ordo
1266 2403 1399 2452 eorum
1426 2392 1482 2452 est
1507 2377 1646 2464 bonus,
1670 2378 1733 2483 ju-

313 2521 391 2583 stus
411 2522 449 2583 et
473 2506 641 2584 mundus
665 2535 686 2582 a
708 2505 929 2585 criminibus
949 2522 988 2582 et
1005 2505 1109 2581 viciis
1128 2504 1199 2610 ipsi
1223 2503 1424 2609 impositis,
1446 2520 1484 2580 et
1506 2504 1671 2581 offerunt
1694 2535 1732 2583 se

312 2653 458 2740 paratos
485 2636 609 2741 ipsum
630 2635 853 2725 defendere,
875 2653 919 2711 ut
937 2633 1186 2738 premittitur,
1207 2649 1385 2738 tanquam
1404 2634 1565 2725 bonum,
1586 2634 1733 2740 justum

313 2781 350 2841 et
367 2764 572 2853 mundum,
592 2782 709 2882 prput
722 2764 874 2873 justicia
892 2763 1081 2851 suadebit,
1102 2778 1140 2839 et
1156 2761 1353 2870 pecierunt
1372 2791 1458 2838 cum
1478 2762 1656 2842 instancia
1674 2795 1733 2842 ec·

311 2894 512 2974 clesiastica
530 2914 770 2975 sacramenta.

366 3027 476 3118 ltem,
504 3045 610 3105 erant
630 3029 670 3122 in
684 3028 783 3105 dicta
803 3028 918 3105 domo
934 3026 1065 3108 fratres
1087 3026 1325 3108 Guaufredus
1345 3028 1392 3105 de
1415 3029 1585 3137 Cemayo
1604 3016 1727 3123 miles,

311 3156 484 3234 Nicolaus
504 3159 551 3235 de
572 3159 688 3266 Langi
704 3158 821 3250 Villa,
843 3158 1087 3265 Hemulphus
1102 3158 1150 3237 de
1164 3162 1341 3238 Fontanis
1352 3221 1361 3252 ,
1372 3162 1560 3239 lohannes
1576 3161 1623 3240 de
1639 3162 1730 3243 Cor·

307 3284 464 3377 melliis,
492 3273 584 3365 Odo'
603 3286 650 3365 de
675 3288 813 3379 Colon,
834 3289 1023 3366 lohannes
1048 3289 1095 3366 de
1116 3290 1278 3395 Verges,
1301 3307 1340 3366 et
1358 3289 1545 3368 Robertus
1568 3291 1615 3367 de
1640 3294 1731 3370 Ber-

309 3417 471 3524 gtmdiis.
494 3419 595 3513 Qui,
616 3437 660 3496 ut
679 3420 877 3510 dixerunt,
897 3446 975 3498 non
995 3417 1244 3498 interfuerant
1263 3420 1466 3535 dieSahati
1487 3422 1666 3527 preterita
1691 3424 1729 3498 in

309 3547 408 3625 dicto
422 3548 599 3626 viridario
616 3549 834 3656 episcopali,
848 3568 886 3627 et
898 3551 1075 3628 dixerunt
1091 3578 1217 3627 coram
1233 3550 1455 3656 nobisquod
1470 3552 1541 3656 ipsi
1556 3552 1730 3630 volebant

307 3676 451 3755 dictum
475 3680 650 3759 ordinem
677 3679 899 3773 defendere,
928 3699 966 3758 et
988 3681 1186 3787 pecierunt
1210 3680 1454 3761 ecclesiastica
1482 3701 1726 3769 sacramenta,

307 3809 517 3886 secundum
536 3814 641 3915 (prod
659 3811 751 3890 honi
771 3812 991 3902 Christiani,
1012 3813 1118 3920 quod
1138 3841 1177 3890 se
1198 3841 1278 3891 esse
1299 3813 1483 3891 dicebant.

364 3938 475 4026 Item,
498 3940 631 4015 eadem
659 3941 721 4017 die
748 3942 848 4018 lovis
882 3943 1106 4021 accessimus
1130 3943 1181 4020 ad⁴
1203 3946 1362 4020 domum
1392 3944 1440 4043 de
1463 3921 1582 4023 Ocrea
1601 3971 1729 4021 versus

307 4096 458 4146 crucem
479 4069 531 4145 du
562 4068 668 4146 Tirol
690 4070 868 4160 Parisius,
899 4073 966 4151 uhi
991 4060 1259 4151 detinebantur
1276 4101 1342 4151 1111
1361 4073 1566 4180 Templarii
1588 4101 1631 4150 ex
1649 4103 1729 4180 pre-

307 4199 415 4276 dictis
427 4199 494 4305 qui
513 4197 669 4276 fuerunt
687 4200 727 4274 in
756 4200 927 4304 predicto
946 4202 1124 4279 viridario
1141 4200 1288 4279 domini
1309 4203 1475 4309 episcopi
1494 4203 1724 4293 Parisiensis,

306 4325 479 4405 videlicet
489 4327 623 4407 fratres
641 4330 830 4408 lohannes
841 4331 983 4419 Bocelli
997 4330 1208 4438 presbyter,
1225 4334 1417 4412 »lohannes
1436 4332 1483 4409 de
1499 4335 1724 4422 Freanville,

305 4455 526 4561 Radulphus
541 4476 578 4536 et
592 4461 631 4537 P.
649 4459 696 4536 de
713 4459 956 4566 Conpendio,
978 4463 1169 4541 lohannes
1188 4462 1383 4550 Monachi,
1406 4463 1618 4569 Stephanus
1633 4466 1729 4541 The

305 4586 390 4677 rici,
411 4588 599 4668 lohannes
616 4589 796 4698 Ausapie,
817 4593 1008 4672 lohannes
1026 4593 1173 4672 Briardi
1194 4593 1242 4671 de
1262 4594 1422 4686 Enonia,
1444 4596 1483 4671 P.
1506 4595 1553 4670 de
1573 4595 1722 4704 Niseyo,

304 4718 493 4797 lohannes
523 4720 569 4799 de
598 4720 759 4827 Apellis,
789 4720 980 4802 lohannes
1006 4725 1054 4803 de
1083 4723 1312 4814 Oisimonte,
1342 4725 1516 4803 Nicolaus
1535 4726 1659 4804 Sancti
1688 4745 1726 4803 et

306 4846 530 4927 Guillelmus
549 4851 596 4929 de
617 4854 858 4931 Buosemont.
877 4855 953 4948 Qui
973 4855 1207 4960 interrogati,
1226 4873 1270 4933 ut
1289 4855 1351 4933 alii
1371 4884 1498 4963 supra,
1520 4858 1723 4962 responde·
