4080 6052
260 540 281 611 r
647 519 844 613 raucas
869 537 964 610 nas
990 535 1292 613 renarrans.

258 680 305 759 de
332 678 511 786 predictis
534 678 682 755 racione
705 678 830 785 previa
862 676 1037 754 duximus
1059 677 1359 783 procedendum,
1386 677 1602 789 multosque
1630 686 1679 764 de

255 806 562 916 pre[cedenti]bus
586 808 803 914 presbiteris
823 824 861 884 et
886 805 1073 884 militibus
1097 824 1136 885 et
1161 807 1243 884 aliis
1262 805 1441 888 fratribus
1467 810 1556 890 dicti
1578 815 1680 893 ordi-

255 940 326 1032 nis,
342 939 592 1046 reputacionis
606 967 682 1017 non
698 938 859 1031 modice,
875 937 915 1014 in
930 955 1056 1016 nostra
1069 939 1262 1045 presencia
1277 941 1505 1034 constitutis,
1521 947 1678 1050 prestito

255 1069 302 1145 ab
318 1070 372 1147 eis
387 1071 621 1178 juramento,
641 1068 746 1175 quod
764 1096 878 1175 super
896 1069 1088 1173 premissis
1107 1098 1250 1146 meram
1271 1086 1310 1147 et
1326 1069 1477 1177 plenam
1492 1074 1603 1154 nobis
1623 1076 1681 1152 di-

255 1201 381 1276 cerent
404 1199 612 1290 veritatem,
635 1227 749 1306 super
771 1198 964 1305 premissis
987 1200 1298 1307 interrogavimus
1324 1217 1362 1278 et
1387 1204 1677 1285 examinavimus

254 1358 373 1436 usque
408 1330 686 1407 adnumerum
714 1330 948 1438 septuaginta
977 1328 1160 1421 duorum,
1181 1331 1313 1408 multis
1338 1361 1383 1408 ex
1400 1331 1580 1412 fratribus
1607 1364 1676 1414 no-

250 1459 335 1536 stris
361 1459 472 1537 nobis
496 1460 756 1538 assistentibus
776 1461 987 1567 diligenter,
1009 1490 1218 1569 eorumque
1245 1460 1496 1541 confessiones
1519 1493 1588 1569 per
1605 1495 1678 1572 pu-

249 1587 366 1665 blicas
384 1617 519 1666 manus
541 1589 581 1665 in
606 1591 833 1668 autenticam
857 1591 1080 1697 scripturam
1105 1591 1273 1669 redactas
1296 1591 1397 1670 illico
1417 1593 1456 1668 in
1484 1611 1611 1670 nostra
1640 1614 1678 1674 et
1755 1639 1769 1661 e

250 1719 439 1797 dictorum
466 1719 624 1796 fratrum
649 1738 867 1799 nostrorum
892 1724 1101 1826 presencia,
1130 1751 1172 1799 ac
1199 1721 1338 1799 deinde
1367 1723 1589 1829 interposito
1610 1725 1676 1804 ali·

181 1884 192 1901 ··
249 1877 413 1956 quorum
436 1850 585 1927 dieru'm
605 1851 747 1956 spacio,
778 1853 818 1927 in
843 1850 1064 1928 consistorio
1088 1851 1242 1957 publico
1270 1853 1344 1959 legi
1371 1852 1529 1940 fecimus
1549 1883 1672 1933 coram

248 1979 354 2084 ipsis,
379 1998 417 2057 et
437 2009 497 2058 eas
517 1981 557 2058 in
572 2009 642 2058 suo
656 1981 800 2088 vulgari
815 1980 972 2058 cuilibet
989 2009 1121 2057 eorum
1138 1983 1285 2087 exponi.
1303 1983 1380 2074 Qui
1396 2003 1673 2088 perseverantes

247 2109 286 2186 in
308 2110 382 2187 illis
403 2104 655 2217 eas'expresse
676 2129 714 2187 et
731 2128 883 2219 sponte,
903 2127 1018 2216 prout
1035 2109 1188 2193 recitate
1208 2108 1377 2201 fuerunt,
1400 2112 1671 2215 approbarunt,
1705 2137 1708 2142 ’

245 2256 407 2347 postque
428 2269 514 2316 cum
540 2240 719 2346 Magistro
735 2259 773 2318 et
790 2227 981 2348 precipiris
999 2237 1284 2346 preceptoribus
1302 2237 1436 2344 prefati
1452 2240 1597 2319 ordinis
1617 2244 1675 2320 in-

244 2369 443 2447 tendentes
457 2398 571 2477 super
583 2371 775 2478 premissis
790 2372 982 2478 inquirere
997 2400 1065 2477 per
1079 2398 1148 2447 nos
1163 2371 1276 2473 ipsos,
1291 2369 1416 2472 ipsum
1431 2369 1669 2472 Magistrum,

245 2514 282 2573 et
300 2500 469 2590 Francia,
491 2517 591 2578 terre
612 2502 877 2590 Ultramarinc,
896 2501 1115 2583 Normanie‚
1132 2495 1333 2600 Aquitania
1354 2525 1396 2571 ac
1409 2496 1566 2574 Pictavie
1585 2528 1670 2605 pre-

244 2645 412 2733 ceptores
427 2628 590 2731 majores
609 2627 719 2702 nobis
737 2626 894 2700 Pictavis
914 2622 1160 2700 existentibus
1176 2622 1434 2701 mandavimus
1448 2632 1667 2730 presentari.

242 2758 319 2834 Sed
333 2757 515 2863 quoniam
531 2754 686 2860 quidam
708 2783 752 2830 ox
767 2751 857 2858 ipsis
873 2754 925 2829 sic
942 2750 1232 2828 infirmabantur
1244 2770 1335 2830 tunc
1349 2757 1546 2860 temporis,
1563 2762 1668 2866 quod

243 2887 411 2991 equitare
431 2911 508 2961 non
527 2901 702 2988 poterant
721 2914 791 2960 nec
811 2884 858 2959 ad
878 2900 1044 2960 nostram
1063 2883 1294 2989 presenciam
1310 2888 1583 2993 quoquomodo
1604 2892 1669 2967 ad-

243 3015 346 3104 duci,
372 3043 441 3093 nos
469 3043 557 3090 cum
588 3014 641 3090 eis
668 3015 762 3092 scire
784 3012 950 3091 volentes
976 3014 1023 3090 de
1046 3015 1237 3119 premissis
1268 3017 1445 3092 omnibus
1471 3018 1666 3096 veritatem

243 3162 280 3221 et
300 3173 346 3221 an
366 3173 452 3221 vera
473 3160 596 3222 essent
614 3173 689 3252 que
710 3143 1001 3220 continebantur
1015 3144 1054 3218 in
1076 3171 1208 3219 corum
1224 3145 1521 3223 confessionibus
1541 3165 1580 3222 et
1599 3149 1666 3225 de-

239 3275 514 3380 posicionibus,
537 3303 630 3380 quas
657 3301 782 3351 coram
811 3272 1034 3381 inquisitore
1062 3271 1251 3378 pravitatis
1280 3271 1445 3348 heretice
1475 3274 1515 3350 in
1548 3305 1666 3382 regno

240 3407 409 3496 Francia,
432 3405 671 3512 presentibus
686 3404 916 3512 quibusdam
936 3402 1091 3480 notariis
1110 3401 1273 3508 publicis
1292 3419 1330 3479 et
1343 3404 1475 3481 multis
1495 3405 1578 3483 aliis
1595 3407 1666 3486 bo-

238 3535 297 3613 nis
311 3537 417 3626 viris,
435 3534 657 3611 dicebantur
671 3535 818 3623 secisse,
835 3533 945 3611 nobis
966 3551 1004 3611 et
1022 3532 1201 3609 fratribus
1225 3533 1364 3610 nostris
1383 3562 1451 3639 per
1471 3535 1596 3641 ipsum
1616 3538 1667 3615 in-

239 3669 461 3773 quisitorem
483 3666 554 3743 sub
575 3667 750 3744 manibus
768 3664 934 3773 publicis
953 3645 1131 3742 exbibitis
1152 3679 1190 3741 ct
1211 3664 1388 3754 ostensis,
1416 3664 1562 3744 dilectis
1577 3667 1666 3747 liliis
1771 3664 1774 3669 ’

239 3798 376 3876 nostris
397 3799 622 3906 Berengario
649 3797 750 3875 tituli
771 3813 985 3875 sanctorum
1005 3795 1115 3874 Nerei
1136 3811 1174 3871 et
1192 3795 1373 3888 Archilei,
1402 3813 1440 3872 et
1470 3797 1664 3904 Stephano

237 3927 338 4005 tituli
354 3916 471 4007 sancti
485 3929 620 4007 Ciriaci
635 3930 675 4005 in
687 3929 834 4006 Termis
852 3927 1088 4036 presbiteris,
1104 3943 1142 4002 et
1156 3927 1381 4032 Landulpho
1397 3927 1512 4004 sancti
1529 3927 1665 4037 Angeli

239 4057 395 4137 diacono
404 4060 668 4152 cardinalibus,
680 4061 726 4138 de
738 4043 902 4168 quorum
918 4058 1125 4166 prudencia
1140 4076 1178 4135 et
1192 4057 1372 4137 fidelitate
1388 4057 1661 4168 indubitatam]

239 4187 437 4296 fiduciabit]
454 4192 684 4282 obtinemus,
704 4193 963 4270 commisimus
979 4207 1018 4269 et
1031 4189 1306 4279 mandavimus,
1324 4207 1368 4265 ut
1382 4189 1452 4293 ipsi
1469 4218 1555 4267 cum
1576 4219 1665 4296 pre-

238 4315 313 4394 fato
333 4319 509 4427 Magistro
531 4338 568 4397 et
585 4320 869 4428 preceptoribus
889 4322 1126 4426 inquirerent
1149 4335 1225 4394 tam
1248 4334 1378 4394 contra
1397 4317 1499 4423 ipsos
1517 4337 1555 4398 et
1573 4320 1665 4399 alias

237 4448 442 4557 singulares
455 4480 634 4557 personas
650 4451 739 4527 dicti
761 4449 904 4527 ordinis
924 4450 1165 4556 generaliter,
1187 4477 1302 4555 quam
1319 4465 1446 4527 contra
1461 4451 1586 4556 ipsum
1602 4479 1664 4529 or-

238 4579 384 4667 dinem,
407 4608 520 4685 super
534 4581 725 4685 premissis
745 4609 832 4657 cum
853 4579 1051 4686 diligencia
1065 4581 1274 4668 veritatem,
1297 4597 1336 4656 et
1348 4580 1533 4687 quicquid
1547 4609 1663 4689 super

237 4708 428 4813 premissis
448 4707 522 4785 hiis
538 4707 763 4802 invenirent,
780 4709 891 4788 nobis
905 4708 1045 4787 referre
1061 4741 1102 4789 ac
1123 4737 1255 4787 eorum
1271 4708 1523 4787 consessiones
1538 4739 1580 4787 ac
1595 4710 1662 4788 de-

236 4839 448 4944 posiciones
467 4834 536 4946 per
560 4866 715 4916 manum
734 4841 925 4946 publicam
944 4841 984 4918 in
1004 4841 1151 4948 scriptis
1171 4839 1338 4917 redactas
1362 4856 1492 4918 nostro
1511 4858 1660 4948 aposto·
