4080 6052
505 561 699 655 rnocss
724 579 819 652 nus
845 579 1141 653 rsurusns.
1459 581 1532 655 sss

117 744 185 823 pro
221 716 394 822 professis
425 717 681 812 habebantur3
711 720 943 798 clandestine
976 720 1263 827 recipiebantur.
1299 721 1383 796 Nou
1414 722 1533 799 credit

117 847 223 952 quod
248 848 432 926 habereut
454 848 584 958 ydola,
609 879 680 928 nec
699 850 804 957 quod
829 849 984 928 cordule
1005 880 1092 927 cum
1119 849 1257 956 quibus
1285 847 1532 956 cingebantur

114 991 311 1084 tangerent
336 979 456 1085 capita
478 976 693 1089 ydolorum.
713 980 895 1058 durabant
911 1007 986 1056 non
1004 980 1168 1057 revelare
1191 996 1332 1056 secreta
1351 979 1533 1085 capitulo·

114 1133 221 1194 rum;
239 1106 269 1182 si
286 1105 526 1197 revelassent,
542 1108 702 1189 luissent
715 1109 857 1215 puniti,
875 1109 942 1184 sed
955 1112 1073 1186 nescit
1087 1111 1261 1215 qualiter.
1277 1111 1359 1186 Non
1375 1108 1447 1185 fuit
1460 1110 1531 1188 sibi

114 1233 340 1327 inhibitum,
358 1264 430 1314 nec
448 1239 517 1315 scit
539 1240 643 1347 quod
663 1239 744 1315 aliis
768 1239 1006 1316 inhiberetur
1029 1242 1134 1346 quod
1159 1267 1235 1317 non
1262 1237 1532 1316 confiterentur

114 1362 186 1439 nisi
206 1366 461 1444 sacerdotibus
481 1368 639 1457 ordinis,
664 1386 702 1445 et
728 1368 822 1445 infra
849 1385 933 1445 octo
960 1369 1039 1444 dies
1061 1398 1083 1444 a
1108 1369 1325 1473 recepcione
1346 1397 1428 1459 sua,
1451 1369 1529 1474 ipse

111 1492 219 1568 testis
235 1492 321 1582 suit,
340 1496 379 1571 in
392 1496 534 1601 csipella
548 1498 646 1573 dicto
663 1497 801 1574 domus
816 1524 949 1574 eorum
965 1499 1103 1574 Montis
1122 1497 1419 1586 suessionensis,
1442 1527 1531 1576 con·

110 1619 230 1702 lessus
257 1625 304 1701 de
330 1626 506 1731 predictis
529 1627 719 1704 erroribus
741 1627 844 1704 fratri
869 1628 1029 1704 Johanni
1054 1628 1100 1705 de
1124 1625 1269 1736 Collegi
1295 1627 1529 1705 conventuali

110 1749 269 1831 fratrum
285 1753 477 1832 Minorum
492 1757 822 1835 suessionensium
841 1757 1050 1861 quondam,
1070 1758 1135 1860 qui
1160 1755 1317 1833 absolvit
1333 1784 1438 1843 eum,
1460 1756 1530 1834 irn-

109 1883 232 1985 posita
247 1885 457 1987 penitencia
477 1887 583 1990 quod
603 1886 792 1992 jejunaret
810 1912 877 1988 per
893 1884 1094 1960 dimidium
1115 1912 1257 1962 annum
1277 1885 1386 1962 sextis
1409 1882 1542 1976 feriis,

112 2012 270 2118 inpane
299 2032 337 2091 et
365 2043 478 2121 aqua,
505 2032 543 2091 et
572 2015 677 2121 quod
700 2042 776 2092 non
801 2015 997 2092 interesset
1019 2015 1103 2092 loco
1129 2016 1168 2091 in
1192 2043 1269 2122 quo
1292 2015 1457 2121 predicta
1484 2018 1529 2095 il-

110 2137 212 2217 licita
244 2141 397 2229 lierent3
433 2144 537 2248 quod
571 2143 783 2250 complevit.
818 2143 858 2220 si
889 2144 1005 2248 aliqui
1038 2162 1143 2220 erant
1172 2143 1331 2220 scientes
1364 2172 1525 2238 errores,

111 2268 265 2347 luerunt
285 2271 537 2380 negligentes,
563 2272 651 2377 quia
671 2299 748 2348 non
768 2288 1011 2348 correxerunt
1027 2300 1090 2348 cos
1114 2272 1187 2348 neo
1210 2273 1527 2352 denunciaverunt

109 2400 285 2480 Ecclesie.
309 2403 541 2480 Elemosinas
561 2419 600 2478 et
618 2400 909 2507 hospitalitatem
932 2402 1024 2478 vidit
1048 2403 1313 2480 convenienter
1331 2405 1465 2480 servari
1486 2404 1525 2481 in

111 2529 289 2608 domibus
306 2532 449 2610 ordinis
466 2533 506 2609 in
522 2532 659 2638 quibus
678 2531 751 2607 fuit
764 2549 1018 2619 conversatus;
1037 2549 1206 2636 tempore
1220 2550 1347 2610 tamen
1368 2534 1523 2623 caristie,

108 2677 262 2765 propter
291 2661 593 2739 multitudinem
611 2661 743 2766 populi
778 2661 1051 2753 concurrentis,
1083 2661 1175 2737 vidit
1209 2661 1447 2755 elemosinas,
1482 2681 1526 2740 ut

109 2788 281 2891 pluribus
310 2793 389 2868 dari
416 2809 584 2897 possent,
611 2791 785 2868 distribui
811 2792 851 2867 in
877 2791 1004 2897 plures
1033 2791 1175 2896 pecz'ias
1193 2818 1306 2899 quam
1331 2793 1435 2898 prius
1460 2792 1526 2870 lie-

107 2937 202 2996 rent.
223 2920 331 2998 Clam
351 2950 483 3000 eorum
509 2921 684 3027 capitulis
708 2921 944 2998 tenebantur.
967 2923 1087 2999 Totus
1112 2922 1205 2999 ordo
1225 2940 1402 3000 servasset
1420 2924 1523 3027 quod

108 3078 266 3158 magnus
288 3052 464 3159 Magister
485 3081 571 3128 cum
593 3068 778 3129 conventu
796 3053 995 3129 statuisset.
1019 3049 1184 3130 Grandia
1203 3052 1375 3146 scandala
1395 3068 1524 3129 contra

109 3178 283 3257 ordinem
309 3199 398 3259 sunt
424 3200 563 3272 exorta,
587 3198 742 3286 propter
765 3181 831 3258 illa
857 3183 904 3257 de
926 3181 1065 3287 quibus
1086 3183 1208 3290 agitur
1232 3198 1361 3257 contra
1385 3182 1520 3290 ipsum.

109 3310 188 3387 Una
214 3342 299 3390 cum
326 3312 408 3391 aliis
439 3313 628 3391 obtulerat
657 3339 696 3389 se
728 3310 950 3391 deffensioni
983 3311 1139 3389 ordinis.
1173 3311 1230 3389 Ab
1262 3313 1395 3389 ordine
1433 3341 1523 3418 apo-

109 3442 294 3522 stbaverat
314 3473 383 3551 per
401 3446 572 3523 bieuium
589 3444 648 3521 vel
670 3444 781 3536 circa,
801 3462 886 3521 aute
906 3442 1122 3548 capcionem
1144 3470 1295 3532 eorum,
1318 3443 1415 3517 etin
1436 3470 1524 3548 apo·
1620 3454 1624 3466 '

110 3574 217 3650 stasia
243 3576 402 3654 existens
428 3592 512 3653 ante
540 3577 756 3683 capcionem
783 3575 943 3652 aliorum
970 3590 1010 3666 et
1037 3601 1141 3649 suam
1165 3573 1391 3678 deposuerat
1412 3600 1523 3678 supra

109 3702 302 3805 predictis,
326 3734 449 3782 coram
468 3705 708 3811 inquisitore,
728 3703 829 3808 apud
843 3702 1062 3792 Pissiacum,
1083 3702 1212 3808 gratis,
1231 3720 1268 3778 et
1287 3731 1364 3780 non
1382 3719 1519 3808 captus.

108 3832 184 3907 Sed
204 3833 466 3938 postmodum,
488 3849 574 3908 ante
597 3833 812 3937 capcionem
835 3859 941 3909 suam
967 3847 1004 3906 et
1025 3829 1207 3920 aliorum,
1229 3832 1432 3939 resumpsit
1456 3834 1522 3910 ha-

103 3961 248 4052 biturn,
279 3965 367 4070 quia
386 3963 582 4041 dicebatur
607 3964 641 4040 ei
669 3963 773 4068 quod
803 3978 882 4040 erat
905 3960 1261 4052 excommunicatus,
1295 3980 1334 4040 et
1358 3963 1459 4040 venit
1475 3964 1522 4039 ad

107 4120 284 4200 magnum
295 4095 529 4203 Magistrum,
540 4092 716 4183 Parisius,
729 4093 767 4167 in
778 4090 954 4198 capitulio
970 4089 1152 4200 generali,
1167 4091 1206 4166 in
1216 4089 1311 4170 sesto
1320 4092 1522 4171 Natiuitatis

105 4221 204 4299 beati
226 4225 408 4301 Johannis
429 4224 591 4329 Baptiste
614 4223 767 4301 firerunt
784 4240 861 4299 tres
880 4221 985 4313 anni,
1008 4220 1107 4296 etin
1131 4219 1231 4299 dicto
1251 4221 1428 4327 capitulio
1452 4222 1521 4299 fuit

106 4355 382 4447 reconciliatus,
404 4373 441 4432 et
461 4354 664 4431 mantellus
682 4354 716 4429 ei
731 4353 921 4439 redditus,
939 4370 977 4430 et
993 4351 1211 4458 impositum
1226 4353 1262 4430 ei
1276 4352 1381 4460 quod
1399 4382 1522 4432 come-

108 4485 216 4560 deret
235 4485 273 4560 in
294 4503 409 4577 terra,
433 4513 548 4589 super
565 4484 786 4561 mantellum
809 4511 921 4560 suurn
947 4510 1194 4588 perannum,
1216 4500 1255 4559 et
1273 4482 1377 4590 quod
1401 4482 1523 4561 tribus

109 4611 243 4690 diebus
263 4614 527 4721 inseptimana
547 4615 763 4691 comederet
787 4610 922 4720 paneim
946 4629 984 4688 et
1005 4641 1157 4717 aquam;
1179 4613 1284 4718 quod
1308 4631 1346 4689 et
1370 4612 1459 4690 fecit
1483 4612 1522 4688 in

105 4743 202 4819 dicta
223 4743 339 4823 domo
362 4746 503 4822 Montis
522 4745 816 4837 suessionensis,
844 4772 962 4850 usque
988 4742 1035 4818 ad
1062 4740 1199 4818 lestum
1223 4743 1323 4821 beati
1344 4741 1521 4851 Remigii,

105 4875 200 4950 circa
225 4876 330 4981 quod
350 4876 505 4953 fuerunt
526 4875 633 4981 capti.
660 4875 875 4983 Requisitus
904 4873 974 4950 sub
994 4874 1212 4981 juramento
1237 4902 1306 4952 suo
1331 4873 1361 4951 si
1386 4873 1524 4951 revela·

210 5012 319 5075 esocis
341 5035 394 5076 oss
416 5034 588 5076 reurcrsus.
603 5048 646 5062 -
661 5035 681 5074 1.
1336 5031 1375 5092 70
