4080 6052
719 533 1034 626 procusum
1061 551 1362 626 annuamus,
1701 563 1744 630 71

334 711 436 772 ctum
452 707 523 786 est,
538 692 774 802 interrogati)
789 693 894 800 quod
907 693 1082 772 volebant
1097 693 1242 772 Motum
1256 694 1429 772 ordinem
1443 694 1662 774 deffendere
1679 729 1749 805 pro

333 852 439 1033 Posfie
459 850 528 1032 ilii)
541 953 656 1032 Belna
681 953 881 1045 Eduensis,
909 955 1121 1061 Stephanus
1151 955 1198 1033 de
1218 954 1370 1035 Volenis
1397 954 1660 1060 Lingonensis,
1686 959 1749 1033 Jo-

331 1087 471 1163 hannes
494 1089 686 1193 Ramprey
705 1086 966 1194 Lingonensis‚
994 1086 1153 1164 Jacoltus
1175 1087 1221 1164 de
1245 1086 1378 1163 Larino
1398 1083 1644 1192 lingonensis
1675 1086 1750 1164 dio

329 1212 488 1304 casium,
506 1215 741 1323 singulariter
760 1231 797 1293 et
814 1216 1013 1323 separatim
1031 1217 1220 1322 requisiti,
1241 1215 1416 1291 dixerunt
1434 1242 1473 1292 sa
1492 1215 1587 1293 velle
1607 1216 1750 1294 deffen-

330 1342 421 1420 dere
452 1344 624 1422 ordinem
650 1345 916 1451 supradiotum.
938 1345 1162 1450 Radulphus
1186 1345 1234 1421 de
1262 1344 1477 1422 Ganduhon
1504 1344 1749 1451 Lingonensis

329 1473 486 1552 diocesis
506 1476 639 1552 eodem
657 1477 772 1553 modo
787 1476 1004 1582 requisitus,
1020 1476 1113 1552 dixit
1131 1475 1236 1581 quod
1251 1476 1399 1552 volebat
1413 1474 1555 1552 dictum
1575 1474 1748 1556 ordinem

328 1602 558 1695 deffendere,
585 1633 672 1681 cum
696 1606 853 1682 consilio
873 1605 1048 1713 Magistri.
1065 1607 1197 1681 Petrus
1218 1604 1265 1681 de
1285 1621 1411 1681 sancto
1431 1604 1617 1680 Manierro
1636 1604 1747 1685 Vien-

325 1733 449 1810 nensis
469 1733 628 1812 dioce‘sis
656 1735 828 1812 similiter
849 1733 1068 1841 requisitus,
1088 1735 1183 1811 dixit
1205 1734 1311 1839 quod
1329 1732 1442 1809 vellet
1461 1731 1664 1811 defendere
1689 1733 1746 1811 di-

305 1840 425 1939 'ctum
455 1864 647 1951 ordinem,
662 1854 708 1940 ¹si
736 1881 877 1970 posset,
895 1863 949 1941 'et
971 1865 1085 1970 peciit
1112 1863 1310 1940 consilium
1332 1861 1509 1967 Magistri.
1539 1861 1578 1937 P.
1600 1862 1745 1942 Pieardi
1866 1969 1869 1973 ⁵

324 1990 567 2096 Lingonensis
588 1993 752 2071 diocesis
772 1994 991 2101 requisitus,
1012 1991 1124 2100 peciit
1143 1991 1340 2071 consilium
1359 1991 1536 2098 Magistri.
1557 1992 1746 2070 lohannes
1809 2090 1812 2094 ᾗ

323 2120 510 2222 Lapercha
528 2122 773 2229 lingonensis
800 2124 957 2201 diocesis
981 2125 1153 2201 similiter
1173 2122 1392 2229 requisitus,
1412 2120 1522 2226 petiit
1544 2121 1743 2200 consilium

323 2250 586 2354 magistrorum
617 2280 786 2330 suorum.
812 2255 999 2331 lohannes
1022 2255 1070 2331 de
1098 2253 1281 2332 Cochiaco
1308 2251 1555 2358 lingonensis
1585 2251 1745 2331 Mocesis

322 2377 496 2455 similiter
513 2380 732 2485 requisitus,
751 2383 865 2486 peciit
882 2382 1080 2458 eonsilium
1099 2384 1364 2487 magistrorum
1384 2409 1558 2470 snorum,
1580 2400 1618 2457 et
1642 2384 1744 2458 exhi-

320 2506 405 2583 buit
433 2508 637 2615 quamdam
663 2511 841 2600 litterani,
873 2538 949 2616 que
983 2507 1179 2587 videbatur
1201 2510 1325 2587 clausa
1353 2508 1466 2586 fuisse
1491 2508 1562 2584 sub
1592 2508 1743 2588 duobus

320 2637 469 2744 sigillis,
503 2666 668 2745 quorum
692 2657 817 2717 tamen
845 2657 1046 2718 caracteres
1073 2667 1150 2715 non
1177 2639 1419 2746 apparebant,
1445 2664 1559 2744 quam
1580 2637 1741 2732 litteram

318 2767 471 2846 tradidit
489 2770 677 2849 lohannes
697 2772 829 2877 Supini
854 2772 1011 2848 clericus
1030 2768 1207 2875 predictis
1221 2769 1398 2846 fratribus
1414 2785 1451 2844 et
1466 2766 1640 2873 pluribus
1660 2771 1740 2848 aliis

317 2899 382 3002 qui
408 2918 513 2977 erant
532 2901 646 2978 simul
663 2919 754 2978 tunc
767 2903 949 3007 temporis
968 2901 1143 2992 Senonis,
1165 2900 1317 3006 quando
1343 2899 1521 2977 dominus
1543 2897 1740 3005 episcopus
1856 3007 1860 3014 Ι

316 3024 592 3106 Aurelianensis
603 3030 704 3106 venit
715 3031 859 3108 ibidem
871 3059 940 3136 pro
958 3029 1209 3107 examinandis
1224 3029 1382 3121 eisdem,
1397 3045 1512 3134 prout
1521 3028 1613 3105 dixit
1625 3028 1739 3108 frater
1823 3112 1826 3119 ,

317 3156 543 3233 Laurentius
559 3158 606 3233 de
620 3159 735 3235 Belua
750 3159 1035 3266 suprascriptus,
1057 3157 1166 3268 cujus
1184 3159 1307 3237 littere
1320 3176 1431 3236 tenor
1444 3156 1528 3234 talis
1543 3174 1622 3234 est:

370 3286 516 3392 Philipe
534 3285 581 3363 da
594 3288 690 3367 Voet
704 3307 853 3396 prevost
871 3291 917 3368 de
933 3290 1079 3400 l’eglese
1097 3291 1145 3369 de
1159 3293 1305 3398 Poytes,
1320 3307 1359 3367 et
1372 3286 1492 3386 Johan
1509 3289 1555 3365 de
1568 3288 1736 3366 Jemville

313 3415 461 3493 huisser
478 3416 633 3496 d’armes
652 3436 779 3497 nostre
801 3444 936 3529 segnor
953 3423 989 3498 le
1010 3424 1101 3530 Roy,
1120 3422 1278 3527 deputer
1298 3448 1362 3500 sus
1375 3421 1610 3497 l'ordenance
1633 3418 1680 3494 de
1699 3419 1735 3494 la

312 3547 423 3653 garde
435 3547 510 3627 des
530 3551 725 3657 Templers
745 3580 785 3630 es
803 3553 997 3659 provinces
1014 3553 1062 3630 de
1083 3555 1196 3640 Sans,
1218 3553 1266 3629 de
1291 3555 1410 3629 Roem
1431 3569 1469 3627 et
1489 3551 1535 3627 de
1561 3551 1688 3640 Roma,
1713 3559 1734 3625 a

311 3693 435 3754 nostre
455 3705 557 3756 amez
577 3679 675 3758 frere
694 3684 835 3761 Lorent
854 3683 902 3760 de
923 3683 1063 3774 Biame,
1085 3680 1184 3790 jadis
1199 3682 1469 3759 commandaur
1491 3678 1539 3757 de
1553 3678 1678 3784 Apuli,
1697 3697 1734 3754 et

311 3835 377 3882 aus
397 3824 522 3884 autres
538 3808 657 3889 freres
677 3815 744 3919 qui
768 3828 853 3892 sont
875 3842 922 3890 en
939 3815 1068 3918 prison
1089 3812 1138 3890 de
1158 3815 1267 3905 Sans,
1291 3815 1389 3890 salut
1408 3829 1446 3889 et
1466 3832 1582 3888 amor.
1605 3808 1734 3885 Savoir
1773 3798 1775 3801 ’

309 3961 402 4011 vous
420 3933 557 4012 faisons
576 3966 651 4042 que
670 3968 767 4019 nous
789 3969 900 4020 avons
921 3945 1082 4048 procare
1101 3970 1177 4049 que
1197 3942 1223 4019 li
1248 3946 1347 4050 Roys
1365 3959 1504 4019 nostre⁴
1516 3941 1619 4047 aiere·
1639 3965 1732 4014 vous

310 4063 439 4140 entole
455 4070 476 4139 a
492 4063 670 4142 l'eves'che
680 4062 878 4147 ¹d'Orleans
895 4098 995 4176 pour
1008 4098 1101 4149 vous
1118 4070 1347 4148 reconcilier.
1371 4071 1411 4147 Si
1426 4095 1519 4143 vous
1535 4069 1731 4173 requirens

310 4210 346 4269 et
357 4193 487 4299 prions
500 4222 575 4300 que
591 4224 683 4274 vous
698 4226 745 4274 en
758 4198 793 4275 la
807 4199 907 4276 bone
926 4199 1135 4277 confession
1149 4224 1225 4303 que
1239 4225 1309 4274 nos
1321 4224 1416 4274 vous
1429 4196 1620 4284 lassamus,
1636 4223 1729 4275 vous

309 4340 412 4398 tener
435 4325 465 4400 si
486 4324 721 4403 devotamant
741 4329 827 4406 etsi
852 4345 1089 4435 gransemant
1111 4355 1239 4404 envers
1258 4326 1294 4403 le
1317 4325 1374 4404 dit
1392 4326 1591 4403 evescheve
1619 4326 1726 4405 d'Or-

308 4449 402 4528 liens
414 4480 488 4559 que
507 4453 534 4529 il
550 4455 642 4532 n’aie
657 4483 766 4534 cause
781 4456 828 4535 de
849 4458 929 4534 dire
945 4487 1020 4565 que
1034 4485 1101 4564 par
1113 4484 1205 4534 vous
1220 4485 1318 4535 nous
1336 4456 1464 4534 l’aiens
1479 4455 1544 4532 fait
1557 4454 1727 4532 travalier

307 4607 353 4656 ne
376 4580 442 4658 fait
460 4584 636 4663 antandre
657 4615 881 4697 manconge3
906 4616 1004 4667 nous
1026 4616 1118 4666 rous
1141 4613 1293 4665 somons
1311 4591 1403 4664 Joan
1420 4569 1578 4690 Chapini
1598 4603 1724 4662 nostre

306 4714 513 4807 amtorem,
533 4745 580 4793 au
601 4718 690 4823 quel
706 4746 798 4826 vous
813 4719 955 4798 voilhet
969 4721 1085 4798 creira
1101 4717 1149 4796 do
1168 4737 1251 4825 part
1264 4747 1360 4797 nous
1374 4717 1422 4795 de
1442 4746 1483 4794 ce
1497 4743 1573 4824 que
1588 4717 1616 4792 il
1630 4744 1723 4794 vous

304 4837 398 4931 dira,
417 4842 452 4920 le
466 4845 557 4951 quel
573 4875 620 4923 en
637 4846 702 4926 leu
721 4849 769 4926 de
789 4878 885 4928 nous
904 4881 969 4930 vos
988 4852 1174 4929 anvoiens.
1190 4852 1238 4927 Et
1252 4850 1379 4928 sacher
1394 4879 1468 4956 que
1484 4865 1611 4926 nostre
1631 4874 1720 4951 pere
