4080 6052
315 539 384 625 rtc
695 521 1333 623 Procasnasrnnecrntts.

309 713 406 764 nous
419 710 531 763 avons
545 682 774 788 par'dievers
786 694 895 772 nous,
911 698 949 759 et
963 707 1011 758 on
1025 680 1037 756 i
1052 708 1074 756 a
1086 696 1194 788 grant
1207 679 1334 785 plente
1350 677 1398 753 de
1413 675 1516 752 ciens
1529 674 1595 779 qui
1611 674 1624 749 i
1637 690 1725 752 sont

308 841 464 919 reveon,
490 810 609 918 iiquel
630 812 678 888 n’i
699 811 843 889 fussent
866 810 942 887 mie
966 809 1120 888 revenui
1141 836 1181 887 se
1205 807 1243 887 le
1261 805 1422 912 religion
1440 803 1517 882 fust
1534 831 1722 883 mauvese.

363 944 496 1034 altem.
515 969 612 1025 nous
622 970 736 1024 avons
746 941 904 1022 souffert
915 941 1037 1019 moire
1048 941 1097 1019 de
1109 958 1278 1019 tormens
1290 936 1337 1016 de
1350 935 1441 1029 fers,
1462 935 1611 1042 prisone
1622 952 1661 1013 et
1674 935 1722 1012 de

307 1073 451 1178 gemes,
470 1089 509 1152 et
524 1071 633 1179 longi
647 1089 731 1151 tans
746 1100 795 1149 au
814 1098 888 1178 pan
908 1086 947 1148 et
966 1078 987 1147 a
1005 1055 1110 1160 line,
1131 1097 1200 1176 par
1216 1068 1274 1146 coi
1294 1092 1432 1145 auoons
1452 1067 1502 1144 de
1520 1093 1589 1143 nos
1607 1063 1726 1143 ireres

309 1218 397 1283 suut
413 1213 529 1294 morts
547 1219 586 1281 et
602 1230 650 1282 ne
666 1216 823 1282 emenus
839 1184 916 1280 mie
931 1215 1013 1279 tant
1027 1200 1184 1279 sonffert
1199 1213 1382 1278 senostre
1401 1195 1561 1304 religion
1581 1222 1629 1273 ne
1649 1193 1724 1273 fust

308 1330 408 1411 bono
428 1346 466 1409 et
484 1358 525 1411 se
543 1354 613 1409 nos
631 1359 681 1409 ne
699 1330 974 1410 mantonissons
995 1329 1129 1422 verite,
1151 1345 1190 1406 et
1207 1327 1239 1407 si
1257 1322 1307 1405 n’i
1327 1323 1404 1404 fust
1418 1353 1518 1432 pour
1532 1323 1569 1401 ie
1584 1325 1726 1403 monde

310 1477 410 1540 oster
427 1463 518 1539 hors
535 1460 584 1541 do
603 1450 679 1539 mal
698 1480 830 1538 erreur
846 1458 914 1565 qui
934 1458 946 1535 i
966 1477 1024 1538 est
1041 1487 1125 1538 sans
1142 1458 1278 1537 raison.

367 1583 504 1682 sltem,
525 1617 622 1666 nous
638 1589 838 1696 requirons
852 1597 872 1664 t
887 1613 1135 1695 monssegnnr
1150 1587 1427 1692 i’archeresqne
1443 1586 1490 1664 de
1504 1585 1721 1675 Nerbonne‚

310 1727 570 1825 amonsegnor
583 1718 768 1824 l'evesque
783 1717 831 1797 de
845 1717 1021 1824 Limogo,
1039 1725 1301 1824 amonsegnor
1313 1716 1498 1823 l'evesqne
1518 1717 1565 1794 de
1586 1717 1723 1796 Mende

311 1866 349 1925 et
362 1856 383 1924 a
397 1874 623 1956 monsegnor
637 1848 821 1954 l’eveeque
837 1848 885 1927 de
899 1847 1067 1927 Lisienes
1081 1864 1120 1926 et
1133 1855 1153 1924 a
1168 1846 1235 1925 lou
1248 1873 1527 1953 oonprngnour‚
1544 1872 1612 1923 nos
1631 1846 1725 1924 deri-

309 1996 411 2065 tures
421 1979 476 2063 ‚de
493 1997 597 2057 sante
614 1977 768 2086 egliese‚
786 2004 870 2055 oom
886 1983 908 2054 a
924 2005 974 2055 no
991 2005 1082 2084 pero
1098 1995 1137 2057 et
1152 1984 1174 2055 a
1190 1993 1315 2058 nostre
1332 2004 1455 2068 mere3
1473 2004 1567 2082 quar
1583 2003 1650 2053 nos
1667 2005 1724 2054 sa·

309 2134 400 2185 vons
420 2123 459 2186 et
477 2127 609 2186 creons
631 2135 707 2213 que
731 2134 825 2185 vous
848 2124 946 2190 estes
969 2108 1120 2187 envoits
1144 2108 1194 2186 de
1217 2135 1285 2215 par
1308 2124 1434 2186 nostre
1457 2133 1548 2213 pere
1570 2104 1607 2183 le
1626 2106 1725 2212 Pape

309 2262 356 2310 en
386 2236 512 2315 chaste
538 2236 753 2344 beaongne‚
779 2253 818 2314 et
841 2237 871 2315 si
896 2265 1008 2316 sevon
1027 2265 1103 2345 qne
1125 2265 1187 2316 vos
1206 2255 1324 2317 ostreo
1341 2236 1512 2315 membre
1536 2229 1584 2314 de
1607 2235 1725 2313 sainte

309 2365 471 2472 egiiesia
492 2383 530 2445 at
545 2395 643 2447 nous
658 2383 799 2447 tonans-
809 2366 849 2446 le
862 2368 960 2476 Pape
978 2375 999 2449 i
1014 2396 1107 2475 pere
1117 2385 1161 2449 et
1176 2367 1294 2447 sainte
1311 2363 1482 2475 egliesei
1497 2394 1590 2458 mer,
1609 2384 1648 2446 et
1663 2394 1725 2442 vo-

309 2494 394 2575 lons
412 2495 521 2577 obeir
536 2503 557 2575 a
574 2525 624 2581 no
642 2523 712 2603 per
729 2514 769 2577 et
785 2504 807 2575 a
823 2514 949 2576 nostre
966 2525 1086 2588 mere,
1108 2524 1191 2575 com
1208 2497 1286 2573 bon
1303 2495 1345 2572 fil
1360 2513 1398 2574 et
1411 2496 1487 2573 bon
1501 2496 1726 2579 Crestienet

307 2623 398 2706 bien
423 2643 552 2705 creant
569 2654 617 2706 en
637 2626 733 2706 Pere
749 2641 788 2703 et
807 2652 860 2703 en.
875 2625 933 2700 Fil
952 2641 991 2700 at
1009 2651 1057 2701 en
1076 2623 1353 2728 Smt-Ensprit,
1375 2650 1396 2701 a
1416 2623 1619 2700 recheruns
1639 2653 1725 2701 aver

310 2755 404 2846 d'ret,
417 2779 457 2834 se'
469 2781 539 2831 nos
551 2746 620 2831 che
633 2779 698 2831 vos
710 2766 900 2829 matenant
912 2748 966 2855 [i]⁸
981 2732 1021 2826 et
1033 2776 1259 2855 requerrons
1273 2755 1295 2827 i
1307 2776 1392 2828 aver
1403 2749 1440 2828 le
1452 2749 1577 2827 consel
1591 2750 1638 2825 de
1654 2779 1724 2828 nos

308 2879 439 2972 freres,
462 2881 608 2961 clienta
631 2877 751 2957 saveir
774 2877 871 2967 frere
890 2876 1108 2975 Guiliaume
1127 2877 1380 2957 Chambolent
1402 2878 1500 2957 frere
1524 2879 1721 2968 chevalier,

308 3008 404 3086 {iere
428 3011 576 3087 Renaut
597 3009 645 3085 do
669 3007 822 3085 Provins
841 3005 937 3085 frere
962 3007 1191 3114 chapellanm
1216 3006 1315 3087 frere
1337 3008 1446 3088 Petro
1473 3010 1520 3085 de
1544 3009 1722 3114 Bonogna

308 3135 404 3211 frere
416 3127 639 3241 chapellans‚
654 3134 750 3215 frere
764 3133 922 3214 Gossein
933 3137 1203 3217 commendem
1215 3138 1265 3216 de
1276 3136 1476 3227 Flandres,
1493 3137 1589 3215 frere
1604 3139 1723 3216 Jehan

310 3265 356 3342 de
381 3264 536 3356 Corbio,
561 3264 659 3344 frere
679 3264 895 3345 Guillaume
920 3259 968 3344 de
989 3267 1191 3374 Lepleche‚
1211 3266 1310 3345 frere
1334 3267 1455 3347 Pietre
1478 3267 1514 3344 le
1540 3268 1719 3355 Prevoist,

308 3393 404 3472 frere
422 3395 568 3474 Nicolas
583 3394 809 3500 Versequin3
832 3410 870 3471 et
886 3422 1092 3502 requerona
1107 3397 1179 3474 toit
1196 3396 1402 3474 emsenrblo
1420 3403 1441 3474 a
1461 3396 1552 3475 nleir
1568 3408 1637 3502 par
1657 3399 1721 3474 da-

307 3542 394 3601 rant
409 3553 516 3617 vous,
536 3541 574 3602 et
586 3523 642 3602 s'il
656 3552 705 3601 ne
716 3553 810 3602 vous
823 3524 921 3631 plest
935 3551 1011 3631 que
1027 3555 1124 3604 nous
1137 3526 1265 3606 scions
1274 3543 1360 3605 tout
1371 3529 1498 3615 mene,
1518 3527 1548 3603 si
1566 3528 1721 3604 mandes

308 3653 404 3734 srere
419 3657 587 3734 Mathieu
602 3657 648 3732 de
662 3656 823 3735 cresson
837 3657 963 3734 Essart
979 3672 1018 3733 et
1028 3654 1125 3735 itere
1140 3656 1289 3735 Andioe
1306 3656 1342 3734 le
1361 3656 1551 3744 Mortoier‚
1570 3674 1608 3735 et
1625 3683 1720 3735 nous

309 3784 508 3863 accordens
529 3793 549 3860 a
568 3785 637 3863 che
656 3774 723 3891 qui
742 3783 853 3863 feroit
871 3812 970 3891 pour
987 3784 1024 3863 la
1042 3784 1203 3892 religion
1223 3783 1444 3864 defecdre.»

362 4046 450 4124 Post
473 4046 544 4123 hec
569 4035 658 4123 dicti
679 4044 823 4124 domini
845 4046 961 4122 nostri
983 4011 1227 4126 commissarii
1246 4040 1448 4129 voluerunt
1467 4066 1504 4126 et
1525 4049 1718 4126 ordinave-

305 4189 394 4249 runt
416 4177 521 4280 quod
547 4203 616 4255 nos
641 4175 793 4264 notarii,
820 4199 895 4253 una
923 4205 1010 4255 curn
1038 4175 1242 4257 venerabili
1264 4179 1344 4257 viro
1372 4179 1549 4284 magistro
1577 4177 1718 4256 Amisio

305 4305 535 4408 supradicto,
558 4306 699 4384 iremus
712 4307 759 4382 ad
775 4306 911 4385 domos
923 4305 1082 4387 fratmr'n
1095 4309 1350 4415 predictorum
1364 4336 1433 4413 pro
1447 4307 1636 4415 quibuset
1648 4337 1718 4414 pro

305 4461 343 4511 se
363 4436 614 4539 prenominati
633 4435 766 4513 fratres
781 4433 878 4511 dicta
898 4434 961 4513 die
975 4439 1131 4517 Veneris
1145 4454 1429 4544 comparuerant
1443 4468 1566 4517 coram
1583 4439 1653 4525 eis,
1671 4439 1717 4514 ad

304 4562 498 4641 sciendum
525 4581 562 4639 et
588 4564 822 4642 audiendum
849 4563 880 4639 si
908 4567 1055 4670 procis
1082 4567 1191 4645 etde
1222 4566 1398 4645 mandato
1429 4595 1560 4646 eorum
1592 4596 1716 4647 coram

305 4689 413 4767 dictis
445 4690 608 4769 dominis
633 4684 896 4771 commissoriis
920 4713 1098 4775 venerant
1123 4714 1162 4773 et
1192 4716 1491 4802 comparuerant,
1525 4716 1562 4777 et
1585 4699 1615 4777 si
1639 4715 1715 4778 rata

304 4817 492 4898 habebant
508 4850 550 4898 ea
565 4852 639 4929 que
658 4852 726 4928 per
737 4823 924 4930 predictos
939 4845 1197 4934 comparentes
1213 4827 1362 4907 fuerant
1381 4830 1571 4936 proposita
1586 4847 1624 4907 et
1642 4848 1716 4909 tra-
