4148 6052
710 517 907 612 enocts
933 535 1029 610 ons
1054 536 1355 611 ‘renuimus
1668 542 1743 615 eoo

324 679 562 787 presentibus
586 679 658 756 nisi
689 695 883 784 receptore
909 695 948 755 et
971 678 1052 784 ipso
1076 694 1228 785 recepto
1255 696 1294 756 et
1319 678 1431 757 fratre
1459 706 1528 757 suo
1552 685 1744 785 prenomi-

325 827 423 888 nato.
975 818 978 825 ’

377 941 490 1028 Item,
516 937 721 1045 requisitus
740 966 855 1045 super
873 965 1007 1017 mun
1027 954 1066 1014 et
1083 963 1208 1026 xxxix,
1232 940 1279 1014 de
1298 939 1526 1045 suspicione,
1549 939 1745 1045 respondit

323 1096 362 1147 se
377 1069 563 1148 audivisse
578 1068 721 1174 pluries
737 1085 821 1145 ante
842 1096 975 1145 eorum
993 1068 1210 1174 capcionem
1227 1085 1426 1176 postquam
1440 1068 1513 1145 fuit
1526 1067 1641 1145 frater
1655 1069 1744 1145 dicti

324 1199 468 1278 ordinis
487 1228 509 1276 a
528 1197 755 1307 quibusdam
775 1197 951 1305 gentibus
969 1198 1056 1276 ville
1077 1201 1124 1275 de
1146 1199 1297 1305 Sivreyo
1318 1199 1365 1276 de
1385 1229 1547 1307 quarum
1567 1201 1742 1307 gencium

324 1330 543 1408 nominibus
562 1329 656 1406 dixit
673 1355 713 1406 se
733 1357 810 1407 non
829 1329 1032 1421 recordari,
1051 1329 1156 1437 quod
1173 1329 1334 1435 suspicio
1355 1347 1434 1408 erat
1453 1347 1581 1407 contra
1600 1331 1743 1407 dictum

325 1461 514 1551 ordinem,
541 1460 629 1567 quia
654 1459 840 1538 faciebant
864 1460 1098 1566 receptiones
1124 1459 1402 1547 clamdestines,
1430 1476 1469 1536 et
1495 1461 1614 1536 credit
1640 1459 1744 1566 quod
1877 1464 1882 1474 '

324 1591 445 1697 longis
461 1590 697 1698 temporibus
710 1589 833 1668 fuerat
850 1590 947 1668 dicta
964 1589 1127 1697 suspicio
1139 1589 1267 1666 habita
1279 1589 1326 1665 ab
1344 1588 1535 1696 aliquibus
1547 1589 1741 1697 gentibus,

322 1719 390 1797 sed
409 1749 486 1798 non
505 1721 758 1798 communiter
776 1719 823 1796 ab
844 1720 1032 1797 omnibus.

343 1878 352 1895 ·
378 1854 493 1941 Item,
521 1853 725 1960 requisitus
744 1880 858 1959 super
876 1879 922 1929 xx
942 1868 980 1928 et
999 1851 1081 1928 aliis
1099 1851 1269 1957 quinque
1290 1849 1552 1957 sequentibus,
1574 1850 1622 1927 de
1642 1878 1744 1927 com-

324 1984 487 2084 mixione
507 1983 661 2073 carnali,
683 1999 765 2070 etc,
787 1982 982 2087 respondit
1000 2009 1040 2060 se
1060 2009 1256 2088 nunquam
1275 1981 1460 2060 audivisse
1481 1981 1571 2070 dici,
1593 2010 1662 2059 nec
1681 1983 1745 2059 sci·

324 2113 435 2200 visse,
456 2140 526 2189 nec
545 2113 698 2189 credere
718 2141 803 2192 vera
823 2140 902 2189 csse
923 2129 1098 2189 contenta
1117 2112 1157 2188 in
1176 2113 1266 2218 ipsis
1286 2111 1460 2190 articulis.

381 2244 491 2328 Item,
511 2241 714 2348 requisitus
732 2270 845 2346 super
861 2268 946 2321 xxvi
964 2259 1002 2319 et
1018 2242 1099 2321 aliis
1117 2269 1153 2319 ιι
1173 2242 1435 2348 sequentibus,
1457 2242 1504 2319 de
1523 2244 1744 2320 adoraoione

325 2373 445 2480 ydoli,
467 2371 663 2478 respondit
680 2399 720 2448 sc
739 2371 856 2449 nichil
875 2372 980 2464 scire,
1002 2399 1078 2456 nec,
1092 2399 1261 2476 unquam
1276 2371 1459 2448 audivisse
1473 2372 1564 2460 dici,
1587 2400 1656 2448 nec
1675 2397 1748 2447 cre

326 2504 415 2582 dere
436 2503 507 2581 nisi
527 2503 632 2610 quod
651 2531 763 2610 supra
783 2503 960 2609 deposuit
977 2501 1024 2579 de
1042 2501 1161 2608 capite
1180 2501 1252 2578 sibi
1272 2503 1449 2581 hostenso
1469 2502 1509 2576 in
1528 2501 1747 2608 recepcionc

326 2663 404 2711 sua.

381 2766 492 2856 Item,
513 2766 717 2873 requisitus
737 2793 851 2872 super
875 2791 959 2845 ivm
985 2782 1023 2843 et
1047 2764 1128 2842 aliis
1147 2789 1183 2842 vr
1209 2761 1472 2870 sequentibus,
1495 2762 1542 2839 de
1562 2761 1744 2852 cordulis,

325 2896 520 3002 respondit
543 2924 582 2973 se
608 2897 761 2974 credere
784 2925 871 2974 vera
897 2924 978 2974 esse
1004 2911 1179 2973 contenta
1205 2895 1244 2970 in
1269 2894 1359 2999 ipsis
1384 2893 1569 2985 articulis,
1595 2910 1749 2999 propter

326 3024 389 3102 illa
405 3055 481 3132 que
499 3026 547 3103 de
567 3026 664 3103 dicta
681 3025 837 3103 cordula
855 3026 1031 3132 deposuit
1047 3027 1095 3103 de
1113 3055 1153 3104 se
1173 3025 1270 3130 ipso,
1293 3023 1401 3100 aliter
1421 3023 1513 3100 dixit
1532 3051 1571 3100 se
1591 3023 1746 3100 nescire.

382 3157 494 3243 Item,
516 3157 720 3263 requisitus
740 3185 855 3263 super
875 3183 942 3236 nv
964 3174 1002 3233 et
1025 3156 1106 3235 aliis
1130 3182 1179 3236 vu
1199 3154 1460 3262 sequentibus,
1484 3154 1531 3231 de
1550 3152 1747 3260 punitione

327 3284 481 3362 illorum
505 3285 570 3391 qui
595 3285 774 3364 nolebant
798 3285 919 3364 lacere
942 3287 1126 3393 predicta,
1148 3286 1345 3390 respondit
1362 3313 1402 3362 se
1423 3312 1618 3390 nunquam
1642 3283 1749 3360 audi-

325 3415 420 3494 visse
440 3416 546 3522 quod
564 3390 699 3524 aliquis
718 3416 834 3495 luerit
853 3415 1071 3496 interfectus
1094 3416 1154 3494 vel
1179 3418 1427 3492 incarceratus
1450 3430 1606 3520 propter
1624 3413 1750 3519 predi-

327 3565 399 3638 ους
418 3548 559 3626 audivit
574 3565 703 3625 tamen
721 3549 794 3625 dici
813 3578 834 3626 a
851 3548 1080 3655 quibusdam
1100 3546 1277 3625 fratribus
1298 3547 1386 3623 dicti
1408 3544 1567 3637 ordinis,
1590 3543 1637 3621 de
1657 3572 1751 3650 quo-

327 3707 415 3755 rum
440 3679 659 3756 nominibus
686 3679 780 3756 dixit
804 3707 843 3757 se
870 3707 949 3756 non
975 3679 1181 3768 recordari,
1211 3677 1317 3786 quod
1344 3677 1375 3755 si
1402 3675 1538 3783 aliquis
1565 3674 1749 3751 noluisset

283 3857 290 3871 ·
328 3807 448 3884 lacere
460 3808 627 3912 predicta
644 3808 849 3887 consessata
865 3839 1053 3917 pereum,
1069 3810 1202 3888 luisset
1219 3810 1478 3900 incarceratus,
1498 3823 1536 3884 et
1552 3806 1657 3913 quod
1670 3833 1750 3911 pre·

330 3937 427 4013 dicta
445 3935 593 4015 fuerant
612 3937 683 4016 sibi
705 3939 802 4017 dicta
819 3967 889 4045 per
908 3941 1017 4018 illum
1036 3941 1103 4047 qui
1123 3941 1264 4046 recepit
1288 3939 1455 4017 eundem
1475 3938 1515 4014 in
1534 3935 1748 4042 receptione

328 4097 411 4146 sua.
433 4069 543 4157 Item,
560 4068 653 4146 dixit
673 4068 799 4146 eidem
815 4067 929 4146 fixisse
949 4070 1162 4177 injunctum
1182 4070 1221 4146 in
1241 4070 1460 4174 recepcione
1480 4096 1547 4145 sua
1561 4093 1630 4172 per
1639 4094 1750 4143 sacra-

328 4216 500 4277 mentum
521 4218 559 4278 et
577 4200 649 4278 sub
667 4228 766 4306 pena
785 4200 941 4278 carceris
959 4200 1065 4307 quod
1083 4200 1243 4276 modum
1263 4199 1487 4307 receptionis
1507 4224 1573 4275 sue
1594 4225 1671 4276 non
1690 4226 1748 4276 rc-

328 4331 481 4408 vellaret
506 4330 604 4423 aliis,
626 4348 664 4408 et
689 4330 808 4408 credit
832 4331 936 4438 quod
961 4331 1065 4408 idem
1088 4346 1354 4437 preceperetur
1378 4330 1469 4408 aliis.
1492 4328 1573 4406 Alia
1597 4329 1689 4407 dixit
1707 4358 1746 4408 se

329 4461 473 4552 nescire
493 4462 540 4539 de
561 4462 786 4567 contemptis
805 4462 845 4538 in
865 4460 1030 4564 articulis
1049 4462 1277 4540 memoratis.

385 4594 500 4702 Item,
523 4593 725 4699 requisitus
749 4620 864 4699 super
887 4619 1011 4682 xxxin,
1033 4594 1229 4699 respondit
1247 4592 1319 4671 sibi
1342 4592 1457 4671 fixisse
1477 4590 1688 4699 injunctum
1708 4592 1747 4668 in

329 4722 548 4829 recepcione
573 4751 640 4800 sua
664 4722 711 4799 ab
738 4721 803 4800 illo
823 4723 889 4830 qui
910 4751 1000 4800 eum
1023 4723 1166 4829 recepit
1189 4723 1293 4831 quod
1313 4751 1390 4801 non
1412 4722 1657 4801 confiteretur
1675 4720 1747 4799 nisi

331 4852 588 4932 sacerdotibus
602 4852 756 4945 ordinis,
770 4880 847 4930 non
861 4870 987 4934 tamen
1004 4853 1160 4933 servavit
1172 4852 1315 4932 dictum
1329 4871 1567 4961 preceptum,
1581 4870 1626 4931 ut
1640 4851 1749 4939 dixit,

415 4989 520 5054 enoris
540 5011 593 5055 ors
613 5010 784 5055 muamus.
797 5013 872 5053 -1.
1542 5011 1581 5072 ²7
