<?xml version="1.0" encoding="UTF-8"?>
<!DOCTYPE html PUBLIC "-//W3C//DTD XHTML 1.0 Transitional//EN"
    "http://www.w3.org/TR/xhtml1/DTD/xhtml1-transitional.dtd">
<html xmlns="http://www.w3.org/1999/xhtml" xml:lang="en" lang="en">
 <head>
  <title>
</title>
<meta http-equiv="Content-Type" content="text/html;charset=utf-8" />
  <meta name='ocr-system' content='tesseract 3.04.00' />
  <meta name='ocr-capabilities' content='ocr_page ocr_carea ocr_par ocr_line ocrx_word'/>
</head>
<body>
  <div class='ocr_page' id='page_1' title='image "./procsdestemplie02defegoog_0038.png"; bbox 0 0 4080 6052; ppageno 0'>
   <div class='ocr_carea' id='block_1_1' title="bbox 316 490 1342 593">
    <p class='ocr_par' dir='ltr' id='par_1_1' title="bbox 316 490 1342 593">
     <span class='ocr_line' id='line_1_1' title="bbox 316 490 1342 593; baseline -0.001 -2"><span class='ocrx_word' id='word_1_1' title='bbox 316 524 365 593; x_wconf 84' lang='lat'><strong>2⁰</strong></span> <span class='ocrx_word' id='word_1_2' title='bbox 640 490 647 499; x_wconf 84' lang='lat'>&#39;</span> <span class='ocrx_word' id='word_1_3' title='bbox 701 500 893 593; x_wconf 80' lang='lat' dir='ltr'><strong>rnocns</strong></span> <span class='ocrx_word' id='word_1_4' title='bbox 918 518 1015 591; x_wconf 81' lang='lat' dir='ltr'><strong>nas</strong></span> <span class='ocrx_word' id='word_1_5' title='bbox 1040 517 1342 593; x_wconf 72' lang='lat' dir='ltr'><strong>reuertens.</strong></span> 
     </span>
    </p>
   </div>
   <div class='ocr_carea' id='block_1_2' title="bbox 313 655 1747 1416">
    <p class='ocr_par' dir='ltr' id='par_1_2' title="bbox 313 655 1747 1416">
     <span class='ocr_line' id='line_1_2' title="bbox 313 655 1747 778; baseline 0.003 -40"><span class='ocrx_word' id='word_1_6' title='bbox 313 661 519 768; x_wconf 86' lang='lat' dir='ltr'><strong>plariorum</strong></span> <span class='ocrx_word' id='word_1_7' title='bbox 547 659 719 737; x_wconf 85' lang='lat' dir='ltr'><strong>ordinem</strong></span> <span class='ocrx_word' id='word_1_8' title='bbox 748 663 927 738; x_wconf 84' lang='lat' dir='ltr'><strong>interesse</strong></span> <span class='ocrx_word' id='word_1_9' title='bbox 955 659 1095 767; x_wconf 90' lang='lat' dir='ltr'><strong>absque</strong></span> <span class='ocrx_word' id='word_1_10' title='bbox 1122 677 1252 771; x_wconf 84' lang='lat' dir='ltr'><strong>nostro</strong></span> <span class='ocrx_word' id='word_1_11' title='bbox 1279 685 1415 765; x_wconf 88' lang='lat' dir='ltr'><strong>magno</strong></span> <span class='ocrx_word' id='word_1_12' title='bbox 1440 655 1638 764; x_wconf 90' lang='lat' dir='ltr'><strong>dispendio</strong></span> <span class='ocrx_word' id='word_1_13' title='bbox 1664 694 1747 778; x_wconf 36' lang='lat' dir='ltr'><strong>ne·</strong></span> 
     </span>
     <span class='ocr_line' id='line_1_3' title="bbox 315 789 1745 898; baseline 0.004 -32"><span class='ocrx_word' id='word_1_14' title='bbox 315 816 509 896; x_wconf 84' lang='lat' dir='ltr'><strong>queamus,</strong></span> <span class='ocrx_word' id='word_1_15' title='bbox 525 815 593 866; x_wconf 92' lang='lat' dir='ltr'><strong>nos</strong></span> <span class='ocrx_word' id='word_1_16' title='bbox 611 789 717 866; x_wconf 84' lang='lat' dir='ltr'><strong>vobis</strong></span> <span class='ocrx_word' id='word_1_17' title='bbox 734 792 910 896; x_wconf 89' lang='lat' dir='ltr'><strong>primitus</strong></span> <span class='ocrx_word' id='word_1_18' title='bbox 928 808 1155 879; x_wconf 70' lang='lat' dir='ltr'><strong>excusantes,</strong></span> <span class='ocrx_word' id='word_1_19' title='bbox 1174 806 1395 898; x_wconf 86' lang='lat' dir='ltr'><strong>potestatem</strong></span> <span class='ocrx_word' id='word_1_20' title='bbox 1415 790 1665 884; x_wconf 78' lang='lat' dir='ltr'><strong>concedimus,</strong></span> <span class='ocrx_word' id='word_1_21' title='bbox 1688 815 1745 872; x_wconf 92' lang='lat' dir='ltr'><strong>ut·</strong></span> 
     </span>
     <span class='ocr_line' id='line_1_4' title="bbox 314 917 1731 1027; baseline 0.006 -35"><span class='ocrx_word' id='word_1_22' title='bbox 314 919 353 992; x_wconf 93' lang='lat' dir='ltr'><strong>in</strong></span> <span class='ocrx_word' id='word_1_23' title='bbox 383 917 483 994; x_wconf 89' lang='lat' dir='ltr'><strong>dicto</strong></span> <span class='ocrx_word' id='word_1_24' title='bbox 517 919 670 1024; x_wconf 90' lang='lat' dir='ltr'><strong>negocio</strong></span> <span class='ocrx_word' id='word_1_25' title='bbox 705 947 748 996; x_wconf 89' lang='lat' dir='ltr'><strong>ea</strong></span> <span class='ocrx_word' id='word_1_26' title='bbox 780 922 841 999; x_wconf 93' lang='lat' dir='ltr'><strong>die</strong></span> <span class='ocrx_word' id='word_1_27' title='bbox 873 920 1076 1027; x_wconf 83' lang='lat' dir='ltr'><strong>procedere</strong></span> <span class='ocrx_word' id='word_1_28' title='bbox 1113 920 1262 998; x_wconf 83' lang='lat' dir='ltr'><strong>valeatis</strong></span> <span class='ocrx_word' id='word_1_29' title='bbox 1295 934 1420 996; x_wconf 89' lang='lat' dir='ltr'><strong>nostra</strong></span> <span class='ocrx_word' id='word_1_30' title='bbox 1454 919 1625 997; x_wconf 76' lang='lat' dir='ltr'><strong>absencia</strong></span> <span class='ocrx_word' id='word_1_31' title='bbox 1652 951 1731 1001; x_wconf 91' lang='lat' dir='ltr'><strong>non</strong></span> 
     </span>
     <span class='ocr_line' id='line_1_5' title="bbox 315 1045 1731 1153; baseline 0.006 -31"><span class='ocrx_word' id='word_1_32' title='bbox 315 1045 497 1124; x_wconf 88' lang='lat' dir='ltr'><strong>obstante.</strong></span> <span class='ocrx_word' id='word_1_33' title='bbox 530 1049 573 1124; x_wconf 93' lang='lat' dir='ltr'><strong>In</strong></span> <span class='ocrx_word' id='word_1_34' title='bbox 603 1051 862 1129; x_wconf 89' lang='lat' dir='ltr'><strong>testimonium</strong></span> <span class='ocrx_word' id='word_1_35' title='bbox 889 1069 1061 1128; x_wconf 89' lang='lat' dir='ltr'><strong>nostrum</strong></span> <span class='ocrx_word' id='word_1_36' title='bbox 1095 1069 1135 1128; x_wconf 93' lang='lat' dir='ltr'><strong>et</strong></span> <span class='ocrx_word' id='word_1_37' title='bbox 1164 1065 1328 1126; x_wconf 88' lang='lat' dir='ltr'><strong>vestrum</strong></span> <span class='ocrx_word' id='word_1_38' title='bbox 1364 1066 1556 1153; x_wconf 84' lang='lat' dir='ltr'><strong>presentes</strong></span> <span class='ocrx_word' id='word_1_39' title='bbox 1589 1051 1731 1130; x_wconf 82' lang='lat' dir='ltr'><strong>litteras</strong></span> 
     </span>
     <span class='ocr_line' id='line_1_6' title="bbox 313 1176 1731 1288; baseline 0.006 -38"><span class='ocrx_word' id='word_1_40' title='bbox 313 1178 527 1255; x_wconf 90' lang='lat' dir='ltr'><strong>munientes</strong></span> <span class='ocrx_word' id='word_1_41' title='bbox 545 1182 662 1256; x_wconf 88' lang='lat' dir='ltr'><strong>nostri</strong></span> <span class='ocrx_word' id='word_1_42' title='bbox 682 1184 906 1288; x_wconf 85' lang='lat' dir='ltr'><strong>appensione</strong></span> <span class='ocrx_word' id='word_1_43' title='bbox 926 1182 1052 1288; x_wconf 87' lang='lat' dir='ltr'><strong>sigilli.</strong></span> <span class='ocrx_word' id='word_1_44' title='bbox 1072 1182 1211 1258; x_wconf 88' lang='lat' dir='ltr'><strong>Datum</strong></span> <span class='ocrx_word' id='word_1_45' title='bbox 1232 1176 1333 1283; x_wconf 88' lang='lat' dir='ltr'><strong>apud</strong></span> <span class='ocrx_word' id='word_1_46' title='bbox 1352 1177 1475 1256; x_wconf 89' lang='lat' dir='ltr'><strong>Valles</strong></span> <span class='ocrx_word' id='word_1_47' title='bbox 1494 1207 1610 1285; x_wconf 88' lang='lat' dir='ltr'><strong>prope</strong></span> <span class='ocrx_word' id='word_1_48' title='bbox 1629 1182 1731 1258; x_wconf 89' lang='lat' dir='ltr'><strong>Pari-</strong></span> 
     </span>
     <span class='ocr_line' id='line_1_7' title="bbox 314 1305 1727 1416; baseline 0.006 -37"><span class='ocrx_word' id='word_1_49' title='bbox 314 1305 407 1393; x_wconf 91' lang='lat' dir='ltr'><strong>sins,</strong></span> <span class='ocrx_word' id='word_1_50' title='bbox 424 1335 521 1386; x_wconf 90' lang='lat' dir='ltr'><strong>anno</strong></span> <span class='ocrx_word' id='word_1_51' title='bbox 535 1308 687 1388; x_wconf 91' lang='lat' dir='ltr'><strong>Domini</strong></span> <span class='ocrx_word' id='word_1_52' title='bbox 703 1327 744 1389; x_wconf 59' lang='grc' dir='ltr'><strong>κο</strong></span> <span class='ocrx_word' id='word_1_53' title='bbox 757 1323 836 1389; x_wconf 80' lang='lat' dir='ltr'><strong>ccc⁰</strong></span> <span class='ocrx_word' id='word_1_54' title='bbox 851 1339 966 1388; x_wconf 90' lang='lat' dir='ltr'><strong>nono.</strong></span> <span class='ocrx_word' id='word_1_55' title='bbox 983 1313 1027 1389; x_wconf 92' lang='lat' dir='ltr'><strong>ln</strong></span> <span class='ocrx_word' id='word_1_56' title='bbox 1045 1309 1239 1388; x_wconf 81' lang='lat' dir='ltr'><strong>festivitate</strong></span> <span class='ocrx_word' id='word_1_57' title='bbox 1253 1308 1354 1386; x_wconf 88' lang='lat' dir='ltr'><strong>beati</strong></span> <span class='ocrx_word' id='word_1_58' title='bbox 1368 1309 1518 1386; x_wconf 87' lang='lat' dir='ltr'><strong>Martini</strong></span> <span class='ocrx_word' id='word_1_59' title='bbox 1534 1310 1727 1416; x_wconf 82' lang='lat' dir='ltr'><strong>hyemalis.</strong></span> 
     </span>
    </p>
   </div>
   <div class='ocr_carea' id='block_1_3' title="bbox 304 1566 1729 4494">
    <p class='ocr_par' dir='ltr' id='par_1_3' title="bbox 312 1566 1729 1776">
     <span class='ocr_line' id='line_1_8' title="bbox 368 1566 1729 1672; baseline 0.003 -27"><span class='ocrx_word' id='word_1_60' title='bbox 368 1572 464 1646; x_wconf 91' lang='lat' dir='ltr'><strong>Item</strong></span> <span class='ocrx_word' id='word_1_61' title='bbox 482 1588 592 1650; x_wconf 89' lang='lat' dir='ltr'><strong>tenor</strong></span> <span class='ocrx_word' id='word_1_62' title='bbox 610 1573 733 1652; x_wconf 89' lang='lat' dir='ltr'><strong>littere</strong></span> <span class='ocrx_word' id='word_1_63' title='bbox 753 1569 979 1650; x_wconf 84' lang='lat' dir='ltr'><strong>excusatorie</strong></span> <span class='ocrx_word' id='word_1_64' title='bbox 999 1566 1156 1672; x_wconf 88' lang='lat' dir='ltr'><strong>predicti</strong></span> <span class='ocrx_word' id='word_1_65' title='bbox 1182 1566 1432 1647; x_wconf 81' lang='lat' dir='ltr'><strong>archidiaconi</strong></span> <span class='ocrx_word' id='word_1_66' title='bbox 1456 1567 1729 1672; x_wconf 89' lang='lat' dir='ltr'><strong>Magalonensis</strong></span> 
     </span>
     <span class='ocr_line' id='line_1_9' title="bbox 312 1696 497 1776; baseline 0.016 -3"><span class='ocrx_word' id='word_1_67' title='bbox 312 1696 396 1774; x_wconf 85' lang='lat' dir='ltr'><strong>talis</strong></span> <span class='ocrx_word' id='word_1_68' title='bbox 414 1717 497 1776; x_wconf 87' lang='lat' dir='ltr'><strong>est:</strong></span> 
     </span>
    </p>

    <p class='ocr_par' dir='ltr' id='par_1_4' title="bbox 304 1828 1728 4494">
     <span class='ocr_line' id='line_1_10' title="bbox 366 1828 1727 1940; baseline 0.003 -37"><span class='ocrx_word' id='word_1_69' title='bbox 366 1828 594 1911; x_wconf 86' lang='lat' dir='ltr'><strong>Reverendis</strong></span> <span class='ocrx_word' id='word_1_70' title='bbox 616 1836 656 1911; x_wconf 92' lang='lat' dir='ltr'><strong>in</strong></span> <span class='ocrx_word' id='word_1_71' title='bbox 680 1835 828 1913; x_wconf 91' lang='lat' dir='ltr'><strong>Christo</strong></span> <span class='ocrx_word' id='word_1_72' title='bbox 853 1834 1037 1940; x_wconf 86' lang='lat' dir='ltr'><strong>patribus,</strong></span> <span class='ocrx_word' id='word_1_73' title='bbox 1060 1833 1222 1910; x_wconf 90' lang='lat' dir='ltr'><strong>dominis</strong></span> <span class='ocrx_word' id='word_1_74' title='bbox 1248 1831 1319 1921; x_wconf 90' lang='lat' dir='ltr'><strong>Dei</strong></span> <span class='ocrx_word' id='word_1_75' title='bbox 1350 1831 1470 1937; x_wconf 90' lang='lat' dir='ltr'><strong>gracia</strong></span> <span class='ocrx_word' id='word_1_76' title='bbox 1496 1830 1727 1909; x_wconf 90' lang='lat' dir='ltr'><strong>Narbonensi</strong></span> 
     </span>
     <span class='ocr_line' id='line_1_11' title="bbox 311 1959 1727 2071; baseline 0.003 -39"><span class='ocrx_word' id='word_1_77' title='bbox 311 1960 603 2069; x_wconf 86' lang='lat' dir='ltr'><strong>archiepiscopo,</strong></span> <span class='ocrx_word' id='word_1_78' title='bbox 632 1966 823 2071; x_wconf 91' lang='lat' dir='ltr'><strong>Bajocensi</strong></span> <span class='ocrx_word' id='word_1_79' title='bbox 852 1981 890 2041; x_wconf 88' lang='lat' dir='ltr'><strong>ct</strong></span> <span class='ocrx_word' id='word_1_80' title='bbox 918 1964 1129 2043; x_wconf 90' lang='lat' dir='ltr'><strong>Mimatensi</strong></span> <span class='ocrx_word' id='word_1_81' title='bbox 1157 1962 1357 2068; x_wconf 86' lang='lat' dir='ltr'><strong>episcopis,</strong></span> <span class='ocrx_word' id='word_1_82' title='bbox 1386 1991 1427 2038; x_wconf 93' lang='lat' dir='ltr'><strong>ac</strong></span> <span class='ocrx_word' id='word_1_83' title='bbox 1452 1959 1727 2038; x_wconf 88' lang='lat' dir='ltr'><strong>venerabilibus</strong></span> 
     </span>
     <span class='ocr_line' id='line_1_12' title="bbox 310 2086 1728 2199; baseline 0.005 -40"><span class='ocrx_word' id='word_1_84' title='bbox 310 2086 397 2161; x_wconf 88' lang='lat' dir='ltr'><strong>viris</strong></span> <span class='ocrx_word' id='word_1_85' title='bbox 430 2090 594 2169; x_wconf 87' lang='lat' dir='ltr'><strong>dominis</strong></span> <span class='ocrx_word' id='word_1_86' title='bbox 629 2095 779 2171; x_wconf 89' lang='lat' dir='ltr'><strong>Matheo</strong></span> <span class='ocrx_word' id='word_1_87' title='bbox 816 2096 863 2171; x_wconf 94' lang='lat' dir='ltr'><strong>de</strong></span> <span class='ocrx_word' id='word_1_88' title='bbox 897 2094 1050 2199; x_wconf 85' lang='lat' dir='ltr'><strong>Neapoli</strong></span> <span class='ocrx_word' id='word_1_89' title='bbox 1082 2093 1233 2198; x_wconf 86' lang='lat' dir='ltr'><strong>majoris</strong></span> <span class='ocrx_word' id='word_1_90' title='bbox 1271 2090 1389 2169; x_wconf 90' lang='lat' dir='ltr'><strong>Caleti</strong></span> <span class='ocrx_word' id='word_1_91' title='bbox 1420 2090 1728 2194; x_wconf 86' lang='lat' dir='ltr'><strong>Rothomagensis</strong></span> 
     </span>
     <span class='ocr_line' id='line_1_13' title="bbox 312 2213 1728 2331; baseline 0.004 -41"><span class='ocrx_word' id='word_1_92' title='bbox 312 2213 455 2293; x_wconf 91' lang='lat' dir='ltr'><strong>domini</strong></span> <span class='ocrx_word' id='word_1_93' title='bbox 476 2220 573 2325; x_wconf 87' lang='lat' dir='ltr'><strong>Pape</strong></span> <span class='ocrx_word' id='word_1_94' title='bbox 594 2224 757 2314; x_wconf 89' lang='lat' dir='ltr'><strong>notario,</strong></span> <span class='ocrx_word' id='word_1_95' title='bbox 773 2224 932 2301; x_wconf 89' lang='lat' dir='ltr'><strong>Johanni</strong></span> <span class='ocrx_word' id='word_1_96' title='bbox 949 2223 996 2300; x_wconf 93' lang='lat' dir='ltr'><strong>de</strong></span> <span class='ocrx_word' id='word_1_97' title='bbox 1011 2223 1165 2331; x_wconf 85' lang='lat' dir='ltr'><strong>Mantua</strong></span> <span class='ocrx_word' id='word_1_98' title='bbox 1182 2221 1403 2298; x_wconf 88' lang='lat' dir='ltr'><strong>Tridentine</strong></span> <span class='ocrx_word' id='word_1_99' title='bbox 1423 2219 1662 2296; x_wconf 85' lang='lat' dir='ltr'><strong>ecclesiarum</strong></span> <span class='ocrx_word' id='word_1_100' title='bbox 1678 2249 1728 2296; x_wconf 92' lang='lat' dir='ltr'><strong>ar·</strong></span> 
     </span>
     <span class='ocr_line' id='line_1_14' title="bbox 310 2339 1725 2455; baseline 0.005 -36"><span class='ocrx_word' id='word_1_101' title='bbox 310 2345 552 2436; x_wconf 89' lang='lat' dir='ltr'><strong>chidiaconis,</strong></span> <span class='ocrx_word' id='word_1_102' title='bbox 568 2353 757 2428; x_wconf 89' lang='lat' dir='ltr'><strong>Johannes</strong></span> <span class='ocrx_word' id='word_1_103' title='bbox 780 2354 827 2429; x_wconf 90' lang='lat' dir='ltr'><strong>de</strong></span> <span class='ocrx_word' id='word_1_104' title='bbox 847 2353 975 2429; x_wconf 90' lang='lat' dir='ltr'><strong>Monte</strong></span> <span class='ocrx_word' id='word_1_105' title='bbox 993 2339 1116 2428; x_wconf 77' lang='lat' dir='ltr'><strong>Lauro</strong></span> <span class='ocrx_word' id='word_1_106' title='bbox 1136 2349 1408 2455; x_wconf 89' lang='lat' dir='ltr'><strong>Magalonensis</strong></span> <span class='ocrx_word' id='word_1_107' title='bbox 1429 2348 1725 2440; x_wconf 88' lang='lat' dir='ltr'><strong>archidiaconus,</strong></span> 
     </span>
     <span class='ocr_line' id='line_1_15' title="bbox 308 2474 1725 2585; baseline 0.004 -38"><span class='ocrx_word' id='word_1_108' title='bbox 308 2474 347 2548; x_wconf 93' lang='lat' dir='ltr'><strong>in</strong></span> <span class='ocrx_word' id='word_1_109' title='bbox 367 2479 523 2582; x_wconf 86' lang='lat' dir='ltr'><strong>negocio</strong></span> <span class='ocrx_word' id='word_1_110' title='bbox 538 2480 797 2584; x_wconf 88' lang='lat' dir='ltr'><strong>inquisicionis</strong></span> <span class='ocrx_word' id='word_1_111' title='bbox 817 2507 931 2585; x_wconf 87' lang='lat' dir='ltr'><strong>super</strong></span> <span class='ocrx_word' id='word_1_112' title='bbox 949 2497 1047 2557; x_wconf 91' lang='lat' dir='ltr'><strong>statu</strong></span> <span class='ocrx_word' id='word_1_113' title='bbox 1066 2480 1209 2556; x_wconf 89' lang='lat' dir='ltr'><strong>ordinis</strong></span> <span class='ocrx_word' id='word_1_114' title='bbox 1223 2479 1526 2583; x_wconf 89' lang='lat' dir='ltr'><strong>Templariorum</strong></span> <span class='ocrx_word' id='word_1_115' title='bbox 1544 2504 1620 2552; x_wconf 92' lang='lat' dir='ltr'><strong>una</strong></span> <span class='ocrx_word' id='word_1_116' title='bbox 1639 2505 1725 2553; x_wconf 90' lang='lat' dir='ltr'><strong>cum</strong></span> 
     </span>
     <span class='ocr_line' id='line_1_16' title="bbox 308 2603 1725 2713; baseline 0.004 -36"><span class='ocrx_word' id='word_1_117' title='bbox 308 2603 362 2680; x_wconf 90' lang='lat' dir='ltr'><strong>eis</strong></span> <span class='ocrx_word' id='word_1_118' title='bbox 381 2633 401 2679; x_wconf 92' lang='lat' dir='ltr'><strong>a</strong></span> <span class='ocrx_word' id='word_1_119' title='bbox 420 2610 510 2705; x_wconf 86' lang='lat' dir='ltr'><strong>sede</strong></span> <span class='ocrx_word' id='word_1_120' title='bbox 534 2610 734 2712; x_wconf 88' lang='lat' dir='ltr'><strong>apostolica</strong></span> <span class='ocrx_word' id='word_1_121' title='bbox 754 2610 969 2713; x_wconf 85' lang='lat' dir='ltr'><strong>deputatus,</strong></span> <span class='ocrx_word' id='word_1_122' title='bbox 986 2608 1146 2686; x_wconf 88' lang='lat' dir='ltr'><strong>salutem</strong></span> <span class='ocrx_word' id='word_1_123' title='bbox 1161 2633 1377 2713; x_wconf 89' lang='lat' dir='ltr'><strong>prosperam</strong></span> <span class='ocrx_word' id='word_1_124' title='bbox 1397 2621 1436 2681; x_wconf 88' lang='lat' dir='ltr'><strong>ct</strong></span> <span class='ocrx_word' id='word_1_125' title='bbox 1453 2603 1616 2690; x_wconf 79' lang='lat' dir='ltr'><strong>febrem,</strong></span> <span class='ocrx_word' id='word_1_126' title='bbox 1639 2635 1725 2683; x_wconf 91' lang='lat' dir='ltr'><strong>cum</strong></span> 
     </span>
     <span class='ocr_line' id='line_1_17' title="bbox 308 2734 1726 2837; baseline 0.004 -30"><span class='ocrx_word' id='word_1_127' title='bbox 308 2736 410 2809; x_wconf 91' lang='lat' dir='ltr'><strong>omni</strong></span> <span class='ocrx_word' id='word_1_128' title='bbox 431 2738 643 2813; x_wconf 87' lang='lat' dir='ltr'><strong>reverencia</strong></span> <span class='ocrx_word' id='word_1_129' title='bbox 663 2738 875 2815; x_wconf 91' lang='lat' dir='ltr'><strong>ethonore.</strong></span> <span class='ocrx_word' id='word_1_130' title='bbox 898 2739 1111 2815; x_wconf 88' lang='lat' dir='ltr'><strong>Paternitati</strong></span> <span class='ocrx_word' id='word_1_131' title='bbox 1134 2753 1172 2814; x_wconf 90' lang='lat' dir='ltr'><strong>et</strong></span> <span class='ocrx_word' id='word_1_132' title='bbox 1188 2735 1421 2810; x_wconf 84' lang='lat' dir='ltr'><strong>veneracioni</strong></span> <span class='ocrx_word' id='word_1_133' title='bbox 1442 2751 1560 2810; x_wconf 80' lang='lat' dir='ltr'><strong>vestre</strong></span> <span class='ocrx_word' id='word_1_134' title='bbox 1581 2734 1629 2810; x_wconf 94' lang='lat' dir='ltr'><strong>sit</strong></span> <span class='ocrx_word' id='word_1_135' title='bbox 1647 2764 1726 2837; x_wconf 86' lang='lat' dir='ltr'><strong>pre-</strong></span> 
     </span>
     <span class='ocr_line' id='line_1_18' title="bbox 307 2861 1725 2974; baseline 0.004 -39"><span class='ocrx_word' id='word_1_136' title='bbox 307 2861 476 2938; x_wconf 90' lang='lat' dir='ltr'><strong>sentibus</strong></span> <span class='ocrx_word' id='word_1_137' title='bbox 496 2865 751 2958; x_wconf 85' lang='lat' dir='ltr'><strong>manifestum‚</strong></span> <span class='ocrx_word' id='word_1_138' title='bbox 773 2867 877 2973; x_wconf 91' lang='lat' dir='ltr'><strong>quod</strong></span> <span class='ocrx_word' id='word_1_139' title='bbox 896 2885 1050 2974; x_wconf 89' lang='lat' dir='ltr'><strong>propter</strong></span> <span class='ocrx_word' id='word_1_140' title='bbox 1069 2865 1298 2943; x_wconf 90' lang='lat' dir='ltr'><strong>debilitatem</strong></span> <span class='ocrx_word' id='word_1_141' title='bbox 1313 2890 1471 2967; x_wconf 91' lang='lat' dir='ltr'><strong>persone</strong></span> <span class='ocrx_word' id='word_1_142' title='bbox 1487 2890 1588 2948; x_wconf 90' lang='lat' dir='ltr'><strong>mee,</strong></span> <span class='ocrx_word' id='word_1_143' title='bbox 1606 2892 1650 2939; x_wconf 82' lang='lat' dir='ltr'><strong>ex</strong></span> <span class='ocrx_word' id='word_1_144' title='bbox 1669 2866 1725 2940; x_wconf 93' lang='lat' dir='ltr'><strong>in-</strong></span> 
     </span>
     <span class='ocr_line' id='line_1_19' title="bbox 309 2988 1723 3101; baseline 0.006 -39"><span class='ocrx_word' id='word_1_145' title='bbox 309 2988 483 3067; x_wconf 87' lang='lat' dir='ltr'><strong>firmitate</strong></span> <span class='ocrx_word' id='word_1_146' title='bbox 504 3021 545 3067; x_wconf 92' lang='lat' dir='ltr'><strong>ac</strong></span> <span class='ocrx_word' id='word_1_147' title='bbox 566 2995 738 3071; x_wconf 89' lang='lat' dir='ltr'><strong>discrasia</strong></span> <span class='ocrx_word' id='word_1_148' title='bbox 757 2998 923 3100; x_wconf 89' lang='lat' dir='ltr'><strong>corporis</strong></span> <span class='ocrx_word' id='word_1_149' title='bbox 942 2994 1224 3101; x_wconf 90' lang='lat' dir='ltr'><strong>procedentem,</strong></span> <span class='ocrx_word' id='word_1_150' title='bbox 1247 2992 1320 3067; x_wconf 90' lang='lat' dir='ltr'><strong>iter</strong></span> <span class='ocrx_word' id='word_1_151' title='bbox 1344 3008 1534 3097; x_wconf 91' lang='lat' dir='ltr'><strong>arreptum</strong></span> <span class='ocrx_word' id='word_1_152' title='bbox 1552 3008 1723 3096; x_wconf 90' lang='lat' dir='ltr'><strong>tempore</strong></span> 
     </span>
     <span class='ocr_line' id='line_1_20' title="bbox 308 3122 1723 3227; baseline 0.004 -34"><span class='ocrx_word' id='word_1_153' title='bbox 308 3124 533 3227; x_wconf 87' lang='lat' dir='ltr'><strong>competenti</strong></span> <span class='ocrx_word' id='word_1_154' title='bbox 561 3125 736 3200; x_wconf 80' lang='lat' dir='ltr'><strong>veniendi</strong></span> <span class='ocrx_word' id='word_1_155' title='bbox 761 3125 925 3202; x_wconf 89' lang='lat' dir='ltr'><strong>Parisius</strong></span> <span class='ocrx_word' id='word_1_156' title='bbox 954 3124 1170 3200; x_wconf 89' lang='lat' dir='ltr'><strong>continuare</strong></span> <span class='ocrx_word' id='word_1_157' title='bbox 1199 3148 1277 3197; x_wconf 88' lang='lat' dir='ltr'><strong>nun</strong></span> <span class='ocrx_word' id='word_1_158' title='bbox 1306 3123 1429 3227; x_wconf 92' lang='lat' dir='ltr'><strong>potui,</strong></span> <span class='ocrx_word' id='word_1_159' title='bbox 1460 3138 1504 3198; x_wconf 93' lang='lat' dir='ltr'><strong>ut</strong></span> <span class='ocrx_word' id='word_1_160' title='bbox 1531 3122 1723 3199; x_wconf 86' lang='lat' dir='ltr'><strong>vobiscum</strong></span> 
     </span>
     <span class='ocr_line' id='line_1_21' title="bbox 308 3248 1722 3359; baseline 0.004 -35"><span class='ocrx_word' id='word_1_161' title='bbox 308 3275 428 3326; x_wconf 89' lang='lat' dir='ltr'><strong>essem</strong></span> <span class='ocrx_word' id='word_1_162' title='bbox 446 3251 529 3329; x_wconf 91' lang='lat' dir='ltr'><strong>loco</strong></span> <span class='ocrx_word' id='word_1_163' title='bbox 549 3270 586 3329; x_wconf 91' lang='lat' dir='ltr'><strong>et</strong></span> <span class='ocrx_word' id='word_1_164' title='bbox 605 3254 665 3330; x_wconf 94' lang='lat' dir='ltr'><strong>die</strong></span> <span class='ocrx_word' id='word_1_165' title='bbox 682 3255 916 3331; x_wconf 90' lang='lat' dir='ltr'><strong>concorditer</strong></span> <span class='ocrx_word' id='word_1_166' title='bbox 936 3251 1125 3356; x_wconf 86' lang='lat' dir='ltr'><strong>assignatis</strong></span> <span class='ocrx_word' id='word_1_167' title='bbox 1145 3248 1192 3325; x_wconf 89' lang='lat' dir='ltr'><strong>ad</strong></span> <span class='ocrx_word' id='word_1_168' title='bbox 1211 3252 1496 3356; x_wconf 89' lang='lat' dir='ltr'><strong>procedendum</strong></span> <span class='ocrx_word' id='word_1_169' title='bbox 1511 3255 1551 3328; x_wconf 93' lang='lat' dir='ltr'><strong>in</strong></span> <span class='ocrx_word' id='word_1_170' title='bbox 1568 3256 1722 3359; x_wconf 90' lang='lat' dir='ltr'><strong>negocio</strong></span> 
     </span>
     <span class='ocr_line' id='line_1_22' title="bbox 305 3381 1724 3485; baseline 0.004 -31"><span class='ocrx_word' id='word_1_171' title='bbox 305 3381 505 3484; x_wconf 89' lang='lat' dir='ltr'><strong>prelibato,</strong></span> <span class='ocrx_word' id='word_1_172' title='bbox 528 3401 565 3458; x_wconf 90' lang='lat' dir='ltr'><strong>et</strong></span> <span class='ocrx_word' id='word_1_173' title='bbox 584 3384 721 3461; x_wconf 92' lang='lat' dir='ltr'><strong>idcirco</strong></span> <span class='ocrx_word' id='word_1_174' title='bbox 742 3384 878 3462; x_wconf 91' lang='lat' dir='ltr'><strong>habeat</strong></span> <span class='ocrx_word' id='word_1_175' title='bbox 896 3411 957 3458; x_wconf 92' lang='lat' dir='ltr'><strong>me</strong></span> <span class='ocrx_word' id='word_1_176' title='bbox 976 3397 1097 3456; x_wconf 87' lang='lat' dir='ltr'><strong>vestra</strong></span> <span class='ocrx_word' id='word_1_177' title='bbox 1115 3381 1316 3485; x_wconf 85' lang='lat' dir='ltr'><strong>paternitas</strong></span> <span class='ocrx_word' id='word_1_178' title='bbox 1334 3398 1372 3457; x_wconf 90' lang='lat' dir='ltr'><strong>et</strong></span> <span class='ocrx_word' id='word_1_179' title='bbox 1391 3382 1602 3460; x_wconf 88' lang='lat' dir='ltr'><strong>dominacio</strong></span> <span class='ocrx_word' id='word_1_180' title='bbox 1622 3410 1724 3459; x_wconf 86' lang='lat' dir='ltr'><strong>excu-</strong></span> 
     </span>
     <span class='ocr_line' id='line_1_23' title="bbox 306 3509 1721 3620; baseline 0.004 -35"><span class='ocrx_word' id='word_1_181' title='bbox 306 3528 443 3599; x_wconf 85' lang='lat' dir='ltr'><strong>satum,</strong></span> <span class='ocrx_word' id='word_1_182' title='bbox 471 3528 508 3589; x_wconf 93' lang='lat' dir='ltr'><strong>et</strong></span> <span class='ocrx_word' id='word_1_183' title='bbox 533 3514 673 3620; x_wconf 91' lang='lat' dir='ltr'><strong>inipso</strong></span> <span class='ocrx_word' id='word_1_184' title='bbox 698 3513 853 3617; x_wconf 91' lang='lat' dir='ltr'><strong>negocio</strong></span> <span class='ocrx_word' id='word_1_185' title='bbox 878 3510 1103 3616; x_wconf 88' lang='lat' dir='ltr'><strong>procedatis,</strong></span> <span class='ocrx_word' id='word_1_186' title='bbox 1129 3511 1205 3585; x_wconf 91' lang='lat' dir='ltr'><strong>mei</strong></span> <span class='ocrx_word' id='word_1_187' title='bbox 1230 3509 1400 3587; x_wconf 89' lang='lat' dir='ltr'><strong>absencia</strong></span> <span class='ocrx_word' id='word_1_188' title='bbox 1426 3539 1503 3588; x_wconf 87' lang='lat' dir='ltr'><strong>non</strong></span> <span class='ocrx_word' id='word_1_189' title='bbox 1535 3513 1721 3600; x_wconf 89' lang='lat' dir='ltr'><strong>obstante,</strong></span> 
     </span>
     <span class='ocr_line' id='line_1_24' title="bbox 305 3637 1724 3749; baseline 0.001 -34"><span class='ocrx_word' id='word_1_190' title='bbox 305 3641 463 3718; x_wconf 83' lang='lat' dir='ltr'><strong>scientes</strong></span> <span class='ocrx_word' id='word_1_191' title='bbox 482 3645 602 3749; x_wconf 91' lang='lat' dir='ltr'><strong>quod,</strong></span> <span class='ocrx_word' id='word_1_192' title='bbox 626 3643 801 3720; x_wconf 89' lang='lat' dir='ltr'><strong>resumtis</strong></span> <span class='ocrx_word' id='word_1_193' title='bbox 820 3639 976 3729; x_wconf 85' lang='lat' dir='ltr'><strong>viribus,</strong></span> <span class='ocrx_word' id='word_1_194' title='bbox 1000 3637 1082 3715; x_wconf 85' lang='lat' dir='ltr'><strong>Deo</strong></span> <span class='ocrx_word' id='word_1_195' title='bbox 1102 3639 1287 3744; x_wconf 86' lang='lat' dir='ltr'><strong>propicio,</strong></span> <span class='ocrx_word' id='word_1_196' title='bbox 1308 3640 1356 3715; x_wconf 95' lang='lat' dir='ltr'><strong>ad</strong></span> <span class='ocrx_word' id='word_1_197' title='bbox 1375 3668 1440 3716; x_wconf 87' lang='lat' dir='ltr'><strong>vos</strong></span> <span class='ocrx_word' id='word_1_198' title='bbox 1458 3643 1620 3727; x_wconf 85' lang='lat' dir='ltr'><strong>veniam,</strong></span> <span class='ocrx_word' id='word_1_199' title='bbox 1642 3670 1724 3717; x_wconf 90' lang='lat' dir='ltr'><strong>con-</strong></span> 
     </span>
     <span class='ocr_line' id='line_1_25' title="bbox 304 3768 1722 3878; baseline 0 -32"><span class='ocrx_word' id='word_1_200' title='bbox 304 3771 457 3850; x_wconf 89' lang='lat' dir='ltr'><strong>tinuatis</strong></span> <span class='ocrx_word' id='word_1_201' title='bbox 472 3773 581 3851; x_wconf 89' lang='lat' dir='ltr'><strong>dictis</strong></span> <span class='ocrx_word' id='word_1_202' title='bbox 593 3789 639 3849; x_wconf 88' lang='lat' dir='ltr'><strong>et</strong></span> <span class='ocrx_word' id='word_1_203' title='bbox 652 3770 857 3878; x_wconf 84' lang='lat' dir='ltr'><strong>gressibus,</strong></span> <span class='ocrx_word' id='word_1_204' title='bbox 880 3768 1028 3846; x_wconf 79' lang='lat' dir='ltr'><strong>Christo</strong></span> <span class='ocrx_word' id='word_1_205' title='bbox 1051 3769 1163 3854; x_wconf 93' lang='lat' dir='ltr'><strong>duce,</strong></span> <span class='ocrx_word' id='word_1_206' title='bbox 1180 3796 1256 3845; x_wconf 93' lang='lat' dir='ltr'><strong>una</strong></span> <span class='ocrx_word' id='word_1_207' title='bbox 1268 3768 1480 3857; x_wconf 88' lang='lat' dir='ltr'><strong>vobiscum,</strong></span> <span class='ocrx_word' id='word_1_208' title='bbox 1492 3772 1597 3876; x_wconf 84' lang='lat' dir='ltr'><strong>juxta</strong></span> <span class='ocrx_word' id='word_1_209' title='bbox 1616 3799 1722 3846; x_wconf 89' lang='lat' dir='ltr'><strong>man-</strong></span> 
     </span>
     <span class='ocr_line' id='line_1_26' title="bbox 306 3897 1723 4010; baseline 0.001 -34"><span class='ocrx_word' id='word_1_210' title='bbox 306 3901 435 3979; x_wconf 90' lang='lat' dir='ltr'><strong>datum</strong></span> <span class='ocrx_word' id='word_1_211' title='bbox 460 3902 704 4010; x_wconf 91' lang='lat' dir='ltr'><strong>apostolicum</strong></span> <span class='ocrx_word' id='word_1_212' title='bbox 728 3897 834 3975; x_wconf 84' lang='lat' dir='ltr'><strong>vobis</strong></span> <span class='ocrx_word' id='word_1_213' title='bbox 857 3913 895 3974; x_wconf 92' lang='lat' dir='ltr'><strong>et</strong></span> <span class='ocrx_word' id='word_1_214' title='bbox 918 3897 1012 3973; x_wconf 90' lang='lat' dir='ltr'><strong>mihi</strong></span> <span class='ocrx_word' id='word_1_215' title='bbox 1037 3897 1266 4004; x_wconf 87' lang='lat' dir='ltr'><strong>injunctum,</strong></span> <span class='ocrx_word' id='word_1_216' title='bbox 1290 3915 1475 4004; x_wconf 88' lang='lat' dir='ltr'><strong>quantum</strong></span> <span class='ocrx_word' id='word_1_217' title='bbox 1502 3900 1625 3975; x_wconf 86' lang='lat' dir='ltr'><strong>divina</strong></span> <span class='ocrx_word' id='word_1_218' title='bbox 1649 3899 1723 3978; x_wconf 89' lang='lat' dir='ltr'><strong>cle-</strong></span> 
     </span>
     <span class='ocr_line' id='line_1_27' title="bbox 306 4027 1721 4135; baseline 0.003 -34"><span class='ocrx_word' id='word_1_219' title='bbox 306 4034 447 4108; x_wconf 85' lang='lat' dir='ltr'><strong>mencia</strong></span> <span class='ocrx_word' id='word_1_220' title='bbox 462 4030 703 4118; x_wconf 89' lang='lat' dir='ltr'><strong>condonabit,</strong></span> <span class='ocrx_word' id='word_1_221' title='bbox 720 4029 760 4104; x_wconf 92' lang='lat' dir='ltr'><strong>in</strong></span> <span class='ocrx_word' id='word_1_222' title='bbox 775 4028 856 4133; x_wconf 91' lang='lat' dir='ltr'><strong>ipso</strong></span> <span class='ocrx_word' id='word_1_223' title='bbox 871 4027 1027 4135; x_wconf 90' lang='lat' dir='ltr'><strong>negocio</strong></span> <span class='ocrx_word' id='word_1_224' title='bbox 1042 4055 1294 4133; x_wconf 89' lang='lat' dir='ltr'><strong>processurus.</strong></span> <span class='ocrx_word' id='word_1_225' title='bbox 1312 4029 1354 4105; x_wconf 96' lang='lat' dir='ltr'><strong>In</strong></span> <span class='ocrx_word' id='word_1_226' title='bbox 1370 4058 1534 4134; x_wconf 90' lang='lat' dir='ltr'><strong>quorum</strong></span> <span class='ocrx_word' id='word_1_227' title='bbox 1549 4031 1721 4107; x_wconf 89' lang='lat' dir='ltr'><strong>omniurn</strong></span> 
     </span>
     <span class='ocr_line' id='line_1_28' title="bbox 304 4157 1720 4269; baseline 0.004 -39"><span class='ocrx_word' id='word_1_228' title='bbox 304 4159 562 4238; x_wconf 89' lang='lat' dir='ltr'><strong>testimonium</strong></span> <span class='ocrx_word' id='word_1_229' title='bbox 585 4161 753 4269; x_wconf 90' lang='lat' dir='ltr'><strong>sigillum</strong></span> <span class='ocrx_word' id='word_1_230' title='bbox 771 4186 901 4237; x_wconf 92' lang='lat' dir='ltr'><strong>meum</strong></span> <span class='ocrx_word' id='word_1_231' title='bbox 917 4158 1005 4237; x_wconf 77' lang='lat' dir='ltr'><strong>duxi</strong></span> <span class='ocrx_word' id='word_1_232' title='bbox 1027 4159 1267 4265; x_wconf 89' lang='lat' dir='ltr'><strong>presentibus</strong></span> <span class='ocrx_word' id='word_1_233' title='bbox 1281 4158 1558 4265; x_wconf 89' lang='lat' dir='ltr'><strong>apponendum.</strong></span> <span class='ocrx_word' id='word_1_234' title='bbox 1579 4157 1720 4235; x_wconf 90' lang='lat' dir='ltr'><strong>Datum</strong></span> 
     </span>
     <span class='ocr_line' id='line_1_29' title="bbox 304 4285 1718 4399; baseline 0.001 -37"><span class='ocrx_word' id='word_1_235' title='bbox 304 4287 467 4364; x_wconf 87' lang='lat' dir='ltr'><strong>Beniassi</strong></span> <span class='ocrx_word' id='word_1_236' title='bbox 492 4316 605 4395; x_wconf 91' lang='lat' dir='ltr'><strong>super</strong></span> <span class='ocrx_word' id='word_1_237' title='bbox 618 4292 783 4399; x_wconf 85' lang='lat' dir='ltr'><strong>Ligerim</strong></span> <span class='ocrx_word' id='word_1_238' title='bbox 804 4289 949 4366; x_wconf 90' lang='lat' dir='ltr'><strong>decima</strong></span> <span class='ocrx_word' id='word_1_239' title='bbox 965 4290 1026 4366; x_wconf 92' lang='lat' dir='ltr'><strong>die</strong></span> <span class='ocrx_word' id='word_1_240' title='bbox 1042 4288 1181 4366; x_wconf 89' lang='lat' dir='ltr'><strong>mensis</strong></span> <span class='ocrx_word' id='word_1_241' title='bbox 1195 4287 1429 4372; x_wconf 81' lang='lat' dir='ltr'><strong>Novembris,</strong></span> <span class='ocrx_word' id='word_1_242' title='bbox 1452 4314 1548 4362; x_wconf 91' lang='lat' dir='ltr'><strong>anno</strong></span> <span class='ocrx_word' id='word_1_243' title='bbox 1563 4285 1718 4365; x_wconf 90' lang='lat' dir='ltr'><strong>Domini</strong></span> 
     </span>
     <span class='ocr_line' id='line_1_30' title="bbox 305 4429 575 4494; baseline 0.011 -3"><span class='ocrx_word' id='word_1_244' title='bbox 305 4429 346 4491; x_wconf 57' lang='grc' dir='ltr'><strong>ιθ</strong></span> <span class='ocrx_word' id='word_1_245' title='bbox 365 4431 444 4494; x_wconf 85' lang='lat' dir='ltr'><strong>ccc⁰</strong></span> <span class='ocrx_word' id='word_1_246' title='bbox 461 4444 575 4494; x_wconf 92' lang='lat' dir='ltr'><strong>nono.</strong></span> 
     </span>
    </p>
   </div>
   <div class='ocr_carea' id='block_1_4' title="bbox 308 4672 1718 4920">
    <p class='ocr_par' dir='ltr' id='par_1_5' title="bbox 308 4672 1718 4920">
     <span class='ocr_line' id='line_1_31' title="bbox 360 4672 1717 4784; baseline 0.005 -36"><span class='ocrx_word' id='word_1_247' title='bbox 360 4672 448 4748; x_wconf 88' lang='lat' dir='ltr'><strong>Acta</strong></span> <span class='ocrx_word' id='word_1_248' title='bbox 465 4673 620 4753; x_wconf 89' lang='lat' dir='ltr'><strong>fuerunt</strong></span> <span class='ocrx_word' id='word_1_249' title='bbox 639 4678 710 4753; x_wconf 90' lang='lat' dir='ltr'><strong>hec</strong></span> <span class='ocrx_word' id='word_1_250' title='bbox 729 4679 939 4783; x_wconf 88' lang='lat' dir='ltr'><strong>supradicta</strong></span> <span class='ocrx_word' id='word_1_251' title='bbox 962 4706 1031 4784; x_wconf 90' lang='lat' dir='ltr'><strong>per</strong></span> <span class='ocrx_word' id='word_1_252' title='bbox 1055 4683 1173 4761; x_wconf 86' lang='lat' dir='ltr'><strong>dictos</strong></span> <span class='ocrx_word' id='word_1_253' title='bbox 1193 4681 1367 4757; x_wconf 90' lang='lat' dir='ltr'><strong>dominos</strong></span> <span class='ocrx_word' id='word_1_254' title='bbox 1386 4680 1658 4757; x_wconf 87' lang='lat' dir='ltr'><strong>commissarios</strong></span> <span class='ocrx_word' id='word_1_255' title='bbox 1678 4681 1717 4755; x_wconf 93' lang='lat' dir='ltr'><strong>in</strong></span> 
     </span>
     <span class='ocr_line' id='line_1_32' title="bbox 308 4803 1718 4920; baseline 0.006 -43"><span class='ocrx_word' id='word_1_256' title='bbox 308 4803 516 4905; x_wconf 89' lang='lat' dir='ltr'><strong>supradicta</strong></span> <span class='ocrx_word' id='word_1_257' title='bbox 535 4803 618 4881; x_wconf 88' lang='lat' dir='ltr'><strong>aula</strong></span> <span class='ocrx_word' id='word_1_258' title='bbox 641 4805 856 4912; x_wconf 86' lang='lat' dir='ltr'><strong>episcopali,</strong></span> <span class='ocrx_word' id='word_1_259' title='bbox 877 4834 974 4887; x_wconf 83' lang='lat' dir='ltr'><strong>arrno</strong></span> <span class='ocrx_word' id='word_1_260' title='bbox 995 4828 1033 4888; x_wconf 92' lang='lat' dir='ltr'><strong>et</strong></span> <span class='ocrx_word' id='word_1_261' title='bbox 1054 4813 1115 4890; x_wconf 92' lang='lat' dir='ltr'><strong>die</strong></span> <span class='ocrx_word' id='word_1_262' title='bbox 1137 4811 1329 4920; x_wconf 82' lang='lat' dir='ltr'><strong>predictis,</strong></span> <span class='ocrx_word' id='word_1_263' title='bbox 1350 4809 1587 4917; x_wconf 86' lang='lat' dir='ltr'><strong>presentibus</strong></span> <span class='ocrx_word' id='word_1_264' title='bbox 1608 4835 1718 4886; x_wconf 85' lang='lat' dir='ltr'><strong>venc-</strong></span> 
     </span>
    </p>
   </div>
   <div class='ocr_carea' id='block_1_5' title="bbox 0 0 2044 6052">
    <p class='ocr_par' dir='ltr' id='par_1_6' title="bbox 0 0 2044 6052">
     <span class='ocr_line' id='line_1_33' title="bbox 0 0 2044 6052; baseline 0 4"><span class='ocrx_word' id='word_1_265' title='bbox 0 0 2044 6052; x_wconf 95' lang='lat' dir='ltr'><strong> </strong></span> 
     </span>
    </p>
   </div>
  </div>
 </body>
</html>
