4080 6052
308 547 382 623 tot
568 557 572 564 ·
693 528 1010 623 procusum
1036 541 1338 619 ruuruuuts.
1462 578 1475 605 ·

305 691 427 769 bonos
443 717 536 767 usus
553 703 591 764 et
606 687 724 768 bonas
739 688 1033 769 consuetudines
1049 688 1280 793 ordinisque
1297 703 1389 762 tunc
1405 698 1515 760 erant
1533 699 1574 762 et
1588 684 1628 760 in
1647 708 1731 791 pos·

305 840 433 899 terum
448 836 571 897 essent
583 848 740 912 servare,
754 839 794 899 et
810 836 951 899 secreta
964 818 1108 897 ordinis
1127 833 1166 895 et
1184 815 1435 924 capitulorum
1450 842 1531 893 non
1547 815 1728 904 revelare,

310 970 348 1029 et
367 954 532 1028 Romane
551 949 714 1030 Ecclesia
735 952 903 1031 obedire.
924 950 1170 1028 Postmodum
1191 949 1372 1055 imposuit
1390 965 1430 1024 et
1448 945 1638 1024 affublavit
1653 947 1726 1026 sibi

312 1081 553 1169 mantellum,
583 1099 621 1158 et
645 1083 724 1189 ipse
752 1100 791 1160 et·
814 1109 946 1159 omnes
969 1080 1101 1158 fratres
1124 1079 1191 1186 qui
1215 1078 1371 1156 aderaut
1395 1077 1556 1156 osculati
1577 1077 1728 1156 lucrum

311 1216 436 1320 ipsum
455 1229 591 1291 testem
614 1215 653 1291 iu
679 1242 756 1292 ore.
775 1212 1023 1291 Postmodum
1048 1212 1230 1288 sederunt
1250 1237 1381 1288 omnes
1402 1226 1440 1286 et
1460 1208 1543 1315 ipse
1560 1209 1663 1288 testis
1680 1206 1728 1284 ad

310 1345 428 1450 pedes
442 1343 626 1450 magistri,
643 1361 680 1420 et
695 1345 788 1421 dixit
807 1343 841 1419 ei
860 1342 981 1420 multa
998 1358 1138 1447 puncta
1152 1356 1309 1448 propter
1323 1367 1416 1446 que,
1432 1338 1649 1417 secundum
1661 1354 1729 1416 sta·

310 1490 392 1550 tuta
403 1472 558 1559 ordinis,
569 1490 716 1578 poterat
729 1473 888 1579 perdere
898 1472 1073 1549 ordinem
1083 1472 1142 1550 vel
1156 1470 1390 1560 mantellum,
1403 1486 1443 1546 et
1453 1469 1632 1546 instruxit
1645 1496 1730 1547 cum

311 1618 406 1710 quot
424 1604 537 1680 Peter
551 1619 667 1680 noster
679 1602 843 1682 debebat
864 1603 988 1680 dicere
1007 1631 1076 1708 pro
1095 1602 1252 1712 singulis
1268 1601 1390 1694 horis3
1407 1617 1448 1677 et
1463 1598 1537 1678 hoc
1551 1597 1662 1687 lacto,
1679 1626 1731 1676 m·

312 1733 422 1809 cessit
440 1732 561 1809 dictus
581 1735 768 1840 magister,
788 1751 826 1811 et
841 1733 1001 1839 predicti
1020 1747 1103 1810 11110‘
1116 1733 1248 1810 fratres
1262 1732 1328 1838 qui
1349 1729 1504 1808 aderant
1519 1727 1728 1834 recepcioni

313 1862 606 1940 introduxerunt
614 1865 741 1970 ipsum
751 1881 887 1941 testem
900 1864 939 1938 in
953 1861 1157 1970 quamdam
1172 1879 1358 1940 cameram
1372 1860 1623 1967 propinquam
1633 1856 1729 1935 dicte

316 1992 412 2083 aule,
431 1993 642 2085 obscuram,
657 2010 695 2069 et
707 1993 923 2071 clauserunt
940 2021 1033 2083 eam,
1052 2007 1091 2070 et
1105 1994 1228 2071 dictus
1242 1992 1357 2070 frater
1370 1990 1601 2070 Guillclmus
1613 1989 1662 2066 de
1669 1989 1732 2067 Fo

315 2121 513 2226 lhaquerio
531 2121 624 2198 dixit
638 2122 671 2198 ei
687 2123 808 2226 quod,
827 2150 871 2198 ex
887 2150 964 2229 quo
976 2121 1095 2200 lactus
1106 2139 1185 2199 erat
1199 2106 1313 2199 frater
1328 2120 1439 2197 miles
1450 2119 1618 2226 Templi,
1631 2145 1733 2226 opor=

315 2251 419 2329 tebat
433 2252 538 2356 quod
553 2250 754 2360 abnegaret
768 2252 911 2344 Deum;
930 2269 968 2328 et
984 2252 1066 2358 ipse
1081 2251 1277 2359 respondit
1290 2250 1396 2357 quod
1411 2250 1486 2327 boc
1500 2249 1732 2328 nullomodo

316 2381 472 2470 faceret,
494 2380 612 2457 immo
632 2380 827 2473 clamaret,
849 2381 938 2487 quia
955 2381 996 2459 in
1012 2381 1142 2459 seculo
1157 2380 1319 2458 existens
1332 2378 1504 2458 ludendo
1520 2378 1734 2487 frequenter

317 2510 561 2616 abnegaverat
571 2511 707 2600 Deum,
720 2513 775 2589 ira
785 2530 998 2591 commotus
1010 2513 1162 2620 quando
1168 2510 1361 2618 perdebat,
1373 2537 1453 2587 nou
1467 2526 1599 2587 tamen
1616 2511 1732 2589 auimo

316 2640 440 2745 ipsum
461 2639 689 2748 abnegandi,
710 2658 747 2717 et
766 2643 814 2719 de
831 2642 989 2720 consilio
1008 2642 1230 2721 confessoris
1247 2642 1308 2719 sui
1321 2640 1460 2718 ludum
1479 2639 1675 2719 dimiserat
1690 2667 1734 2718 nc

318 2769 518 2876 abnegaret
540 2771 682 2862 Deum,
705 2800 774 2848 nec
792 2791 947 2850 venerat
972 2774 1020 2849 ad
1039 2773 1183 2849 dictum
1209 2772 1383 2850 ordinem
1409 2787 1455 2848 ut
1477 2771 1603 2851 Deum
1624 2770 1732 2848 abue-

317 2915 432 3006 garet.
449 2900 548 2978 Cum
562 2917 688 2979 autem
704 2903 866 2980 exterius
880 2919 1004 2979 esseut
1016 2902 1140 2979 dictus
1153 2902 1456 3008 archiepiscopus
1463 2900 1730 2990 narianensis,

320 3028 385 3134 qui
406 3055 507 3103 nunc
533 3047 603 3119 est,
636 3047 675 3106 et
699 3033 952 3111 seneschallus
972 3049 1010 3110 et
1032 3033 1205 3141 Vigerius
1230 3032 1469 3110 Tholosanus
1496 3049 1535 3109 et
1563 3030 1733 3110 domiuus

320 3158 431 3261 Hugo
452 3157 499 3232 de
524 3157 727 3265 Arpajone‚
749 3164 815 3267 qui
841 3162 979 3240 fecerat
1004 3164 1129 3270 ipsum
1147 3181 1281 3240 testem
1307 3162 1491 3253 militem,
1510 3163 1590 3240 duo
1609 3161 1735 3241 fratres

321 3285 437 3391 ipsius
453 3288 558 3364 tostis
580 3306 617 3364 et
637 3290 699 3366 alii
719 3291 867 3369 nobiles
886 3293 1014 3383 multi,
1028 3311 1225 3400 preceptor
1246 3293 1343 3370 dicte
1366 3295 1503 3371 domus
1521 3292 1617 3371 dixit
1635 3292 1733 3372 aliis:
1749 3299 1751 3302 ’

214 3492 217 3499 ,
317 3416 544 3494 Dimitamus
557 3448 663 3509 eum;
679 3438 715 3496 et
727 3422 778 3497 ita
789 3423 981 3513 timentes,
1000 3425 1135 3517 credit,
1152 3425 1257 3531 quod
1277 3426 1356 3530 ipse
1377 3423 1548 3499 clamaret
1568 3440 1607 3498 et
1625 3423 1732 3498 audi·

317 3564 433 3635 retur,
455 3575 532 3624 non
550 3552 816 3656 compulerunt
834 3584 922 3631 eum
939 3557 986 3632 ad
1002 3556 1282 3664 abnegandum,
1299 3555 1366 3632 sed
1380 3553 1543 3629 lecerunt
1557 3578 1647 3627 eum
1663 3550 1729 3658 ju·

317 3707 398 3755 rare
415 3707 527 3785 super
544 3681 686 3758 dictum
698 3682 840 3760 librum
856 3686 976 3791 quod,
993 3686 1023 3761 si
1038 3703 1231 3792 peteretur
1247 3685 1293 3762 ab
1308 3714 1353 3762 eo
1366 3714 1387 3761 a
1399 3682 1572 3761 fratribus
1588 3681 1730 3761 ordinis

317 3838 363 3886 au
394 3808 612 3919 abnegasset
638 3812 779 3902 Deum,
802 3817 1047 3921 responderet
1070 3817 1175 3922 quod
1199 3816 1262 3893 sic.
1288 3817 1378 3892 Post
1397 3842 1471 3921 que
1500 3813 1624 3891 dictus
1649 3841 1733 3919 pre·

317 3959 445 4047 ceptor
461 3943 597 4019 domus
618 3945 771 4021 extraxit
789 3946 993 4051 quamdam
1011 3975 1161 4023 crucem
1177 3944 1356 4054 ligneam,
1371 3945 1409 4020 in
1426 3972 1500 4050 qua
1519 3972 1598 4020 uon
1616 3970 1731 4020 recor·

317 4072 427 4149 datur
458 4101 497 4148 se
526 4073 661 4151 vidisse
693 4075 856 4181 aliquam
884 4077 1089 4182 picturam,
1116 4105 1230 4183 quam
1256 4075 1430 4182 portabat
1459 4075 1596 4152 subtus
1618 4091 1729 4152 vestes

315 4231 416 4291 suas,
434 4221 471 4279 et
489 4206 656 4311 precepit
670 4205 704 4281 ei
718 4207 822 4311 quod
835 4225 988 4312 spueret
1004 4237 1118 4313 super
1136 4237 1234 4300 eam,
1251 4226 1288 4284 et
1308 4209 1386 4312 ipse
1407 4207 1511 4313 spuit
1530 4234 1609 4283 non
1624 4231 1728 4312 super

313 4333 381 4408 sed
395 4333 516 4450 jfluxta3
532 4352 569 4410 et
587 4336 763 4413 dixerunt
778 4338 882 4442 quod
901 4339 972 4415 hec
988 4356 1092 4415 erant
1105 4357 1245 4416 secreta
1258 4338 1413 4415 ordinis.
1427 4335 1544 4415 Aliud
1559 4336 1724 4416 illicitum

311 4465 438 4568 quoad
458 4465 599 4554 oscula,
622 4467 764 4542 crimen
788 4467 1056 4545 sodomiticum
1074 4468 1133 4545 vel
1158 4469 1230 4546 alia
1253 4496 1511 4575 quecumque,
1538 4463 1724 4575 respoudit

310 4620 388 4669 non
408 4594 618 4672 interfuisse
640 4597 678 4672 iu
699 4598 917 4703 recepcione
937 4629 1004 4677 sua
1023 4599 1201 4705 predicta.
1221 4600 1331 4706 Item,
1355 4598 1448 4676 dixit
1466 4598 1591 4705 quod,
1612 4595 1721 4674 uibus

311 4722 419 4796 annis
442 4721 502 4797 vel
529 4725 622 4799 circa
647 4726 780 4833 elapsis
806 4747 891 4833 post
921 4731 1180 4837 recepcionem
1205 4757 1327 4822 suam,
1355 4729 1428 4806 suit
1461 4727 1654 4807 coufessus
1679 4724 1718 4802 de

308 4848 486 4955 predictis
507 4849 608 4928 fratri
634 4857 851 4963 Raymondo
875 4860 1021 4966 Rigaldi
1042 4862 1089 4939 de
1107 4862 1238 4940 ordine
1256 4860 1415 4937 fratrum
1430 4859 1642 4949 Miuorum,
1656 4880 1719 4935 tut·
