4080 6052
481 536 676 629 r-aoets
694 556 796 629 uss
822 555 1119 631 'renectere
1436 562 1510 633 ser
1581 558 1586 565 ·

99 696 337 782 deliberaret,
356 695 446 800 quia
462 695 641 802 grandem
660 695 924 800 remnpetebat,
941 715 979 773 et
997 714 1189 804 oporteret
1204 726 1291 773 eum
1309 727 1331 773 a
1348 728 1388 776 se
1404 700 1510 778 abdi-

98 856 179 904 cere
193 827 382 932 propriam
406 825 649 914 voluntatem,
679 843 717 903 et
739 825 972 930 mults-dura
994 847 1032 906 et
1047 858 1175 937 aspera
1194 828 1394 920 sustinere,
1418 829 1512 908 lina-

104 958 201 1046 liter,
230 956 366 1035 eodem
384 974 479 1034 teste
502 958 681 1047 instante,
706 957 861 1063 prestito
892 960 994 1064 prius
1018 988 1084 1065 per
1107 961 1365 1068 juramentum
1388 961 1434 1038 ab
1463 991 1511 1039 eo

101 1088 207 1198 quod
224 1116 312 1183 ‚non
338 1104 415 1163 erat
439 1087 579 1165 servilis
609 1087 859 1180 condicionis,
886 1091 1248 1179 excommunicatus,
1280 1091 1418 1169 debitis
1437 1120 1511 1198 que
1558 1142 1563 1147 -

68 1240 70 1244 “
98 1216 240 1294 solvere
270 1244 344 1294 non
363 1218 639 1322 posset,¹=alteri
670 1218 842 1325 religioni
859 1219 918 1296 vel
935 1222 1182 1298 matrimonio
1207 1221 1411 1330 obligatus,
1440 1251 1510 1299 nec

98 1348 259 1426 babebat
287 1346 541 1425 infirmitatem
563 1348 774 1438 latentem,¹
796 1349 884 1426 lecit
914 1378 1003 1426 eum
1024 1379 1173 1440 verere,
1195 1370 1233 1428 et
1247 1353 1375 1457 jurare
1394 1353 1509 1428 casti

96 1498 228 1567 tatem,
245 1481 365 1556 vivere
381 1481 462 1556 sine
483 1480 651 1585 proprio;
664 1497 711 1557 et
722 1480 828 1586 quod
848 1480 1022 1557 obediret
1031 1481 1212 1557 omnibus
1229 1484 1414 1559 mandatis
1432 1483 1510 1561 suis

100 1629 136 1687 et
152 1611 388 1716 superiorum
406 1625 799 1713 queprepouerentur
810 1607 957 1698 ,eidemr
974 1611 1221 1715 postmodnm
1241 1612 1420 1718 imposuit
1433 1612 1509 1689 ¹sibi

97 1741 331 1818 mantellum.
363 1741 493 1816 Postea
508 1740 628 1817 'duxit
654 1764 766 1829 eum,
788 1740 1146 1816 absentibusdibtis
1165 1742 1321 1818 duobus·
1332 1741 1511 1819 ¹fratribus

98 1873 163 1975 qui
185 1870 404 1957 adfuerant,
433 1870 480 1944 ad
510 1896 714 1954 cameram,
737 1884 786 1944 ut
800 1868 977 1945 indueret
999 1886 1119 1973 vestes
1143 1869 1307 1960 ordinis,
1329 1869 1512 1948 ert-clauso

97 2003 208 2087 ostio,
234 1999 400 2104 precepit
424 2000 463 2074 ei
486 1997 591 2102 quod
618 1996 825 2106 abnegaret·
835 1998 978 2086 Deum3
999 2017 1036 2075 et
1055 2001 1243 2106 cornipes
1258 2001 1511 2107 respondisset

99 2132 203 2236 quod
229 2132 301 2206 hoc
317 2157 399 2205 mon
419 2127 559 2205 laceret
583 2126 710 2232 aliquo
734 2128 867 2218 modo,
893 2129 1058 2234 precepit
1083 2130 1209 2207 eidem
1235 2130 1340 2235 quod
1360 2151 1512 2236 spueret

97 2290 210 2365 super
231 2261 434 2365 quamdam
457 2287 604 2365 perram
638 2287 785 2335 crucem
812 2259 976 2367 ligneam
1004 2260 1163 2337 ablatsrr'r
1189 2260 1236 2336 de
1269 2262 1439 2352 ecclesia,
1470 2266 1510 2339 in

96 2421 169 2499 qua
186 2392 329 2469 nullam
344 2390 439 2466 vidit
454 2389 656 2496 imaginem
676 2387 868 2477 Crucifixi3
886 2407 924 2467 et
932 2389 1014 2495 ipso
1031 2408 1125 2468 teate
1141 2390 1391 2498 respondente
1406 2398 1510 2499 quod

100 2553 176 2600 non
206 2522 359 2609 laceret,
391 2520 558 2625 precepit
590 2520 624 2595 ei
648 2506 763 2627 'quod
797 2550 884 2597 eum
916 2519 1150 2598 oscularetur
1171 2523 1210 2596 in
1236 2550 1329 2612 sno;
1353 2551 1430 2628 quo
1453 2554 1512 2602 re-

103 2654 310 2758 spondente
332 2652 437 2756 quod
458 2651 530 2727 boc
548 2677 632 2726 non
649 2649 802 2739 laceret,
825 2651 971 2726 diriter
990 2650 1094 2757 quod
1108 2653 1187 2729 ‘hoc
1203 2653 1403 2758 oportebat
1424 2684 1512 2731 eum

98 2785 215 2860 lacere
237 2782 381 2890 aliquid
396 2781 661 2887 err-predictia3
683 2798 722 2858 et
739 2797 834 2859 tune
854 2781 934 2886 ipse
957 2782 1062 2859 testis
1084 2783 1185 2888 spuit
1207 2811 1284 2861 non
1311 2813 1422 2891 supra
1446 2784 1513 2862 sed

91 2917 194 3021 juxta
220 2915 356 2990 dictam
377 2939 546 2990 crucem.
574 2913 686 2999 Item,
716 2912 809 2988 dixit
834 2912 879 3001 ei,
908 2913 1006 2988 inter
1021 2912 1112 2990 alias
1132 2914 1397 2993 instructiones
1420 2944 1513 3022 quas

99 3045 258 3121 faciebat
283 3045 332 3120 de*
356 3043 506 3147 punctis
533 3042 697 3129 ordinis,
718 3040 825 3149 quod
851 3071 930 3118 non
950 3044 1143 3121 accederet
1160 3047 1208 3121 ad
1231 3045 1410 3124 mulieres
1431 3074 1512 3123 sus-

96 3193 242 3280 pectas,
270 3173 358 3277 quia
384 3174 412 3247 si
440 3173 740 3250 committeretur
759 3202 827 3279 per
845 3172 975 3251 fratres
992 3176 1167 3278 perderet
1182 3174 1374 3268 babitum3
1394 3178 1463 3254 sed
1482 3178 1510 3255 si

98 3307 332 3411 contingeret
353 3332 441 3380 eum
459 3305 530 3394 ire,
551 3303 624 3379 iret
642 3303 820 3395 itavcaute
838 3305 1158 3409 quod-nescirent,
1173 3306 1263 3411 quia
1277 3307 1512 3413 inreligiosis

97 3454 176 3512 erat
197 3435 345 3540 turpius
365 3435 470 3539 quod
488 3435 589 3510 irent
605 3433 729 3539 palem
749 3433 798 3510 sd
819 3435 936 3511 dictes
951 3434 1135 3512 mulieres
1152 3462 1265 3542 quam
1287 3436 1326 3511 in
1341 3437 1440 3514 ¹aliis.
1456 3440 1514 3516 De

99 3568 181 3643 aliis
202 3566 413 3642 inhonestis
437 3594 514 3641 non
541 3563 616 3640 luit
637 3536 787 3641 lircutus
808 3566 953 3650 eidem,
983 3592 1053 3639 noc
1072 3565 1141 3640 scit
1159 3592 1228 3641 nec
1248 3566 1392 3642 audivit
1407 3564 1513 3673 quod

101 3699 199 3773 dicta
214 3696 343 3770 illicita
362 3696 422 3770 vel
440 3695 510 3770 alia
530 3694 798 3768 intervenirent
815 3694 855 3769 in
871 3694 1155 3797 recepcionibus
1170 3694 1329 3772 aliorum
1343 3696 1401 3774 vel
1416 3715 1512 3804 pust,

98 3855 167 3903 nec
180 3826 249 3900 scit
266 3824 372 3929 quod
390 3848 502 3927 super
516 3822 591 3897 hoc
604 3821 794 3912 credebat,
809 3839 861 3898 ut
872 3822 977 3900 dixit.
1109 3864 1112 3869 ν

154 3960 264 4047 Item,
292 3952 513 4061 dicitquod
536 3952 634 4029 bene
657 3951 836 4030 ¹credebat
872 3953 1403 4048 ecclesiasticissacrementis,
1433 3986 1514 4036 cre-

102 4090 197 4164 dens
209 4087 315 4194 quod
331 4085 393 4163 alii
406 4085 538 4163 fratres
553 4084 688 4160 eodem
702 4058 820 4160 rirodo
839 4085 1056 4181 crederent,
1071 4103 1109 4162 et
1126 4086 1232 4191 qnod
1244 4114 1377 4165 eorum
1401 4118 1516 4167 secer·

104 4221 212 4296 dotes
233 4218 360 4295 debite
378 4217 631 4307 celebrarent3
650 4243 720 4292 nec
734 4216 819 4304 scit,
836 4244 906 4292 nec
926 4217 1060 4305 credit,
1079 4246 1150 4294 nec
1165 4218 1306 4296 audivit
1324 4219 1397 4298 dici
1411 4222 1516 4328 quod

101 4377 233 4426 eorum
256 4349 340 4425 laici
353 4347 602 4425 ,absolverent
623 4346 682 4423 vel
702 4345 1064 4452 possent-absolvere
1088 4377 1109 4425 a
1129 4351 1306 4453 peccatis,
1323 4379 1394 4429 nec
1412 4354 1517 4459 quod

100 4480 234 4557 fierent
255 4479 389 4556 oscula
407 4479 623 4567 inhoneste,
652 4504 722 4555 nec
750 4477 857 4584 quod
890 4494 1149 4584 perpetrarent
1177 4472 1318 4558 criinen
1353 4484 1519 4560 sodomi·

101 4613 235 4696 ticum,
259 4639 329 4687 nec
353 4610 459 4715 quod
488 4609 672 4685 baberent
702 4609 832 4715 ydola,
866 4637 936 4686 nec
963 4611 1068 4714 quod
1095 4610 1249 4688 cordule
1276 4615 1517 4720 curn‘quibus

101 4741 348 4848 cingebantur
370 4757 569 4847 tangerent
590 4740 708 4845 capita
727 4739 941 4847 ydolorum.
962 4741 1113 4818 Dictum
1135 4759 1190 4819 est
1209 4743 1243 4819 ei
1269 4745 1374 4851 quod
1390 4747 1515 4826 statim

101 4901 171 4979 pro
192 4871 366 4978 professo
379 4871 616 4948 bebebaturr
638 4871 880 4950 Clandestine
908 4871 1199 4978 recipiebannrr,
1224 4900 1271 4952 ex·
1285 4904 1370 4982 -quo
1397 4864 1517 4954 credit

1338 5019 1385 5095 74.
