4080 6052
466 514 662 607 eneces
689 531 784 605 nus
809 533 1111 608 reuertens.
1424 538 1497 614 tro

86 707 133 781 ex·
158 677 334 756 iratribus
363 675 506 753 ordinis
538 675 736 752 crederent
765 673 871 781 quod
895 673 984 751 dicti
1009 674 1092 752 laici
1118 674 1308 752 absolvere
1331 697 1495 781 possent.

82 810 295 915 Requisitus
314 806 381 883 ubi
405 823 443 883 et
462 806 614 912 qnando
636 805 826 883 audiverat
844 805 1010 911 predicta
1032 805 1169 883 adicto
1189 804 1300 881 fratre
1319 805 1429 912 Hugo
1450 809 1496 884 de

80 937 254 1027 Peraldo,
271 935 468 1045 respondit
487 935 592 1042 quod
610 953 699 1014 sunt
716 935 885 1042 quinque
900 936 960 1013 vel
980 965 1042 1014 sex
1059 936 1144 1012 anni
1164 934 1266 1041 apud
1280 933 1495 1026 Belvacum,

79 1067 118 1143 in
135 1068 250 1144 domo
268 1095 418 1154 eornm,
434 1067 481 1143 de
499 1065 738 1171 presentibus
752 1094 830 1143 non
846 1066 1081 1156 recordatum
1098 1066 1222 1146 statim
1240 1091 1309 1171 pro
1322 1066 1497 1172 professis

79 1197 330 1289 habebantur,
352 1197 516 1274 sednon
536 1196 674 1304 juravit
701 1224 779 1273 non
805 1196 903 1273 exire
925 1196 1121 1291 ordinem;
1143 1194 1384 1303 clamdestine
1402 1198 1498 1275 reci-

78 1327 290 1432 piebantur,
313 1356 355 1404 ex
380 1354 456 1433 quo
478 1345 557 1403 erat
575 1327 737 1432 suspicio
765 1342 892 1402 contra
909 1326 1100 1415 ordinem3
1124 1326 1163 1401 in
1183 1325 1403 1430 recepcione
1429 1356 1495 1405 sua

79 1458 245 1562 precepit
265 1458 299 1534 ei
320 1457 441 1534 dictus
464 1458 720 1534 thesaurarius
741 1456 846 1562 quod
865 1483 934 1561 pro
958 1456 1167 1561 penitencia
1188 1456 1401 1563 cingeretur
1419 1486 1493 1534 una

79 1586 234 1663 cordula
252 1615 365 1692 super
384 1586 588 1677 camisiam,
611 1583 698 1661 cum
724 1613 798 1691 qua
813 1585 937 1691 jacere
960 1584 1138 1674 debebat,
1159 1585 1278 1661 credit
1302 1585 1407 1690 quod
1428 1589 1492 1694 qni

78 1716 260 1794 noluisset
276 1715 395 1793 facere
417 1716 515 1792 dicta
528 1714 671 1808 illicita,
686 1715 745 1792 vel
759 1743 801 1793 ea
812 1715 1026 1802 revelasset,
1041 1715 1174 1792 luisset
1188 1714 1286 1792 male
1298 1732 1491 1806 tractatus,

77 1863 115 1923 et
133 1846 206 1922 hoc
226 1848 343 1923 eciam
364 1846 459 1923 dixit
477 1845 511 1921 ei
530 1845 652 1922 dictus
674 1845 928 1922 thesaurarius
947 1846 987 1919 in
1011 1871 1076 1920 sua
1095 1845 1331 1949 recepcione,
1354 1842 1495 1923 scilicet

78 1975 182 2081 quod
202 1976 232 2052 si
251 1976 452 2066 revelaret,
481 1992 577 2052 esset
595 1973 784 2080 perditus3
808 1973 992 2081 quamdiu
1013 1990 1184 2077 poterant
1207 1973 1347 2052 hahere
1376 2003 1494 2053 sacer-

80 2106 187 2181 dotes
206 2105 366 2193 ordinis,
387 2132 462 2180 non
485 2121 659 2209 poterant
679 2102 761 2180 aliis
780 2102 962 2180 confiteri.
985 2105 1071 2181 Post
1092 2103 1350 2210 recepcionem
1368 2133 1490 2193 suam,

78 2232 174 2309 inira
199 2251 283 2311 octo
294 2233 375 2310 dies
397 2233 469 2309 luit
495 2232 686 2311 consessus
704 2232 893 2339 predictos
916 2260 1064 2331 ⁸errores
1085 2233 1263 2320 Parisius,
1288 2234 1388 2340 apud
1411 2263 1493 2312 san-

79 2380 181 2440 ctum
197 2364 430 2444 Germanum
443 2363 490 2440 de
503 2363 635 2454 Pratis,
657 2362 759 2438 fratri
778 2362 956 2454 Johanui‚
977 2362 1084 2467 cnjus
1101 2390 1310 2468 cognomen
1329 2364 1491 2469 ignorat,

79 2495 126 2569 de
150 2493 281 2570 ordine
306 2493 464 2570 fratrum
485 2494 693 2581 Minorum,
718 2491 986 2598 penitenciario
1010 2509 1101 2568 tunc
1128 2490 1270 2568 domini
1300 2490 1490 2599 Symonis,

77 2623 269 2728 quondam
290 2594 555 2728 archiepiscopi
575 2621 817 2700 Bituricensis
830 2639 922 2698 tunc
937 2621 1148 2710 cardinalis,
1168 2620 1233 2727 qui
1254 2600 1417 2700 cardinal
1436 2625 1492 2701 in-

77 2754 220 2830 stiterat
239 2780 307 2860 pro
326 2754 544 2859 recepcione
565 2753 682 2858 ipsius
700 2753 820 2845 testis,
843 2769 881 2829 et
900 2752 1021 2829 dictus
1040 2751 1153 2828 lrater
1172 2752 1361 2831 lohannes
1378 2755 1493 2832 suasit

78 2884 111 2958 ei
131 2884 236 2989 quod
255 2883 372 2960 exiret
391 2882 580 2972 ordinem,
603 2888 641 2959 et'
667 2882 825 2961 absolvit
850 2911 938 2960 eum
958 2882 1130 2987 imposita
1153 2882 1362 2988 penitencia
1386 2887 1489 2989 quod

77 3041 152 3089 non
172 3030 337 3118 portaret
354 3040 497 3117 pannos
514 3012 634 3089 lineos
655 3014 702 3089 de
722 3013 866 3101 hienis,
889 3030 926 3089 et
945 3013 1050 3119 quod
1069 3013 1108 3088 in
1131 3012 1230 3089 dicto
1249 3012 1376 3090 bienio
1391 3012 1489 3121 jeju-

77 3159 183 3219 naret
199 3159 353 3248 propter
368 3143 579 3248 periculum
598 3141 703 3250 quod
722 3145 755 3222 ei
775 3162 920 3252 poterat
938 3145 1135 3238 inminere.
1155 3142 1391 3252 Negligentes
1410 3144 1493 3223 iue-

76 3289 165 3347 runt
190 3273 277 3379 quia
303 3300 379 3351 non
407 3292 646 3352 correxerunt
672 3274 790 3353 dictos
818 3302 978 3362 errores,
1001 3302 1070 3351 nec
1096 3274 1414 3352 denunciaverunt
1430 3278 1492 3353 Ec-

76 3399 197 3477 clesie.
220 3400 457 3479 Sufficienter
488 3403 628 3481 [iebant
657 3402 861 3485 elemosine
882 3422 921 3482 et
939 3405 1171 3510 hospitalitas
1189 3406 1229 3480 in
1247 3404 1378 3480 multis
1401 3403 1492 3484 locis

77 3531 234 3621 ordinis,
266 3533 305 3608 in
335 3532 415 3610 eliis
442 3532 731 3624 insufficientem
761 3553 800 3613 et
827 3536 967 3615 audivit
994 3535 1066 3612 dici
1097 3534 1201 3641 quod
1228 3534 1350 3611 dictus
1378 3533 1490 3611 frater

75 3660 264 3739 Gerardus
284 3662 332 3740 de
351 3664 570 3754 Villarihus,
589 3683 680 3741 tunc
698 3667 863 3743 visitator
882 3667 1052 3754 Francie,
1070 3665 1216 3742 volebat
1235 3666 1338 3772 quod
1359 3664 1492 3743 elemo

76 3791 155 3865 sine
176 3793 489 3897 restringerentur
506 3794 546 3868 in
567 3794 711 3871 ordine.
732 3793 885 3871 Audivit
905 3795 978 3870 dici
1004 3795 1107 3900 quod
1135 3795 1308 3900 capitulia
1334 3795 1429 3872 clam
1455 3814 1492 3871 et

76 3919 276 4026 aliquando
295 3938 380 4025 post
398 3922 562 3997 mediam
582 3940 731 4000 noctem
750 3923 986 4013 tenebantur,
1009 3941 1047 4000 et
1073 3925 1177 4030 quod
1206 3924 1245 3999 in
1273 3924 1405 4003 ordine
1426 3923 1491 4002 de-

75 4050 190 4127 behat
208 4050 343 4127 servari
363 4052 467 4158 quod
486 4080 644 4158 magnus
663 4055 839 4161 Magister
858 4084 944 4131 cum
960 4071 1144 4131 conventu
1163 4053 1360 4132 statuebat.
1380 4052 1492 4134 Gran·

77 4179 135 4255 dia
166 4181 336 4258 scandala
372 4197 499 4258 contra
534 4181 705 4260 ordinem
734 4201 823 4260 sunt
850 4201 974 4261 exorta
1000 4200 1155 4290 propter
1183 4182 1246 4260 illa
1274 4184 1321 4261 de
1351 4184 1491 4292 quihus

77 4312 198 4415 agitur
217 4329 344 4389 contra
364 4313 501 4418 ipsum.
520 4311 674 4392 Audivit
693 4314 766 4392 dici
786 4343 966 4424 magnum
983 4316 1204 4423 Magistrum
1223 4332 1261 4391 et
1281 4315 1372 4394 alios
1392 4316 1490 4393 mul-

75 4456 134 4516 tos
155 4469 315 4535 errores,
335 4445 453 4521 nescit
471 4451 583 4550 quos,
606 4461 732 4520 contra
752 4444 924 4522 ordinem
944 4443 1059 4522 fuisse
1079 4445 1276 4523 confessos.

132 4571 346 4675 Requisitus
363 4575 393 4650 si
412 4574 463 4648 sic
480 4574 706 4679 deposuerat
719 4603 846 4681 prece,
857 4577 1212 4681 precepto,timore‚
1225 4603 1367 4669 amore,
1380 4576 1487 4669 odic,

76 4698 133 4773 vel
152 4702 350 4807 temporali
371 4703 529 4780 comodo
549 4703 678 4782 habito
692 4706 750 4783 vel
763 4705 958 4794 habendo,
977 4705 1172 4812 respondit
1184 4708 1289 4814 quod
1308 4734 1401 4799 non,
1421 4710 1487 4787 sed

74 4830 316 4934 proteritate
337 4833 510 4925 dicenda,
532 4835 592 4912 cui
617 4834 689 4912 luit
713 4837 924 4945 injunctum
953 4865 1021 4944 per
1047 4837 1174 4916 dictos
1192 4839 1367 4919 dominos
1387 4868 1488 4919 com-

166 4967 271 5030 rnocis
293 4989 344 5033 nas
365 4991 612 5033 rennuens—1.
1346 4980 1384 5058 57
