4080 6052
691 526 887 623 procis
913 548 1008 620 uns
1033 546 1334 623 scurnum.
1648 556 1720 627 577

307 692 402 769 ieret
427 694 523 770 benc
546 717 652 768 suam
678 689 958 796 deposicioncm
982 717 1182 797 quousque
1209 691 1467 771 attestuciones
1489 690 1631 769 fuerint
1653 722 1724 799 pu-

306 822 453 903 blicate.

360 1082 514 1161 Eisdem
535 1083 597 1160 die
619 1070 664 1160 et*
681 1083 786 1172 ioco,
806 1101 893 1190 post
914 1084 1232 1171 examinacionem
1249 1083 1337 1160 dicti
1357 1083 1481 1161 fratris
1500 1085 1539 1159 P.
1564 1084 1611 1160 de
1631 1085 1723 1161 Bos-

306 1216 473 1304 cberres,
485 1214 640 1291 suerunt
654 1215 806 1291 adducti
818 1216 866 1291 ad
878 1214 1111 1320 presenciam
1128 1214 1350 1291 corumdem
1363 1213 1606 1293 dominorum
1622 1242 1725 1290 com=

306 1346 650 1450 missariorum,pro
664 1345 823 1423 testibus
837 1346 876 1423 in
889 1346 959 1423 isto
971 1343 1279 1457 negoci0‚fratres
1286 1345 1414 1426 Guido
1424 1346 1603 1452 Delphini
1616 1347 1723 1422 miles

307 1476 637 1565 Claramontensis,
657 1473 804 1552 Addam
821 1477 869 1553 de
882 1470 1105 1554 Valamanut
1121 1474 1213 1552 oiim
1234 1493 1431 1583 preceptor
1452 1477 1499 1552 de
1519 1477 1722 1565 Hancuria,

306 1600 538 1698 Humbertus
568 1606 615 1682 de
641 1623 767 1683 sancto
786 1608 892 1685 Jorre
915 1624 1114 1712 preceptor
1133 1605 1268 1684 bellive
1288 1606 1437 1698 Gereb,
1460 1605 1650 1685 Gerardus
1676 1609 1722 1683 de

305 1737 427 1816 Causo
452 1738 562 1814 miles
585 1739 855 1828 Rutbenensis,
882 1755 1080 1845 preceptor
1103 1737 1236 1815 bellive
1269 1739 1321 1815 du
1351 1740 1495 1824 Bastre,
1516 1739 1649 1814 Petrus
1675 1739 1721 1813 de

303 1868 435 1945 Boneli
471 1867 580 1945 miles
602 1869 879 1958 Noviomensis,
906 1870 1016 1974 Hugo
1048 1868 1094 1945 de
1125 1867 1294 1947 Gamone
1321 1848 1444 1944 'miles‘
1471 1867 1724 1944 Ruthenensis

306 1996 531 2091 diocesium,
558 1998 780 2102 Radulphus
809 1998 856 2075 de
884 1999 996 2076 Enesi
1025 1998 1217 2105 quondam
1245 1982 1417 2105 receptor
1441 1998 1662 2103 Campania,
1687 2015 1725 2072 et

306 2146 505 2234 preceptor
528 2128 729 2213 bailiarum
756 2128 811 2205 de·
830 2129 1041 2238 Latigniaco
1071 2129 1178 2207 Sicco
1208 2147 1245 2207 et
1276 2129 1323 2206 de
1354 2130 1573 2221 Somorens,
1601 2145 1639 2203 et
1667 2157 1725 2202 an-

305 2274 459 2364 tequam
474 2250 659 2366 jurarent,
683 2257 838 2335 suerunt
862 2260 1054 2364 protestati
1077 2286 1202 2335 coram
1232 2259 1340 2336 dictis
1367 2260 1531 2336 dominis
1557 2259 1726 2334 commis-

307 2387 413 2465 sariis
432 2390 538 2496 quod
555 2417 624 2494 per
647 2417 689 2465 ea
713 2417 788 2495 que
807 2387 1042 2494 deponerent
1061 2415 1184 2465 coram
1206 2388 1277 2475 eis,
1300 2387 1358 2464 vel
1379 2388 1562 2499 dicerent,
1585 2415 1652 2464 seu
1672 2386 1725 2462 sa·

307 2535 454 2607 carent,
486 2518 592 2595 nullo
617 2517 734 2595 modo
766 2518 1013 2596 intendebant
1039 2518 1215 2595 recedere
1246 2546 1266 2593 a
1294 2515 1592 2595 confessionibus
1623 2516 1725 2592 factis

306 2637 376 2754 per
398 2677 463 2727 eos
482 2678 607 2726 coram
627 2650 825 2727 ordinariis
844 2650 938 2739 suis,
963 2649 1031 2726 sed
1054 2650 1094 2726 in
1119 2650 1208 2755 ipsis
1232 2647 1530 2726 confessionibus
1553 2668 1726 2754 perseve—

306 2808 388 2857 rare
409 2779 675 2867 intendebant,
697 2798 736 2858 et
759 2781 789 2857 si
810 2781 1043 2888 contingeret
1067 2809 1132 2858 eos
1155 2809 1225 2887 per
1243 2780 1520 2887 simplicitatem
1541 2779 1599 2856 vel
1618 2780 1726 2856 aliter

307 2909 451 3017 aliquid
473 2938 542 3017 per
566 2938 630 2987 eos
654 2910 727 2985 dici
756 2910 814 2987 vel
834 2911 916 2988 fieri
937 2928 1065 2988 contra
1088 2911 1205 2989 dictas
1222 2910 1501 3001 consessiones,
1528 2910 1633 3018 quod
1656 2939 1727 3027 pro

308 3039 416 3118 nullo
424 3040 639 3129 haberetur,
652 3056 689 3117 et
700 3069 851 3117 exnunc
861 3041 1189 3135 revocabant-Qua
1200 3043 1356 3148 quidem
1365 3041 1638 3148 protestacione
1648 3069 1714 3146 pre

310 3168 437 3262 missa,
454 3169 675 3277 juraverunt
703 3170 809 3247 tactis
828 3171 1066 3248 sacrosanctis
1090 3169 1299 3277 Evangeliis
1326 3197 1394 3276 per
1409 3171 1575 3265 ¹eosdem
1601 3171 1724 3248 dicere

309 3316 442 3389 totam,
454 3298 605 3405 plenam
618 3317 656 3377 et
670 3330 811 3378 meram
824 3303 1019 3379 veritatem
1034 3303 1073 3378 in
1087 3302 1243 3408 negocio
1256 3302 1328 3379 isto
1345 3301 1391 3377 de
1408 3330 1484 3408 quo
1500 3301 1724 3407 inquiretur,

308 3431 517 3508 secundum
541 3430 699 3508 formam
714 3433 918 3538 juramenti
932 3433 1105 3511 ¹aliorum
1124 3433 1279 3509 testium
1299 3433 1474 3537 superius
1493 3431 1725 3537 registratam

309 3561 568 3667 vulgarizatam
588 3562 743 3640 eisdem.
949 3558 953 3563 ¹

366 3694 456 3767 Acta
479 3692 634 3769 fuerunt
654 3695 727 3769 hec
753 3694 861 3770 dictis
891 3694 952 3770 die
977 3711 1016 3770 et
1043 3690 1144 3782 ioco,
1165 3674 1405 3798 presentibus
1427 3693 1536 3769 dictis
1563 3690 1727 3767 dominis

311 3821 598 3910 commissariis,
621 3837 774 3926 excepto
795 3822 950 3899 domino
982 3824 1151 3914 Matheo,
1174 3824 1239 3929 qui
1268 3851 1441 3900 excausa
1464 3821 1617 3900 recessit
1640 3838 1727 3927 post

312 3949 627 4026 examinacionem
662 3950 776 4056 primi
808 3952 915 4028 testis
948 3967 987 4028 et
1011 3952 1271 4058 recepcionem
1301 3952 1607 4060 juramentorum
1640 3978 1727 4056 pre-

313 4081 499 4157 dictorum
536 4096 573 4157 et
605 4080 920 4157 examinacionem
957 4080 1045 4158 dicti
1084 4081 1206 4159 fratris
1239 4084 1278 4158 P.
1301 4110 1414 4187 super
1436 4081 1569 4188 primis
1597 4108 1652 4159 1111
1678 4108 1729 4156 an

311 4211 451 4298 ticulis,
472 4227 509 4288 et
526 4210 765 4317 presentibus
783 4210 958 4318 magistro
980 4210 1139 4300 Amisio,
1161 4241 1222 4290 me
1243 4211 1495 4289 Floriamonte
1510 4210 1725 4300 Dondedei,

312 4358 350 4416 et
370 4341 451 4417 aliis
470 4342 625 4421 notariis
644 4368 757 4447 supra
777 4340 913 4419 ultimo
930 4341 1145 4419 nominatis.

370 4603 458 4678 Post
471 4605 554 4689 hec,
570 4603 631 4680 die
645 4603 774 4682 Martis
790 4603 976 4711 sequenti,
993 4631 1070 4710 que
1085 4602 1158 4680 fuit
1173 4628 1224 4681 ιιι
1237 4602 1327 4680 dicti
1342 4600 1483 4679 mensis
1497 4600 1675 4688 Januarii,
1692 4616 1731 4676 et

312 4730 427 4807 rediit
460 4730 509 4807 ad
540 4731 659 4817 dictos
688 4732 862 4811 dominos
893 4733 1168 4811 commissarios
1198 4732 1239 4810 in
1265 4731 1389 4810 'domo
1419 4731 1588 4839 predicta
1616 4729 1731 4809 buter

312 4862 499 4938 lohannes
523 4860 570 4938 de
594 4862 851 4953 Polheicourt,
870 4862 977 4942 testis
994 4890 1108 4971 supra
1121 4862 1270 4972 juratus
1289 4879 1328 4941 et
1347 4860 1593 4952 examinatus,
1614 4878 1653 4939 et
1670 4888 1732 4937 ro-

400 4996 838 5063 remuneramus-1.
1056 5072 1059 5078 Ι
1522 4998 1564 5063 [ιδ
