4080 6052
469 536 667 630 Procas
695 554 788 660 nus
813 553 1115 629 annuimus.
1427 561 1496 639 au

84 705 183 782 ⁴dicte
205 703 356 790 domus,
378 697 418 772 in
441 725 517 804 qua
539 696 635 774 nulli
659 695 725 774 alii.
747 713 853 773 erant
869 696 942 774 nisi
964 697 1036 805 ipsi
1056 697 1149 785 duo,
1169 714 1207 774 et
1232 724 1319 774 cum
1343 698 1501 781 luissent

83 852 182 911 retro
202 857 381 937 magnum
395 827 510 906 altare
529 856 647 937 prope
666 826 865 936 quoddam·
878 856 1033 935 parvum
1053 829 1185 916 altare,
1207 827 1365 935 precipit
1380 831 1501 910 dictus

78 963 193 1040 frater
211 959 385 1040 Galterus
405 958 531 1037 eidem
549 959 636 1038 testi
656 959 762 1067 quod
779 958 923 1037 diceret
942 961 1098 1037 Jhesum
1119 958 1311 1038 Christum
1332 987 1413 1038 esse
1432 962 1501 1039 lal-

80 1120 165 1170 sum
181 1090 423 1202 prophetam,
447 1106 485 1165 et
504 1070 582 1197 ipse
601 1090 708 1168 testis
730 1089 805 1168 hoc
823 1089 934 1180 dixit,
956 1119 1033 1168 non
1057 1119 1144 1167 cum
1166 1091 1394 1177 intencione,
1421 1121 1497 1170 non

80 1250 167 1301 cum
197 1219 326 1308 corde,
359 1218 464 1325 quod
492 1219 662 1298 crederet
686 1220 844 1299 Jhesum
876 1247 957 1298 esse
989 1220 1124 1299 falsum
1143 1187 1394 1326 prophetam,
1432 1226 1498 1302 sad

82 1351 176 1429 dixit
198 1379 281 1439 ore;
300 1373 377 1427 non
402 1364 529 1426 tamen
550 1352 711 1458 precipit
734 1351 838 1458 quod
862 1351 971 1427 aliter
994 1351 1210 1458 abnegaret,
1239 1351 1307 1427 sed
1333 1353 1426 1428 dixit
1443 1356 1495 1444 ci,

80 1482 184 1591 quod
206 1497 360 1588 spueret
382 1506 497 1585 super
519 1481 725 1586 quamdam
747 1507 898 1557 crucem
922 1481 1084 1587 ligneam
1108 1509 1177 1586 per
1198 1480 1322 1586 ipsum
1346 1480 1497 1559 fratrem

80 1612 275 1710 Galterum
298 1610 346 1688 de
368 1608 469 1686 dicto
491 1637 604 1715 parvo
624 1609 729 1688 altari
749 1627 977 1717 assumptam
1000 1626 1038 1688 et
1060 1640 1175 1717 super
1193 1611 1358 1718 quodam
1379 1613 1497 1690 sedile

79 1741 311 1831 notionum,
328 1740 460 1847 etipse
477 1741 582 1818 testis
601 1740 704 1846 spuit
721 1766 800 1816 nnn
817 1767 932 1846 super
955 1741 1023 1817 sed
1042 1739 1149 1847 juxta
1173 1768 1274 1829 eam;
1299 1742 1346 1817 de
1371 1741 1498 1848 aliquo

77 1889 206 1949 autern
227 1869 356 1947 osculo
382 1870 598 1959 inhonesto,
621 1868 776 1946 crimine
796 1868 1037 1956 sodomitico,
1060 1870 1119 1945 vel
1139 1870 1263 1977 aliqua
1283 1871 1353 1946 alia
1373 1899 1413 1946 re
1432 1872 1497 1947 illi-

79 2001 150 2087 cita
169 2028 246 2079 non
262 1999 337 2076 luit
352 1999 429 2076 sibi
445 1998 583 2077 sactum
602 1998 760 2075 verbum
777 2000 817 2075 in
832 2001 1054 2106 receptione
1074 2028 1141 2077 sua
1161 1999 1339 2106 predicta.
1360 2003 1497 2107 Requi-

80 2132 174 2208 situs
198 2131 228 2207 si
242 2128 363 2208 credit
381 2129 486 2236 quod
504 2128 757 2206 communiter
768 2128 910 2206 fratrea
924 2129 1181 2234 reciperentur
1205 2129 1349 2236 ubique
1369 2131 1409 2206 in
1435 2159 1496 2207 or·

77 2261 168 2338 dine
192 2245 290 2338 sicut
313 2259 392 2365 ipse
413 2258 488 2336 fnit
511 2275 700 2364 receptus,
722 2274 906 2366 quantum
925 2258 974 2335 ad
994 2258 1058 2336 illa
1073 2259 1218 2352 illicita,
1240 2262 1435 2366 respondit
1456 2293 1494 2340 se
1583 2250 1586 2256 ⁵

80 2391 197 2498 magis
212 2389 364 2466 credere
376 2391 481 2496 quod
496 2414 574 2466 non
588 2414 702 2495 quam
716 2387 821 2495 quod
840 2387 909 2477 sic,
928 2387 1018 2495 quia
1036 2416 1113 2465 non
1127 2390 1221 2466 vidit
1233 2392 1307 2468 hoc
1322 2391 1404 2466 lieri
1425 2393 1495 2468 nisi

79 2524 118 2598 in
142 2522 362 2628 recepcione
379 2548 475 2606 sua,
496 2548 567 2597 nec
586 2517 729 2595 audivit
748 2518 822 2595 dici
846 2519 952 2626 quod
968 2518 1078 2595 fieret
1101 2518 1194 2595 aliis.
1210 2521 1425 2626 Requisitus
1448 2522 1495 2598 de

79 2654 233 2730 nomine
251 2650 391 2757 recepti
416 2677 486 2757 per
513 2677 618 2737 eum,
641 2647 837 2755 respondit
859 2648 964 2755 quod
987 2649 1187 2726 vocabum
1207 2650 1423 2756 Ernulphus
1447 2651 1495 2727 de

78 2779 520 2887 Mondeville,quon·dnm
531 2780 707 2868 serviens,
721 2806 836 2886 quem
853 2780 996 2886 recipit,
1014 2797 1104 2856 sunt
1118 2781 1263 2858 circiter
1277 2781 1494 2886 quindecim
1569 2817 1572 2824 ·

78 2916 179 3004 anni,
195 2915 235 2990 in
251 2910 391 3018 capella
405 2910 543 2988 domus
556 2910 705 3016 Templi
721 2909 769 2987 de
788 2911 954 3018 Sanceyo
974 2911 1131 2988 diocesis
1148 2912 1391 3003 senonensis,
1412 2939 1495 3016 pre-

77 3043 247 3121 sentibus
268 3042 445 3118 fratribus
461 3040 639 3119 Gnidone
661 3040 708 3117 de
723 3040 918 3130 Dordano,
940 3043 1132 3148 quondam
1150 3058 1385 3149 preceptore,
1402 3057 1495 3117 tunc

78 3173 175 3249 dicte
196 3173 334 3249 domus
352 3171 400 3249 da
417 3170 599 3277 Senneyo,
617 3187 656 3247 et
673 3167 757 3248 aliis
774 3169 978 3278 dequibus
996 3200 1074 3248 non
1093 3172 1322 3261 recordatur,
1334 3172 1373 3247 in
1387 3173 1494 3279 cnjus

77 3305 296 3412 receptione
322 3302 478 3389 sonant
503 3301 662 3380 modum
689 3302 756 3410 qui
784 3302 857 3380 fuit
883 3319 1048 3382 servatus
1065 3305 1102 3379 in
1124 3331 1207 3393 sua,
1233 3302 1395 3406 exceptis
1419 3301 1494 3376 illis
1567 3281 1571 3289 ⁶

77 3434 215 3513 illicitis
238 3433 344 3541 quod
362 3433 518 3512 Jeshum
544 3432 687 3510 diceret
711 3458 793 3511 esse
825 3432 960 3511 falsum
986 3436 1226 3539 prophetam,
1253 3448 1292 3506 et
1318 3430 1365 3505 de
1390 3432 1494 3535 spui-

77 3566 184 3642 cione
201 3565 341 3653 crucis3
352 3563 447 3640 vidit
461 3562 579 3640 eciam
588 3562 683 3640 alios
696 3563 826 3670 recipi,
839 3564 1050 3653 sicutdixit,
1062 3592 1131 3669 per
1146 3562 1311 3640 eundem
1320 3560 1491 3649 modum,

76 3697 115 3771 in
132 3722 296 3800 quorum
313 3693 532 3798 recepcione
548 3693 665 3770 nichil
683 3693 862 3798 agebatur
876 3694 1050 3769 illicitum
1070 3693 1174 3799 quod
1191 3693 1335 3770 videret
1351 3690 1411 3767 vel
1426 3691 1494 3766 sci·

76 3839 149 3910 ret,
180 3823 248 3898 sed
273 3822 321 3897 de
350 3819 569 3897 nominibus
594 3837 832 3925 receptorum
855 3838 894 3898 et
912 3821 1179 3926 recipiencinm
1200 3839 1238 3898 et
1256 3821 1493 3926 presencium

78 3954 171 4030 dixit
184 3979 223 4029 se
243 3977 321 4027 non
340 3950 542 4041 recordari,
564 3976 635 4027 nec
651 3949 796 4058 aliquid
814 3951 918 4030 aliud
937 3951 1030 4029 scire
1050 3952 1098 4029 de
1115 3952 1294 4030 omnibus
1311 3968 1349 4027 et
1365 3950 1492 4058 singu-

77 4085 123 4161 lis
142 4084 224 4160 aliis
241 4080 421 4170 articulis,
444 4080 514 4158 nisi
531 4081 605 4158 hoc
620 4081 729 4188 quod
748 4081 925 4159 credebat
943 4082 1041 4159 bene
1061 4083 1300 4159 sacramentis
1319 4081 1492 4158 ecclesia·

77 4215 191 4304 sticis,
209 4231 248 4291 et
261 4211 437 4289 madebat
450 4212 556 4319 quod
569 4211 781 4290 aliilratres
795 4212 937 4290 ordinis
952 4212 1163 4301 crederent3
1181 4229 1220 4288 et
1234 4212 1332 4289 bene
1352 4210 1492 4288 sciebat

77 4345 181 4450 quod
208 4344 301 4452 layci
324 4366 402 4422 nou
426 4359 600 4449 poterant
626 4343 822 4421 absolvere
846 4370 867 4421 a
889 4344 1064 4450 peccatis,
1082 4361 1119 4420 et
1142 4344 1295 4450 quando
1317 4341 1492 4447 capitulla

76 4473 313 4564 tenebantur,
322 4473 509 4580 presbiter
522 4472 739 4550 absolvebat
749 4500 815 4552 eos
823 4474 865 4552 in
877 4474 954 4552 line
967 4463 1241 4580 capituliorum,
1255 4490 1292 4550 et
1303 4471 1499 4577 perillum

75 4606 142 4713 qui
161 4603 314 4682 tenebat
333 4604 541 4711 capitulum
561 4604 812 4709 inponeba'tur
826 4605 880 4681 eis
897 4632 994 4712 pena
1014 4604 1231 4711 temporalis
1249 4630 1319 4711 pro
1339 4603 1493 4680 excessi·

74 4734 148 4812 bus
162 4761 296 4811 eorum
316 4733 358 4810 in
376 4733 555 4842 capitulio
571 4732 832 4823 manifestatis,
849 4736 1062 4814 secundum
1082 4734 1314 4843 disciplinam
1330 4732 1489 4823 ordinis3

73 4865 250 4973 jurabant
268 4892 346 4942 non
363 4866 463 4943 exire
482 4864 668 4942 ordinem.
690 4866 822 4944 Statim
839 4892 911 4975 pro
928 4866 1104 4973 professis
1122 4865 1370 4955 habebantur,
1386 4863 1493 4939 clam·

1334 5002 1383 5060 52.
1499 5028 1502 5037 .
