4080 6052
513 534 611 611 acc
923 509 1118 605 raocts
1145 530 1241 604 ons
1268 526 1570 605 ruumrnss.

538 675 726 756 sufficiens
745 674 792 750 ad
808 671 1103 762 defendendum,
1118 689 1161 749 ut
1175 672 1279 749 dixit.
1303 671 1520 779 Requisitus
1539 670 1570 748 si
1590 667 1665 747 fuit
1683 669 1886 750 confessus
1904 671 1967 750 ali·

537 835 634 915 quos
656 833 801 882 errores
824 833 948 881 coram
973 804 1072 881 dicto
1097 803 1253 879 domino
1275 803 1450 908 episcopo
1467 801 1676 893 Parisiensi,
1700 803 1903 908 respondit
1926 833 1964 882 se

538 966 614 1014 non
638 935 842 1024 recordari,
868 933 1044 1041 adjiciens
1070 932 1190 1039 quod,
1210 949 1411 1039 antequam
1431 932 1552 1009 dictus
1569 931 1755 1010 dominus
1768 933 1962 1040 episcopus

537 1065 753 1144 Parisiensis
771 1065 981 1170 inquireret
999 1093 1087 1140 cum
1106 1090 1168 1154 eo,
1190 1062 1313 1140 luerat
1328 1063 1599 1170 questionatus.
1621 1061 1837 1168 Requisitus
1854 1065 1885 1140 si
1904 1065 1959 1141 sic

538 1198 763 1303 deposuerat
780 1221 906 1299 prece,
923 1210 1118 1299 precept0,
1139 1192 1292 1282 timore,
1306 1220 1457 1283 ¹amore,
1481 1191 1586 1278 odio,
1608 1191 1667 1267 vel
1687 1193 1961 1298 temporalico·

537 1328 653 1405 modo
666 1324 794 1404 habito
813 1324 871 1399 vel
890 1322 1084 1414 habendo,
1105 1322 1301 1429 respondit
1319 1322 1424 1429 quod
1436 1350 1530 1414 non,
1552 1322 1620 1399 sed
1638 1349 1709 1428 pro
1732 1324 1887 1402 veritate
1907 1324 1960 1401 di-

538 1457 667 1534 cenda.
694 1453 765 1532 Cui
789 1452 861 1530 fuit
884 1453 1095 1560 injunctum
1120 1451 1232 1559 quod,
1248 1478 1333 1563 non⁴
1348 1451 1530 1529 revelaret
1547 1453 1649 1534 ,hanc
1679 1480 1789 1531 suam
1815 1454 1960 1561 deposi-

539 1587 688 1663 cionem
707 1611 905 1690 quousque
926 1581 1184 1660 attestaciones
1202 1580 1343 1670 fuerint
1362 1580 1561 1687 publicato.

594 1844 746 1939 Eisdem
767 1844 828 1922 die
850 1860 887 1921 et
909 1842 993 1920 loco
1016 1840 1090 1920 fuit
1112 1842 1296 1920 adductus
1322 1842 1369 1919 ad
1388 1842 1618 1947 presenciam
1645 1844 1872 1921 eorumdem
1888 1845 1956 1922 do-

538 1977 730 2053 minorum
755 1973 1096 2051 commissariorum
1120 1972 1232 2050 irater
1251 1974 1384 2051 Petrus
1403 1971 1450 2048 de
1474 1972 1637 2080 Arblcyo
1659 1977 1844 2064 serviens,
1864 1977 1959 2052 Pari·

538 2106 669 2183 siensis
682 2105 853 2195 diocesis,
868 2104 973 2181 testis
986 2131 1098 2209 supra
1112 2102 1273 2209 juratus,
1294 2121 1339 2178 ut
1357 2103 1564 2208 deponeret
1574 2102 1718 2180 dictum
1737 2133 1867 2194 suum,
1888 2132 1957 2183 non

512 2252 516 2259 '
539 2235 726 2312 defferens
743 2232 964 2311 mantellum
986 2231 1139 2319 ordinis,
1161 2233 1249 2339 quia
1268 2233 1393 2337 ipsum
1406 2231 1598 2309 dimiserat
1608 2233 1647 2308 in
1663 2232 1828 2311 concilio
1849 2234 1958 2312 Seno

536 2365 655 2453 nensi,
690 2380 728 2440 et
757 2361 1166 2470 postmodum'leoerat
1194 2362 1265 2440 sibi
1294 2362 1376 2439 radi
1395 2362 1564 2451 barbam,
1585 2379 1623 2439 et
1642 2360 1718 2440 fuit
1737 2364 1958 2471 inquisitum

538 2523 625 2575 cum
638 2522 696 2584 eo,
709 2511 748 2572 et
766 2493 962 2571 absolutus
981 2509 1019 2569 et
1037 2492 1298 2570 reconciliatus
1316 2521 1385 2599 per
1406 2493 1605 2573 dominum
1623 2493 1848 2601 episcopum
1867 2496 1960 2573 Pari·

537 2625 711 2716 siensem,
734 2641 772 2701 et
791 2640 847 2702 est
866 2623 1182 2730 quadragenarius
1205 2622 1265 2700 vel
1289 2623 1395 2700 circa.
1416 2623 1541 2700 Lectis
1558 2641 1688 2700 autem
1708 2641 1748 2701 et
1766 2625 1959 2732 diligenter

537 2755 711 2861 expositis
723 2754 795 2832 sibi
811 2753 989 2831 omnibus
1003 2770 1041 2831 et
1055 2753 1211 2860 singulis
1224 2753 1404 2842 articulis,
1417 2752 1612 2858 respondit
1626 2755 1773 2843 adens,
1788 2773 1824 2831 et
1833 2756 1954 2860 primo

537 2883 585 2960 ad
596 2886 739 2989 primos
748 2911 822 2974 suu,
840 2885 1111 2991 protestacione
1126 2883 1315 2989 premissa,
1335 2883 1441 2990 quod
1457 2910 1534 2960 non
1551 2883 1774 2962 intendebat
1781 2884 1952 2962 recedere

538 3041 558 3087 a
591 3012 830 3119 deposicione
859 3044 927 3120 per
952 3044 1041 3091 eum
1069 3013 1167 3105 lacta,
1192 3042 1318 3091 coram
1347 3013 1447 3091 dicto
1478 3013 1634 3090 domino
1663 3015 1834 3121 episcopo
1855 3015 1955 3091 Pari-

537 3141 648 3218 siensi
662 3173 671 3230 ς
687 3170 731 3247 se
756 3145 897 3219 nescire
923 3145 964 3219 si'
978 3161 1152 3221 contenta
1175 3145 1214 3220 in
1240 3144 1347 3220 dictis
1374 3143 1538 3220 articulis
1561 3161 1668 3221 erant
1686 3172 1773 3221 vera
1791 3144 1848 3223 vel
1867 3174 1953 3238 non,

536 3272 713 3377 quianon
728 3273 947 3349 interfuerat
967 3275 1137 3378 capitulis
1150 3302 1219 3350 nec
1234 3275 1395 3351 aliorum
1412 3274 1712 3379 recepcionibus,
1730 3304 1800 3352 nec
1818 3277 1955 3353 audivit

538 3402 633 3492 dici;
655 3431 724 3480 nec
743 3403 865 3480 iuerat
884 3405 923 3479 in
944 3404 1075 3480 ordine
1096 3405 1167 3482 nisi
1188 3405 1351 3481 sedecim
1372 3405 1567 3483 mensibus
1581 3403 1638 3482 vel
1653 3406 1744 3480 circa
1764 3423 1851 3480 ante
1870 3435 1954 3510 cap-

538 3533 683 3610 cionem
705 3563 849 3612 eorum.
866 3538 1005 3612 Fuerat
1024 3552 1149 3611 autem
1170 3554 1359 3640 receptus,
1379 3537 1473 3611 circa
1493 3535 1626 3613 festum
1644 3534 1741 3609 beati
1761 3535 1949 3624 Barnabe,

536 3691 604 3767 per
626 3661 778 3739 fratrem
803 3666 1012 3741 Johannem
1035 3666 1081 3741 de
1107 3667 1237 3741 Turno
1259 3665 1533 3741 thesaurarium
1555 3663 1699 3769 Templi
1719 3664 1951 3750 Parisiensis,

536 3810 669 3870 testem
695 3822 805 3898 supra
824 3797 1011 3901 juratum,
1033 3796 1072 3871 in
1097 3794 1236 3899 capella
1260 3796 1398 3879 domus
1425 3795 1575 3901 Templi
1597 3797 1644 3872 de
1669 3796 1842 3900 Soysiaco
1861 3797 1954 3872 Mel-

538 3923 662 4000 densis
688 3923 863 4010 diocesis,
894 3925 1131 4029 presentibus
1159 3925 1337 4003 fratribus
1361 3928 1470 4002 Petro
1500 3927 1547 4002 de
1578 3926 1776 4003 Montenhi
1805 3925 1952 4032 presby-

534 4068 631 4140 tero,
658 4055 698 4129 Ρ.
726 4054 773 4130 de
806 4056 919 4130 Torta
947 4054 1040 4132 Villa
1066 4075 1283 4160 preceptore
1319 4055 1535 4143 Parisiensi,
1564 4057 1674 4131 Petro
1703 4055 1750 4132 de
1780 4056 1953 4132 Fontanis

535 4185 730 4288 grangerio
748 4185 844 4261 dicte
867 4186 1014 4272 domus,
1038 4203 1075 4261 et
1094 4188 1245 4264 Matheo
1266 4188 1313 4263 de
1333 4187 1505 4293 Cayneyo
1526 4187 1793 4275 servientibus,
1814 4186 1954 4264 deffun-

536 4314 613 4400 ctis,
628 4315 667 4389 in
680 4315 783 4390 hunc
796 4315 966 4391 modum.
981 4317 1073 4391 Nam
1088 4344 1174 4390 cum
1190 4316 1364 4420 periisset
1379 4344 1514 4420 panem
1529 4332 1567 4392 et
1577 4344 1726 4421 aquam,
1745 4318 1953 4394 societatem

537 4459 574 4518 et
589 4473 793 4549 pauperem
807 4446 982 4522 vestitum
998 4447 1157 4538 ordinis,
1179 4464 1216 4523 et
1233 4446 1501 4524 deliberassent
1520 4446 1617 4523 inter
1635 4474 1674 4524 se
1696 4465 1734 4524 et
1753 4475 1847 4525 eum
1863 4447 1956 4524 lecis-

536 4591 619 4650 sent
635 4578 840 4666 retrahere,
860 4577 973 4653 rediit
991 4593 1027 4653 et
1046 4577 1184 4679 iterum
1203 4577 1317 4682 peciit
1336 4578 1516 4681 predicta,
1536 4596 1573 4654 et
1592 4578 1793 4683 pecierunt
1808 4578 1856 4655 ab
1873 4605 1915 4654 eo
1929 4578 1952 4652 si

537 4718 615 4775 erat
633 4705 774 4780 servilis
794 4708 1035 4795 condicionis,
1055 4707 1228 4815 religioni
1248 4707 1306 4785 vel
1326 4708 1500 4814 conjugio
1520 4707 1577 4783 vel
1599 4708 1737 4785 debitis
1759 4709 1949 4816 obligatus,

536 4856 614 4935 quo
638 4832 888 4934 respondente
913 4839 1015 4942 quod
1041 4865 1134 4926 non,
1158 4856 1196 4915 et
1221 4837 1326 4944 quod
1353 4855 1432 4915 erat
1458 4837 1504 4914 de
1527 4836 1697 4942 legitimo
1716 4837 1952 4918 matrimonio
