<?xml version="1.0" encoding="UTF-8"?>
<!DOCTYPE html PUBLIC "-//W3C//DTD XHTML 1.0 Transitional//EN"
    "http://www.w3.org/TR/xhtml1/DTD/xhtml1-transitional.dtd">
<html xmlns="http://www.w3.org/1999/xhtml" xml:lang="en" lang="en">
 <head>
  <title>
</title>
<meta http-equiv="Content-Type" content="text/html;charset=utf-8" />
  <meta name='ocr-system' content='tesseract 3.04.00' />
  <meta name='ocr-capabilities' content='ocr_page ocr_carea ocr_par ocr_line ocrx_word'/>
</head>
<body>
  <div class='ocr_page' id='page_1' title='image "./procsdestemplie02defegoog_0218.png"; bbox 0 0 4080 6052; ppageno 0'>
   <div class='ocr_carea' id='block_1_1' title="bbox 529 512 1555 616">
    <p class='ocr_par' dir='ltr' id='par_1_1' title="bbox 529 512 1555 616">
     <span class='ocr_line' id='line_1_1' title="bbox 529 512 1555 616; baseline -0.007 -4"><span class='ocrx_word' id='word_1_1' title='bbox 529 541 604 612; x_wconf 83' lang='lat'>200</span> <span class='ocrx_word' id='word_1_2' title='bbox 920 512 1555 616; x_wconf 77' lang='lat' dir='ltr'>reochsnnsrrurnrss.</span> 
     </span>
    </p>
   </div>
   <div class='ocr_carea' id='block_1_2' title="bbox 526 671 1954 2736">
    <p class='ocr_par' dir='ltr' id='par_1_2' title="bbox 526 671 1954 2056">
     <span class='ocr_line' id='line_1_2' title="bbox 528 671 1953 780; baseline -0.004 -22"><span class='ocrx_word' id='word_1_3' title='bbox 528 698 592 758; x_wconf 89' lang='lat' dir='ltr'>tur</span> <span class='ocrx_word' id='word_1_4' title='bbox 615 696 715 757; x_wconf 81' lang='lat' dir='ltr'>extra</span> <span class='ocrx_word' id='word_1_5' title='bbox 738 676 917 755; x_wconf 84' lang='lat' dir='ltr'>claustras</span> <span class='ocrx_word' id='word_1_6' title='bbox 940 675 1094 766; x_wconf 83' lang='lat' dir='ltr'>domus,</span> <span class='ocrx_word' id='word_1_7' title='bbox 1115 703 1192 753; x_wconf 91' lang='lat' dir='ltr'>non</span> <span class='ocrx_word' id='word_1_8' title='bbox 1215 691 1343 751; x_wconf 88' lang='lat' dir='ltr'>tamen</span> <span class='ocrx_word' id='word_1_9' title='bbox 1361 674 1557 760; x_wconf 56' lang='lat' dir='ltr'>„audebant</span> <span class='ocrx_word' id='word_1_10' title='bbox 1579 671 1884 780; x_wconf 85' lang='lat' dir='ltr'>appropinquare</span> <span class='ocrx_word' id='word_1_11' title='bbox 1903 672 1953 752; x_wconf 89' lang='lat' dir='ltr'>ad</span> 
     </span>
     <span class='ocr_line' id='line_1_3' title="bbox 528 802 1952 914; baseline -0.001 -27"><span class='ocrx_word' id='word_1_12' title='bbox 528 810 650 888; x_wconf 88' lang='lat' dir='ltr'>hostia</span> <span class='ocrx_word' id='word_1_13' title='bbox 669 807 823 898; x_wconf 89' lang='lat' dir='ltr'>domus,</span> <span class='ocrx_word' id='word_1_14' title='bbox 844 809 884 883; x_wconf 90' lang='lat' dir='ltr'>in</span> <span class='ocrx_word' id='word_1_15' title='bbox 908 835 986 914; x_wconf 91' lang='lat' dir='ltr'>quo</span> <span class='ocrx_word' id='word_1_16' title='bbox 1010 806 1218 913; x_wconf 89' lang='lat' dir='ltr'>capitulum</span> <span class='ocrx_word' id='word_1_17' title='bbox 1242 803 1455 894; x_wconf 88' lang='lat' dir='ltr'>tenebatur,</span> <span class='ocrx_word' id='word_1_18' title='bbox 1477 820 1515 881; x_wconf 91' lang='lat' dir='ltr'>et</span> <span class='ocrx_word' id='word_1_19' title='bbox 1532 802 1733 881; x_wconf 85' lang='lat' dir='ltr'>firmabant</span> <span class='ocrx_word' id='word_1_20' title='bbox 1751 802 1952 885; x_wconf 72' lang='lat' dir='ltr'>itahostia</span> 
     </span>
     <span class='ocr_line' id='line_1_4' title="bbox 529 932 1954 1044; baseline -0.001 -29"><span class='ocrx_word' id='word_1_21' title='bbox 529 939 683 1018; x_wconf 84' lang='lat' dir='ltr'>ecclesie</span> <span class='ocrx_word' id='word_1_22' title='bbox 696 940 757 1017; x_wconf 84' lang='lat' dir='ltr'>vel</span> <span class='ocrx_word' id='word_1_23' title='bbox 772 940 909 1017; x_wconf 91' lang='lat' dir='ltr'>domus</span> <span class='ocrx_word' id='word_1_24' title='bbox 923 938 963 1013; x_wconf 90' lang='lat' dir='ltr'>in</span> <span class='ocrx_word' id='word_1_25' title='bbox 977 936 1118 1044; x_wconf 89' lang='lat' dir='ltr'>quihus</span> <span class='ocrx_word' id='word_1_26' title='bbox 1133 933 1315 1014; x_wconf 84' lang='lat' dir='ltr'>tenebant</span> <span class='ocrx_word' id='word_1_27' title='bbox 1327 934 1552 1041; x_wconf 81' lang='lat' dir='ltr'>capitidum,</span> <span class='ocrx_word' id='word_1_28' title='bbox 1564 934 1670 1041; x_wconf 89' lang='lat' dir='ltr'>qnod</span> <span class='ocrx_word' id='word_1_29' title='bbox 1681 932 1812 1011; x_wconf 87' lang='lat' dir='ltr'>nullus</span> <span class='ocrx_word' id='word_1_30' title='bbox 1823 952 1954 1039; x_wconf 87' lang='lat' dir='ltr'>posset</span> 
     </span>
     <span class='ocr_line' id='line_1_5' title="bbox 528 1062 1951 1161; baseline -0.004 -16"><span class='ocrx_word' id='word_1_31' title='bbox 528 1069 683 1161; x_wconf 87' lang='lat' dir='ltr'>intrare,</span> <span class='ocrx_word' id='word_1_32' title='bbox 699 1069 769 1147; x_wconf 89' lang='lat' dir='ltr'>sed</span> <span class='ocrx_word' id='word_1_33' title='bbox 787 1096 865 1145; x_wconf 91' lang='lat' dir='ltr'>non</span> <span class='ocrx_word' id='word_1_34' title='bbox 885 1065 956 1143; x_wconf 80' lang='lat' dir='ltr'>alia</span> <span class='ocrx_word' id='word_1_35' title='bbox 970 1066 1094 1144; x_wconf 88' lang='lat' dir='ltr'>hostia</span> <span class='ocrx_word' id='word_1_36' title='bbox 1108 1064 1257 1145; x_wconf 84' lang='lat' dir='ltr'>domus.</span> <span class='ocrx_word' id='word_1_37' title='bbox 1275 1065 1331 1142; x_wconf 90' lang='lat' dir='ltr'>De</span> <span class='ocrx_word' id='word_1_38' title='bbox 1346 1063 1530 1142; x_wconf 90' lang='lat' dir='ltr'>contentis</span> <span class='ocrx_word' id='word_1_39' title='bbox 1550 1063 1590 1139; x_wconf 89' lang='lat' dir='ltr'>iu</span> <span class='ocrx_word' id='word_1_40' title='bbox 1609 1089 1655 1146; x_wconf 82' lang='lat' dir='ltr'>cv</span> <span class='ocrx_word' id='word_1_41' title='bbox 1675 1063 1834 1141; x_wconf 78' lang='lat' dir='ltr'>articrdo</span> <span class='ocrx_word' id='word_1_42' title='bbox 1856 1062 1951 1141; x_wconf 80' lang='lat' dir='ltr'>dixit</span> 
     </span>
     <span class='ocr_line' id='line_1_6' title="bbox 527 1194 1952 1300; baseline -0.004 -24"><span class='ocrx_word' id='word_1_43' title='bbox 527 1230 566 1277; x_wconf 88' lang='lat' dir='ltr'>se</span> <span class='ocrx_word' id='word_1_44' title='bbox 584 1197 699 1278; x_wconf 90' lang='lat' dir='ltr'>nichil</span> <span class='ocrx_word' id='word_1_45' title='bbox 716 1199 827 1286; x_wconf 85' lang='lat' dir='ltr'>scirc;</span> <span class='ocrx_word' id='word_1_46' title='bbox 846 1213 1126 1275; x_wconf 71' lang='lat' dir='ltr'>contentusero</span> <span class='ocrx_word' id='word_1_47' title='bbox 1143 1196 1183 1272; x_wconf 91' lang='lat' dir='ltr'>in</span> <span class='ocrx_word' id='word_1_48' title='bbox 1200 1221 1259 1273; x_wconf 83' lang='lat' dir='ltr'>cvi</span> <span class='ocrx_word' id='word_1_49' title='bbox 1275 1194 1432 1272; x_wconf 88' lang='lat' dir='ltr'>articulo</span> <span class='ocrx_word' id='word_1_50' title='bbox 1451 1194 1546 1272; x_wconf 81' lang='lat' dir='ltr'>dixit</span> <span class='ocrx_word' id='word_1_51' title='bbox 1560 1222 1647 1291; x_wconf 81' lang='lat' dir='ltr'>vera</span> <span class='ocrx_word' id='word_1_52' title='bbox 1665 1221 1760 1272; x_wconf 91' lang='lat' dir='ltr'>esse.</span> <span class='ocrx_word' id='word_1_53' title='bbox 1778 1194 1952 1300; x_wconf 70' lang='lat' dir='ltr'>aequm-</span> 
     </span>
     <span class='ocr_line' id='line_1_7' title="bbox 526 1323 1947 1435; baseline -0.003 -29"><span class='ocrx_word' id='word_1_54' title='bbox 526 1347 603 1424; x_wconf 88' lang='lat' dir='ltr'>tus,</span> <span class='ocrx_word' id='word_1_55' title='bbox 625 1332 656 1408; x_wconf 90' lang='lat' dir='ltr'>si</span> <span class='ocrx_word' id='word_1_56' title='bbox 676 1328 799 1408; x_wconf 85' lang='lat' dir='ltr'>suerat</span> <span class='ocrx_word' id='word_1_57' title='bbox 817 1329 857 1405; x_wconf 94' lang='lat' dir='ltr'>in</span> <span class='ocrx_word' id='word_1_58' title='bbox 876 1327 1000 1435; x_wconf 85' lang='lat' dir='ltr'>aliqua</span> <span class='ocrx_word' id='word_1_59' title='bbox 1019 1327 1134 1405; x_wconf 91' lang='lat' dir='ltr'>domo</span> <span class='ocrx_word' id='word_1_60' title='bbox 1154 1325 1245 1403; x_wconf 90' lang='lat' dir='ltr'>dicti</span> <span class='ocrx_word' id='word_1_61' title='bbox 1264 1325 1408 1404; x_wconf 84' lang='lat' dir='ltr'>ordinis</span> <span class='ocrx_word' id='word_1_62' title='bbox 1426 1323 1493 1403; x_wconf 92' lang='lat' dir='ltr'>nhi</span> <span class='ocrx_word' id='word_1_63' title='bbox 1513 1324 1721 1430; x_wconf 89' lang='lat' dir='ltr'>capitulum</span> <span class='ocrx_word' id='word_1_64' title='bbox 1739 1340 1947 1415; x_wconf 82' lang='lat' dir='ltr'>teneretur,</span> 
     </span>
     <span class='ocr_line' id='line_1_8' title="bbox 527 1453 1944 1566; baseline -0.003 -29"><span class='ocrx_word' id='word_1_65' title='bbox 527 1461 721 1566; x_wconf 81' lang='lat' dir='ltr'>respondit</span> <span class='ocrx_word' id='word_1_66' title='bbox 737 1456 842 1566; x_wconf 91' lang='lat' dir='ltr'>quod</span> <span class='ocrx_word' id='word_1_67' title='bbox 858 1485 952 1546; x_wconf 90' lang='lat' dir='ltr'>non,</span> <span class='ocrx_word' id='word_1_68' title='bbox 970 1473 1169 1562; x_wconf 83' lang='lat' dir='ltr'>postquam</span> <span class='ocrx_word' id='word_1_69' title='bbox 1185 1454 1258 1535; x_wconf 83' lang='lat' dir='ltr'>fuit</span> <span class='ocrx_word' id='word_1_70' title='bbox 1267 1471 1440 1561; x_wconf 89' lang='lat' dir='ltr'>receptus</span> <span class='ocrx_word' id='word_1_71' title='bbox 1453 1454 1495 1530; x_wconf 92' lang='lat' dir='ltr'>in</span> <span class='ocrx_word' id='word_1_72' title='bbox 1506 1453 1659 1532; x_wconf 83' lang='lat' dir='ltr'>fratrem</span> <span class='ocrx_word' id='word_1_73' title='bbox 1676 1453 1767 1530; x_wconf 91' lang='lat' dir='ltr'>dicti</span> <span class='ocrx_word' id='word_1_74' title='bbox 1784 1453 1944 1546; x_wconf 87' lang='lat' dir='ltr'>ordinis,</span> 
     </span>
     <span class='ocr_line' id='line_1_9' title="bbox 527 1582 1943 1692; baseline -0.002 -27"><span class='ocrx_word' id='word_1_75' title='bbox 527 1589 594 1665; x_wconf 89' lang='lat' dir='ltr'>sed</span> <span class='ocrx_word' id='word_1_76' title='bbox 614 1605 698 1664; x_wconf 90' lang='lat' dir='ltr'>ante</span> <span class='ocrx_word' id='word_1_77' title='bbox 719 1586 978 1692; x_wconf 88' lang='lat' dir='ltr'>recepcionem</span> <span class='ocrx_word' id='word_1_78' title='bbox 997 1613 1122 1672; x_wconf 88' lang='lat' dir='ltr'>suam,</span> <span class='ocrx_word' id='word_1_79' title='bbox 1144 1585 1238 1661; x_wconf 93' lang='lat' dir='ltr'>dum</span> <span class='ocrx_word' id='word_1_80' title='bbox 1258 1601 1337 1661; x_wconf 88' lang='lat' dir='ltr'>erat</span> <span class='ocrx_word' id='word_1_81' title='bbox 1355 1582 1546 1663; x_wconf 77' lang='lat' dir='ltr'>familiaris</span> <span class='ocrx_word' id='word_1_82' title='bbox 1563 1583 1752 1663; x_wconf 86' lang='lat' dir='ltr'>dictorum</span> <span class='ocrx_word' id='word_1_83' title='bbox 1769 1583 1943 1673; x_wconf 80' lang='lat' dir='ltr'><strong>fratrum,</strong></span> 
     </span>
     <span class='ocr_line' id='line_1_10' title="bbox 526 1713 1946 1821; baseline -0.001 -27"><span class='ocrx_word' id='word_1_84' title='bbox 526 1719 648 1797; x_wconf 84' lang='lat' dir='ltr'>fuerat</span> <span class='ocrx_word' id='word_1_85' title='bbox 664 1719 704 1795; x_wconf 91' lang='lat' dir='ltr'>in</span> <span class='ocrx_word' id='word_1_86' title='bbox 721 1717 819 1795; x_wconf 86' lang='lat' dir='ltr'>dicta</span> <span class='ocrx_word' id='word_1_87' title='bbox 838 1716 954 1795; x_wconf 90' lang='lat' dir='ltr'>domo</span> <span class='ocrx_word' id='word_1_88' title='bbox 974 1716 1022 1792; x_wconf 91' lang='lat' dir='ltr'>de</span> <span class='ocrx_word' id='word_1_89' title='bbox 1041 1714 1216 1820; x_wconf 85' lang='lat' dir='ltr'>Rupella,</span> <span class='ocrx_word' id='word_1_90' title='bbox 1238 1713 1305 1792; x_wconf 92' lang='lat' dir='ltr'>uhi</span> <span class='ocrx_word' id='word_1_91' title='bbox 1324 1713 1458 1792; x_wconf 87' lang='lat' dir='ltr'>fratres</span> <span class='ocrx_word' id='word_1_92' title='bbox 1476 1714 1656 1791; x_wconf 86' lang='lat' dir='ltr'>tenebant</span> <span class='ocrx_word' id='word_1_93' title='bbox 1674 1742 1788 1792; x_wconf 87' lang='lat' dir='ltr'>suurn</span> <span class='ocrx_word' id='word_1_94' title='bbox 1806 1716 1946 1821; x_wconf 90' lang='lat' dir='ltr'>capitu·</span> 
     </span>
     <span class='ocr_line' id='line_1_11' title="bbox 526 1844 1945 1954; baseline -0.001 -31"><span class='ocrx_word' id='word_1_95' title='bbox 526 1850 625 1937; x_wconf 89' lang='lat' dir='ltr'>lum,</span> <span class='ocrx_word' id='word_1_96' title='bbox 646 1866 684 1925; x_wconf 91' lang='lat' dir='ltr'>et</span> <span class='ocrx_word' id='word_1_97' title='bbox 699 1847 752 1924; x_wconf 90' lang='lat' dir='ltr'>ibi</span> <span class='ocrx_word' id='word_1_98' title='bbox 770 1846 877 1935; x_wconf 91' lang='lat' dir='ltr'>vidit,</span> <span class='ocrx_word' id='word_1_99' title='bbox 899 1862 941 1923; x_wconf 93' lang='lat' dir='ltr'>ut</span> <span class='ocrx_word' id='word_1_100' title='bbox 960 1845 1069 1936; x_wconf 80' lang='lat' dir='ltr'>dixit,</span> <span class='ocrx_word' id='word_1_101' title='bbox 1089 1874 1164 1954; x_wconf 87' lang='lat' dir='ltr'>que</span> <span class='ocrx_word' id='word_1_102' title='bbox 1183 1873 1295 1953; x_wconf 87' lang='lat' dir='ltr'>supra</span> <span class='ocrx_word' id='word_1_103' title='bbox 1316 1845 1492 1952; x_wconf 86' lang='lat' dir='ltr'>deposuit</span> <span class='ocrx_word' id='word_1_104' title='bbox 1511 1844 1558 1920; x_wconf 90' lang='lat' dir='ltr'>de</span> <span class='ocrx_word' id='word_1_105' title='bbox 1577 1844 1675 1923; x_wconf 88' lang='lat' dir='ltr'>dicta</span> <span class='ocrx_word' id='word_1_106' title='bbox 1694 1844 1863 1923; x_wconf 86' lang='lat' dir='ltr'>clausura</span> <span class='ocrx_word' id='word_1_107' title='bbox 1879 1846 1945 1924; x_wconf 84' lang='lat' dir='ltr'>ho</span> 
     </span>
     <span class='ocr_line' id='line_1_12' title="bbox 526 1980 698 2056; baseline 0.012 -2"><span class='ocrx_word' id='word_1_108' title='bbox 526 1980 698 2056; x_wconf 87' lang='lat' dir='ltr'>stiorum.</span> 
     </span>
    </p>

    <p class='ocr_par' dir='ltr' id='par_1_3' title="bbox 526 2108 1943 2476">
     <span class='ocr_line' id='line_1_13' title="bbox 583 2108 1943 2216; baseline 0 -31"><span class='ocrx_word' id='word_1_109' title='bbox 583 2110 693 2197; x_wconf 87' lang='lat' dir='ltr'>Item,</span> <span class='ocrx_word' id='word_1_110' title='bbox 716 2128 978 2214; x_wconf 75' lang='lat' dir='ltr'>superornet</span> <span class='ocrx_word' id='word_1_111' title='bbox 1004 2135 1089 2189; x_wconf 86' lang='lat' dir='ltr'>cvm</span> <span class='ocrx_word' id='word_1_112' title='bbox 1108 2109 1274 2189; x_wconf 87' lang='lat' dir='ltr'>articulis</span> <span class='ocrx_word' id='word_1_113' title='bbox 1296 2108 1515 2216; x_wconf 89' lang='lat' dir='ltr'>requisitus,</span> <span class='ocrx_word' id='word_1_114' title='bbox 1544 2109 1740 2214; x_wconf 85' lang='lat' dir='ltr'>respondit</span> <span class='ocrx_word' id='word_1_115' title='bbox 1761 2138 1802 2187; x_wconf 87' lang='lat' dir='ltr'>se</span> <span class='ocrx_word' id='word_1_116' title='bbox 1828 2108 1943 2188; x_wconf 85' lang='lat' dir='ltr'>nichil</span> 
     </span>
     <span class='ocr_line' id='line_1_14' title="bbox 526 2237 1943 2345; baseline 0.003 -33"><span class='ocrx_word' id='word_1_117' title='bbox 526 2238 620 2314; x_wconf 86' lang='lat' dir='ltr'>scire</span> <span class='ocrx_word' id='word_1_118' title='bbox 641 2238 688 2315; x_wconf 87' lang='lat' dir='ltr'>dc</span> <span class='ocrx_word' id='word_1_119' title='bbox 709 2237 887 2344; x_wconf 87' lang='lat' dir='ltr'>Magistro</span> <span class='ocrx_word' id='word_1_120' title='bbox 912 2240 1017 2345; x_wconf 89' lang='lat' dir='ltr'>quod</span> <span class='ocrx_word' id='word_1_121' title='bbox 1040 2239 1249 2319; x_wconf 84' lang='lat' dir='ltr'>absolveret</span> <span class='ocrx_word' id='word_1_122' title='bbox 1272 2241 1331 2316; x_wconf 90' lang='lat' dir='ltr'>vel</span> <span class='ocrx_word' id='word_1_123' title='bbox 1352 2239 1542 2318; x_wconf 85' lang='lat' dir='ltr'>absolvere</span> <span class='ocrx_word' id='word_1_124' title='bbox 1560 2257 1703 2345; x_wconf 90' lang='lat' dir='ltr'>posset,</span> <span class='ocrx_word' id='word_1_125' title='bbox 1723 2238 1792 2317; x_wconf 84' lang='lat' dir='ltr'>sed</span> <span class='ocrx_word' id='word_1_126' title='bbox 1814 2237 1943 2317; x_wconf 75' lang='lat' dir='ltr'>lintres</span> 
     </span>
     <span class='ocr_line' id='line_1_15' title="bbox 526 2368 1698 2476; baseline 0.002 -31"><span class='ocrx_word' id='word_1_127' title='bbox 526 2368 724 2473; x_wconf 89' lang='lat' dir='ltr'>presbiteri</span> <span class='ocrx_word' id='word_1_128' title='bbox 745 2370 835 2446; x_wconf 89' lang='lat' dir='ltr'>dicti</span> <span class='ocrx_word' id='word_1_129' title='bbox 856 2370 1000 2448; x_wconf 89' lang='lat' dir='ltr'>ordinis</span> <span class='ocrx_word' id='word_1_130' title='bbox 1018 2371 1205 2476; x_wconf 78' lang='lat' dir='ltr'>predictas</span> <span class='ocrx_word' id='word_1_131' title='bbox 1224 2370 1485 2452; x_wconf 86' lang='lat' dir='ltr'>absoluciones</span> <span class='ocrx_word' id='word_1_132' title='bbox 1503 2369 1698 2447; x_wconf 79' lang='lat' dir='ltr'>faciehant.</span> 
     </span>
    </p>

    <p class='ocr_par' dir='ltr' id='par_1_4' title="bbox 580 2499 1941 2607">
     <span class='ocr_line' id='line_1_16' title="bbox 580 2499 1941 2607; baseline 0.002 -32"><span class='ocrx_word' id='word_1_133' title='bbox 580 2500 687 2592; x_wconf 89' lang='lat' dir='ltr'>Item,</span> <span class='ocrx_word' id='word_1_134' title='bbox 698 2527 918 2607; x_wconf 81' lang='lat' dir='ltr'>supereum</span> <span class='ocrx_word' id='word_1_135' title='bbox 928 2519 966 2578; x_wconf 86' lang='lat' dir='ltr'>et</span> <span class='ocrx_word' id='word_1_136' title='bbox 977 2529 1022 2579; x_wconf 78' lang='lat' dir='ltr'>cr</span> <span class='ocrx_word' id='word_1_137' title='bbox 1035 2501 1200 2579; x_wconf 88' lang='lat' dir='ltr'>articulis</span> <span class='ocrx_word' id='word_1_138' title='bbox 1214 2502 1430 2607; x_wconf 85' lang='lat' dir='ltr'>requisitus,</span> <span class='ocrx_word' id='word_1_139' title='bbox 1446 2501 1643 2606; x_wconf 88' lang='lat' dir='ltr'>respondit</span> <span class='ocrx_word' id='word_1_140' title='bbox 1656 2529 1696 2578; x_wconf 91' lang='lat' dir='ltr'>se</span> <span class='ocrx_word' id='word_1_141' title='bbox 1707 2499 1828 2578; x_wconf 89' lang='lat' dir='ltr'>nichil</span> <span class='ocrx_word' id='word_1_142' title='bbox 1838 2502 1941 2578; x_wconf 88' lang='lat' dir='ltr'>scire.</span> 
     </span>
    </p>

    <p class='ocr_par' dir='ltr' id='par_1_5' title="bbox 582 2630 1942 2742">
     <span class='ocr_line' id='line_1_17' title="bbox 582 2630 1942 2736; baseline 0.001 -29"><span class='ocrx_word' id='word_1_143' title='bbox 582 2630 692 2719; x_wconf 87' lang='lat' dir='ltr'>Item,</span> <span class='ocrx_word' id='word_1_144' title='bbox 712 2659 825 2736; x_wconf 90' lang='lat' dir='ltr'>super</span> <span class='ocrx_word' id='word_1_145' title='bbox 840 2659 898 2709; x_wconf 83' lang='lat' dir='ltr'>cru</span> <span class='ocrx_word' id='word_1_146' title='bbox 915 2632 1072 2708; x_wconf 86' lang='lat' dir='ltr'>articulo</span> <span class='ocrx_word' id='word_1_147' title='bbox 1092 2632 1313 2734; x_wconf 88' lang='lat' dir='ltr'>requisitus,</span> <span class='ocrx_word' id='word_1_148' title='bbox 1330 2631 1526 2736; x_wconf 90' lang='lat' dir='ltr'>respondit</span> <span class='ocrx_word' id='word_1_149' title='bbox 1544 2660 1591 2710; x_wconf 88' lang='lat' dir='ltr'>se·</span> <span class='ocrx_word' id='word_1_150' title='bbox 1604 2631 1722 2709; x_wconf 89' lang='lat' dir='ltr'>nichil</span> <span class='ocrx_word' id='word_1_151' title='bbox 1740 2630 1853 2724; x_wconf 89' lang='lat' dir='ltr'>scire,</span> <span class='ocrx_word' id='word_1_152' title='bbox 1875 2633 1942 2711; x_wconf 87' lang='lat' dir='ltr'>nisi</span> 
     </span>
    </p>
   </div>
   <div class='ocr_carea' id='block_1_3' title="bbox 395 2760 1318 2867">
    <p class='ocr_par' dir='ltr' id='par_1_6' title="bbox 395 2760 1318 2867">
     <span class='ocr_line' id='line_1_18' title="bbox 395 2760 1318 2867; baseline 0.002 -33"><span class='ocrx_word' id='word_1_153' title='bbox 395 2845 398 2851; x_wconf 43' lang='grc'><strong>,</strong></span> <span class='ocrx_word' id='word_1_154' title='bbox 527 2761 573 2835; x_wconf 86' lang='lat' dir='ltr'>de</span> <span class='ocrx_word' id='word_1_155' title='bbox 593 2760 811 2864; x_wconf 88' lang='lat' dir='ltr'>presbiteris</span> <span class='ocrx_word' id='word_1_156' title='bbox 830 2778 944 2866; x_wconf 91' lang='lat' dir='ltr'>prout</span> <span class='ocrx_word' id='word_1_157' title='bbox 963 2789 1076 2866; x_wconf 89' lang='lat' dir='ltr'>supra</span> <span class='ocrx_word' id='word_1_158' title='bbox 1094 2761 1283 2867; x_wconf 88' lang='lat' dir='ltr'>deposuit.</span> <span class='ocrx_word' id='word_1_159' title='bbox 1314 2794 1318 2801; x_wconf 93' lang='lat'>·</span> 
     </span>
    </p>
   </div>
   <div class='ocr_carea' id='block_1_4' title="bbox 523 2889 1943 4302">
    <p class='ocr_par' dir='ltr' id='par_1_7' title="bbox 526 2889 1943 3253">
     <span class='ocr_line' id='line_1_19' title="bbox 581 2889 1942 2999; baseline 0.006 -37"><span class='ocrx_word' id='word_1_160' title='bbox 581 2889 692 2979; x_wconf 86' lang='lat' dir='ltr'>Item,</span> <span class='ocrx_word' id='word_1_161' title='bbox 714 2917 827 2994; x_wconf 85' lang='lat' dir='ltr'>super</span> <span class='ocrx_word' id='word_1_162' title='bbox 847 2916 919 2967; x_wconf 78' lang='lat' dir='ltr'>cim</span> <span class='ocrx_word' id='word_1_163' title='bbox 939 2906 977 2967; x_wconf 86' lang='lat' dir='ltr'>et</span> <span class='ocrx_word' id='word_1_164' title='bbox 994 2916 1058 2968; x_wconf 85' lang='lat' dir='ltr'>xm</span> <span class='ocrx_word' id='word_1_165' title='bbox 1082 2889 1246 2968; x_wconf 81' lang='lat' dir='ltr'>urticuIIs</span> <span class='ocrx_word' id='word_1_166' title='bbox 1268 2891 1488 2997; x_wconf 89' lang='lat' dir='ltr'>requisitus,</span> <span class='ocrx_word' id='word_1_167' title='bbox 1510 2893 1707 2999; x_wconf 89' lang='lat' dir='ltr'>respondit</span> <span class='ocrx_word' id='word_1_168' title='bbox 1729 2922 1769 2970; x_wconf 91' lang='lat' dir='ltr'>se</span> <span class='ocrx_word' id='word_1_169' title='bbox 1793 2895 1942 2972; x_wconf 84' lang='lat' dir='ltr'>credere</span> 
     </span>
     <span class='ocr_line' id='line_1_20' title="bbox 526 3019 1943 3130; baseline 0.008 -39"><span class='ocrx_word' id='word_1_170' title='bbox 526 3034 699 3093; x_wconf 87' lang='lat' dir='ltr'>contenta</span> <span class='ocrx_word' id='word_1_171' title='bbox 715 3019 755 3093; x_wconf 93' lang='lat' dir='ltr'>in</span> <span class='ocrx_word' id='word_1_172' title='bbox 772 3019 881 3096; x_wconf 90' lang='lat' dir='ltr'>dictis</span> <span class='ocrx_word' id='word_1_173' title='bbox 900 3020 1065 3098; x_wconf 84' lang='lat' dir='ltr'>articulis</span> <span class='ocrx_word' id='word_1_174' title='bbox 1085 3049 1165 3098; x_wconf 89' lang='lat' dir='ltr'>esse</span> <span class='ocrx_word' id='word_1_175' title='bbox 1184 3049 1280 3099; x_wconf 86' lang='lat' dir='ltr'>vera.</span> <span class='ocrx_word' id='word_1_176' title='bbox 1300 3022 1516 3129; x_wconf 87' lang='lat' dir='ltr'>Requisitus</span> <span class='ocrx_word' id='word_1_177' title='bbox 1536 3023 1584 3101; x_wconf 92' lang='lat' dir='ltr'>de</span> <span class='ocrx_word' id='word_1_178' title='bbox 1604 3052 1731 3110; x_wconf 87' lang='lat' dir='ltr'>causa,</span> <span class='ocrx_word' id='word_1_179' title='bbox 1752 3025 1943 3130; x_wconf 90' lang='lat' dir='ltr'>respondit</span> 
     </span>
     <span class='ocr_line' id='line_1_21' title="bbox 526 3147 1524 3253; baseline 0.009 -31"><span class='ocrx_word' id='word_1_180' title='bbox 526 3147 630 3253; x_wconf 92' lang='lat' dir='ltr'>quod</span> <span class='ocrx_word' id='word_1_181' title='bbox 650 3148 702 3222; x_wconf 90' lang='lat' dir='ltr'>sic</span> <span class='ocrx_word' id='word_1_182' title='bbox 721 3147 913 3226; x_wconf 86' lang='lat' dir='ltr'>audiverat</span> <span class='ocrx_word' id='word_1_183' title='bbox 929 3148 1001 3225; x_wconf 89' lang='lat' dir='ltr'>dici</span> <span class='ocrx_word' id='word_1_184' title='bbox 1022 3177 1043 3226; x_wconf 90' lang='lat' dir='ltr'>a</span> <span class='ocrx_word' id='word_1_185' title='bbox 1061 3148 1238 3228; x_wconf 80' lang='lat' dir='ltr'>iratribus</span> <span class='ocrx_word' id='word_1_186' title='bbox 1258 3151 1347 3228; x_wconf 90' lang='lat' dir='ltr'>dicti</span> <span class='ocrx_word' id='word_1_187' title='bbox 1369 3152 1524 3231; x_wconf 82' lang='lat' dir='ltr'>ordinis.</span> 
     </span>
    </p>

    <p class='ocr_par' dir='ltr' id='par_1_8' title="bbox 523 3280 1941 4039">
     <span class='ocr_line' id='line_1_22' title="bbox 581 3280 1941 3391; baseline 0.004 -37"><span class='ocrx_word' id='word_1_188' title='bbox 581 3280 693 3364; x_wconf 90' lang='lat' dir='ltr'>Item,</span> <span class='ocrx_word' id='word_1_189' title='bbox 715 3307 828 3383; x_wconf 88' lang='lat' dir='ltr'>super</span> <span class='ocrx_word' id='word_1_190' title='bbox 848 3305 946 3357; x_wconf 84' lang='lat' dir='ltr'>cmm</span> <span class='ocrx_word' id='word_1_191' title='bbox 963 3280 1119 3357; x_wconf 89' lang='lat' dir='ltr'>articulo</span> <span class='ocrx_word' id='word_1_192' title='bbox 1145 3281 1365 3387; x_wconf 88' lang='lat' dir='ltr'>requisitus,</span> <span class='ocrx_word' id='word_1_193' title='bbox 1387 3283 1582 3388; x_wconf 89' lang='lat' dir='ltr'>respondit</span> <span class='ocrx_word' id='word_1_194' title='bbox 1601 3312 1640 3360; x_wconf 92' lang='lat' dir='ltr'>se</span> <span class='ocrx_word' id='word_1_195' title='bbox 1661 3284 1814 3361; x_wconf 85' lang='lat' dir='ltr'>credere</span> <span class='ocrx_word' id='word_1_196' title='bbox 1839 3285 1941 3391; x_wconf 91' lang='lat' dir='ltr'>quod</span> 
     </span>
     <span class='ocr_line' id='line_1_23' title="bbox 525 3408 1939 3515; baseline 0.006 -33"><span class='ocrx_word' id='word_1_197' title='bbox 525 3408 637 3515; x_wconf 87' lang='lat' dir='ltr'>longo</span> <span class='ocrx_word' id='word_1_198' title='bbox 663 3425 833 3514; x_wconf 87' lang='lat' dir='ltr'>tempore</span> <span class='ocrx_word' id='word_1_199' title='bbox 858 3409 1088 3489; x_wconf 89' lang='lat' dir='ltr'>duraverunt</span> <span class='ocrx_word' id='word_1_200' title='bbox 1114 3411 1153 3486; x_wconf 90' lang='lat' dir='ltr'>in</span> <span class='ocrx_word' id='word_1_201' title='bbox 1178 3410 1278 3488; x_wconf 90' lang='lat' dir='ltr'>dicto</span> <span class='ocrx_word' id='word_1_202' title='bbox 1305 3412 1437 3489; x_wconf 89' lang='lat' dir='ltr'>ordine</span> <span class='ocrx_word' id='word_1_203' title='bbox 1463 3413 1552 3490; x_wconf 91' lang='lat' dir='ltr'>dicti</span> <span class='ocrx_word' id='word_1_204' title='bbox 1578 3442 1723 3491; x_wconf 89' lang='lat' dir='ltr'>errores</span> <span class='ocrx_word' id='word_1_205' title='bbox 1747 3413 1939 3491; x_wconf 86' lang='lat' dir='ltr'>confessati</span> 
     </span>
     <span class='ocr_line' id='line_1_24' title="bbox 525 3539 1938 3651; baseline 0.003 -37"><span class='ocrx_word' id='word_1_206' title='bbox 525 3568 592 3643; x_wconf 91' lang='lat' dir='ltr'>per</span> <span class='ocrx_word' id='word_1_207' title='bbox 610 3567 715 3626; x_wconf 90' lang='lat' dir='ltr'>eum,</span> <span class='ocrx_word' id='word_1_208' title='bbox 738 3556 833 3616; x_wconf 89' lang='lat' dir='ltr'>etse</span> <span class='ocrx_word' id='word_1_209' title='bbox 854 3540 1036 3618; x_wconf 83' lang='lat' dir='ltr'>audivisse</span> <span class='ocrx_word' id='word_1_210' title='bbox 1056 3539 1128 3618; x_wconf 91' lang='lat' dir='ltr'>dici</span> <span class='ocrx_word' id='word_1_211' title='bbox 1150 3571 1170 3619; x_wconf 89' lang='lat' dir='ltr'>a</span> <span class='ocrx_word' id='word_1_212' title='bbox 1188 3540 1367 3620; x_wconf 84' lang='lat' dir='ltr'>fratribus</span> <span class='ocrx_word' id='word_1_213' title='bbox 1387 3543 1474 3620; x_wconf 89' lang='lat' dir='ltr'>dicti</span> <span class='ocrx_word' id='word_1_214' title='bbox 1496 3546 1640 3622; x_wconf 89' lang='lat' dir='ltr'>ordinis</span> <span class='ocrx_word' id='word_1_215' title='bbox 1658 3544 1760 3651; x_wconf 89' lang='lat' dir='ltr'>quod</span> <span class='ocrx_word' id='word_1_216' title='bbox 1780 3545 1826 3619; x_wconf 91' lang='lat' dir='ltr'>in.</span> <span class='ocrx_word' id='word_1_217' title='bbox 1837 3545 1938 3619; x_wconf 91' lang='lat' dir='ltr'>dicto</span> 
     </span>
     <span class='ocr_line' id='line_1_25' title="bbox 526 3668 1938 3781; baseline 0.005 -39"><span class='ocrx_word' id='word_1_218' title='bbox 526 3668 656 3744; x_wconf 91' lang='lat' dir='ltr'>ordine</span> <span class='ocrx_word' id='word_1_219' title='bbox 678 3686 783 3745; x_wconf 90' lang='lat' dir='ltr'>erant</span> <span class='ocrx_word' id='word_1_220' title='bbox 802 3669 925 3777; x_wconf 91' lang='lat' dir='ltr'>aliqua</span> <span class='ocrx_word' id='word_1_221' title='bbox 945 3700 1019 3777; x_wconf 91' lang='lat' dir='ltr'>que</span> <span class='ocrx_word' id='word_1_222' title='bbox 1045 3671 1291 3777; x_wconf 84' lang='lat' dir='ltr'>indulgebant</span> <span class='ocrx_word' id='word_1_223' title='bbox 1313 3675 1522 3751; x_wconf 86' lang='lat' dir='ltr'>corectione</span> <span class='ocrx_word' id='word_1_224' title='bbox 1544 3693 1581 3752; x_wconf 90' lang='lat' dir='ltr'>et</span> <span class='ocrx_word' id='word_1_225' title='bbox 1600 3676 1851 3781; x_wconf 80' lang='lat' dir='ltr'>indiguerunt,</span> <span class='ocrx_word' id='word_1_226' title='bbox 1873 3675 1938 3749; x_wconf 91' lang='lat' dir='ltr'>tri-</span> 
     </span>
     <span class='ocr_line' id='line_1_26' title="bbox 523 3800 1939 3913; baseline 0.005 -39"><span class='ocrx_word' id='word_1_227' title='bbox 523 3800 625 3903; x_wconf 86' lang='lat' dir='ltr'>ginta</span> <span class='ocrx_word' id='word_1_228' title='bbox 640 3800 727 3876; x_wconf 88' lang='lat' dir='ltr'>anni</span> <span class='ocrx_word' id='word_1_229' title='bbox 744 3819 848 3878; x_wconf 87' lang='lat' dir='ltr'>erant</span> <span class='ocrx_word' id='word_1_230' title='bbox 863 3801 995 3907; x_wconf 86' lang='lat' dir='ltr'>elapsi;</span> <span class='ocrx_word' id='word_1_231' title='bbox 1013 3801 1060 3879; x_wconf 87' lang='lat' dir='ltr'>dc</span> <span class='ocrx_word' id='word_1_232' title='bbox 1077 3819 1246 3913; x_wconf 89' lang='lat' dir='ltr'>tempore</span> <span class='ocrx_word' id='word_1_233' title='bbox 1264 3821 1407 3893; x_wconf 89' lang='lat' dir='ltr'>tamen,</span> <span class='ocrx_word' id='word_1_234' title='bbox 1424 3805 1507 3882; x_wconf 92' lang='lat' dir='ltr'>loco</span> <span class='ocrx_word' id='word_1_235' title='bbox 1525 3823 1562 3883; x_wconf 89' lang='lat' dir='ltr'>et</span> <span class='ocrx_word' id='word_1_236' title='bbox 1577 3807 1747 3912; x_wconf 86' lang='lat' dir='ltr'>personis</span> <span class='ocrx_word' id='word_1_237' title='bbox 1764 3823 1801 3883; x_wconf 88' lang='lat' dir='ltr'>et</span> <span class='ocrx_word' id='word_1_238' title='bbox 1818 3835 1839 3882; x_wconf 89' lang='lat' dir='ltr'>a</span> <span class='ocrx_word' id='word_1_239' title='bbox 1855 3806 1939 3912; x_wconf 89' lang='lat' dir='ltr'>qui-</span> 
     </span>
     <span class='ocr_line' id='line_1_27' title="bbox 523 3930 1549 4039; baseline 0.008 -35"><span class='ocrx_word' id='word_1_240' title='bbox 523 3930 595 4007; x_wconf 88' lang='lat' dir='ltr'>hus</span> <span class='ocrx_word' id='word_1_241' title='bbox 615 3932 757 4015; x_wconf 85' lang='lat' dir='ltr'>audivit</span> <span class='ocrx_word' id='word_1_242' title='bbox 776 3933 958 4037; x_wconf 89' lang='lat' dir='ltr'>predicta,</span> <span class='ocrx_word' id='word_1_243' title='bbox 981 3935 1176 4039; x_wconf 90' lang='lat' dir='ltr'>respondit</span> <span class='ocrx_word' id='word_1_244' title='bbox 1195 3963 1233 4011; x_wconf 90' lang='lat' dir='ltr'>se</span> <span class='ocrx_word' id='word_1_245' title='bbox 1254 3963 1330 4011; x_wconf 90' lang='lat' dir='ltr'>non</span> <span class='ocrx_word' id='word_1_246' title='bbox 1349 3937 1549 4013; x_wconf 87' lang='lat' dir='ltr'>recordari.</span> 
     </span>
    </p>

    <p class='ocr_par' dir='ltr' id='par_1_9' title="bbox 525 4062 1937 4302">
     <span class='ocr_line' id='line_1_28' title="bbox 580 4062 1937 4173; baseline 0.004 -37"><span class='ocrx_word' id='word_1_247' title='bbox 580 4062 688 4150; x_wconf 90' lang='lat' dir='ltr'>Item,</span> <span class='ocrx_word' id='word_1_248' title='bbox 707 4092 820 4169; x_wconf 89' lang='lat' dir='ltr'>super</span> <span class='ocrx_word' id='word_1_249' title='bbox 835 4091 915 4155; x_wconf 84' lang='lat' dir='ltr'>cxv,</span> <span class='ocrx_word' id='word_1_250' title='bbox 935 4091 994 4143; x_wconf 79' lang='lat' dir='ltr'>xv1</span> <span class='ocrx_word' id='word_1_251' title='bbox 1015 4081 1053 4143; x_wconf 87' lang='lat' dir='ltr'>et</span> <span class='ocrx_word' id='word_1_252' title='bbox 1074 4091 1148 4145; x_wconf 80' lang='lat' dir='ltr'>xvu</span> <span class='ocrx_word' id='word_1_253' title='bbox 1167 4066 1333 4144; x_wconf 88' lang='lat' dir='ltr'>articulis</span> <span class='ocrx_word' id='word_1_254' title='bbox 1352 4067 1571 4173; x_wconf 89' lang='lat' dir='ltr'>requisitus,</span> <span class='ocrx_word' id='word_1_255' title='bbox 1591 4067 1788 4172; x_wconf 87' lang='lat' dir='ltr'>respondit</span> <span class='ocrx_word' id='word_1_256' title='bbox 1805 4093 1844 4144; x_wconf 88' lang='lat' dir='ltr'>se</span> <span class='ocrx_word' id='word_1_257' title='bbox 1865 4095 1937 4143; x_wconf 76' lang='lat' dir='ltr'>cre</span> 
     </span>
     <span class='ocr_line' id='line_1_29' title="bbox 525 4189 1935 4302; baseline 0.007 -41"><span class='ocrx_word' id='word_1_258' title='bbox 525 4189 613 4264; x_wconf 86' lang='lat' dir='ltr'>dere</span> <span class='ocrx_word' id='word_1_259' title='bbox 634 4220 718 4266; x_wconf 90' lang='lat' dir='ltr'>vera</span> <span class='ocrx_word' id='word_1_260' title='bbox 739 4222 819 4270; x_wconf 88' lang='lat' dir='ltr'>esse</span> <span class='ocrx_word' id='word_1_261' title='bbox 835 4211 1009 4271; x_wconf 89' lang='lat' dir='ltr'>contenta</span> <span class='ocrx_word' id='word_1_262' title='bbox 1025 4194 1062 4270; x_wconf 88' lang='lat' dir='ltr'>in</span> <span class='ocrx_word' id='word_1_263' title='bbox 1078 4195 1168 4301; x_wconf 91' lang='lat' dir='ltr'>ipsis</span> <span class='ocrx_word' id='word_1_264' title='bbox 1183 4196 1365 4286; x_wconf 87' lang='lat' dir='ltr'>articulis,</span> <span class='ocrx_word' id='word_1_265' title='bbox 1383 4223 1453 4272; x_wconf 86' lang='lat' dir='ltr'>nec</span> <span class='ocrx_word' id='word_1_266' title='bbox 1467 4197 1576 4284; x_wconf 88' lang='lat' dir='ltr'>vidit,</span> <span class='ocrx_word' id='word_1_267' title='bbox 1594 4215 1637 4273; x_wconf 92' lang='lat' dir='ltr'>ut</span> <span class='ocrx_word' id='word_1_268' title='bbox 1652 4197 1760 4281; x_wconf 82' lang='lat' dir='ltr'>dixit,</span> <span class='ocrx_word' id='word_1_269' title='bbox 1778 4194 1935 4302; x_wconf 82' lang='lat' dir='ltr'>aliquam</span> 
     </span>
    </p>
   </div>
   <div class='ocr_carea' id='block_1_5' title="bbox 522 4321 1937 4956">
    <p class='ocr_par' dir='ltr' id='par_1_10' title="bbox 525 4321 1674 4433">
     <span class='ocr_line' id='line_1_30' title="bbox 525 4321 1674 4433; baseline 0.01 -41"><span class='ocrx_word' id='word_1_270' title='bbox 525 4321 831 4400; x_wconf 86' lang='lat' dir='ltr'>emendacionem</span> <span class='ocrx_word' id='word_1_271' title='bbox 852 4326 890 4400; x_wconf 91' lang='lat' dir='ltr'>in</span> <span class='ocrx_word' id='word_1_272' title='bbox 912 4324 1102 4403; x_wconf 89' lang='lat' dir='ltr'>erroribus</span> <span class='ocrx_word' id='word_1_273' title='bbox 1121 4355 1233 4433; x_wconf 86' lang='lat' dir='ltr'>supra</span> <span class='ocrx_word' id='word_1_274' title='bbox 1254 4326 1468 4404; x_wconf 84' lang='lat' dir='ltr'>confessatis</span> <span class='ocrx_word' id='word_1_275' title='bbox 1486 4356 1554 4433; x_wconf 87' lang='lat' dir='ltr'>per</span> <span class='ocrx_word' id='word_1_276' title='bbox 1575 4356 1674 4403; x_wconf 87' lang='lat' dir='ltr'>eum.</span> 
     </span>
    </p>

    <p class='ocr_par' dir='ltr' id='par_1_11' title="bbox 522 4450 1937 4956">
     <span class='ocr_line' id='line_1_31' title="bbox 578 4450 1937 4563; baseline 0.004 -38"><span class='ocrx_word' id='word_1_277' title='bbox 578 4450 687 4543; x_wconf 87' lang='lat' dir='ltr'>Item,</span> <span class='ocrx_word' id='word_1_278' title='bbox 706 4482 819 4558; x_wconf 88' lang='lat' dir='ltr'>super</span> <span class='ocrx_word' id='word_1_279' title='bbox 839 4481 946 4535; x_wconf 81' lang='lat' dir='ltr'>cxvm</span> <span class='ocrx_word' id='word_1_280' title='bbox 963 4455 1118 4532; x_wconf 91' lang='lat' dir='ltr'>articulo</span> <span class='ocrx_word' id='word_1_281' title='bbox 1134 4457 1352 4563; x_wconf 89' lang='lat' dir='ltr'>requisitus,</span> <span class='ocrx_word' id='word_1_282' title='bbox 1374 4456 1569 4562; x_wconf 88' lang='lat' dir='ltr'>respondit</span> <span class='ocrx_word' id='word_1_283' title='bbox 1588 4456 1693 4563; x_wconf 92' lang='lat' dir='ltr'>quod</span> <span class='ocrx_word' id='word_1_284' title='bbox 1712 4455 1823 4533; x_wconf 91' lang='lat' dir='ltr'>multi</span> <span class='ocrx_word' id='word_1_285' title='bbox 1846 4457 1937 4532; x_wconf 85' lang='lat' dir='ltr'>exie·</span> 
     </span>
     <span class='ocr_line' id='line_1_32' title="bbox 523 4579 1936 4695; baseline 0.005 -43"><span class='ocrx_word' id='word_1_286' title='bbox 523 4595 606 4654; x_wconf 85' lang='lat' dir='ltr'>rant</span> <span class='ocrx_word' id='word_1_287' title='bbox 623 4579 766 4657; x_wconf 90' lang='lat' dir='ltr'>dictum</span> <span class='ocrx_word' id='word_1_288' title='bbox 782 4586 975 4695; x_wconf 85' lang='lat' dir='ltr'>ordinem,</span> <span class='ocrx_word' id='word_1_289' title='bbox 992 4583 1111 4661; x_wconf 87' lang='lat' dir='ltr'>nescit</span> <span class='ocrx_word' id='word_1_290' title='bbox 1124 4600 1251 4664; x_wconf 91' lang='lat' dir='ltr'>tamen</span> <span class='ocrx_word' id='word_1_291' title='bbox 1271 4616 1314 4664; x_wconf 81' lang='lat' dir='ltr'>cx</span> <span class='ocrx_word' id='word_1_292' title='bbox 1331 4617 1405 4694; x_wconf 91' lang='lat' dir='ltr'>qua</span> <span class='ocrx_word' id='word_1_293' title='bbox 1420 4616 1543 4675; x_wconf 90' lang='lat' dir='ltr'>causa,</span> <span class='ocrx_word' id='word_1_294' title='bbox 1561 4605 1598 4662; x_wconf 91' lang='lat' dir='ltr'>et</span> <span class='ocrx_word' id='word_1_295' title='bbox 1617 4588 1722 4693; x_wconf 92' lang='lat' dir='ltr'>quod</span> <span class='ocrx_word' id='word_1_296' title='bbox 1740 4586 1821 4690; x_wconf 89' lang='lat' dir='ltr'>ipse</span> <span class='ocrx_word' id='word_1_297' title='bbox 1838 4586 1936 4663; x_wconf 85' lang='lat' dir='ltr'>testis</span> 
     </span>
     <span class='ocr_line' id='line_1_33' title="bbox 524 4706 1935 4823; baseline 0.006 -41"><span class='ocrx_word' id='word_1_298' title='bbox 524 4706 695 4784; x_wconf 81' lang='lat' dir='ltr'>exivisset</span> <span class='ocrx_word' id='word_1_299' title='bbox 714 4709 857 4789; x_wconf 90' lang='lat' dir='ltr'>dictum</span> <span class='ocrx_word' id='word_1_300' title='bbox 878 4715 1051 4792; x_wconf 89' lang='lat' dir='ltr'>ordinem</span> <span class='ocrx_word' id='word_1_301' title='bbox 1069 4741 1118 4793; x_wconf 81' lang='lat' dir='ltr'>vu</span> <span class='ocrx_word' id='word_1_302' title='bbox 1136 4717 1222 4792; x_wconf 90' lang='lat' dir='ltr'>anni</span> <span class='ocrx_word' id='word_1_303' title='bbox 1241 4736 1330 4796; x_wconf 89' lang='lat' dir='ltr'>sunt</span> <span class='ocrx_word' id='word_1_304' title='bbox 1349 4718 1480 4823; x_wconf 87' lang='lat' dir='ltr'>elapsi,</span> <span class='ocrx_word' id='word_1_305' title='bbox 1502 4737 1540 4796; x_wconf 90' lang='lat' dir='ltr'>et</span> <span class='ocrx_word' id='word_1_306' title='bbox 1559 4719 1679 4796; x_wconf 86' lang='lat' dir='ltr'>credit</span> <span class='ocrx_word' id='word_1_307' title='bbox 1698 4717 1817 4793; x_wconf 89' lang='lat' dir='ltr'>eciam</span> <span class='ocrx_word' id='word_1_308' title='bbox 1837 4715 1935 4823; x_wconf 83' lang='lat' dir='ltr'>quod</span> 
     </span>
     <span class='ocr_line' id='line_1_34' title="bbox 522 4836 1936 4956; baseline 0.006 -43"><span class='ocrx_word' id='word_1_309' title='bbox 522 4836 718 4945; x_wconf 85' lang='lat' dir='ltr'>quingenti</span> <span class='ocrx_word' id='word_1_310' title='bbox 736 4838 798 4915; x_wconf 88' lang='lat' dir='ltr'>alii</span> <span class='ocrx_word' id='word_1_311' title='bbox 817 4857 856 4918; x_wconf 89' lang='lat' dir='ltr'>et</span> <span class='ocrx_word' id='word_1_312' title='bbox 872 4843 969 4920; x_wconf 88' lang='lat' dir='ltr'>ultra</span> <span class='ocrx_word' id='word_1_313' title='bbox 984 4844 1160 4924; x_wconf 80' lang='lat' dir='ltr'>iecissent</span> <span class='ocrx_word' id='word_1_314' title='bbox 1176 4847 1278 4925; x_wconf 88' lang='lat' dir='ltr'>idem</span> <span class='ocrx_word' id='word_1_315' title='bbox 1297 4867 1381 4929; x_wconf 86' lang='lat' dir='ltr'>ante</span> <span class='ocrx_word' id='word_1_316' title='bbox 1403 4878 1535 4926; x_wconf 90' lang='lat' dir='ltr'>eorum</span> <span class='ocrx_word' id='word_1_317' title='bbox 1554 4850 1768 4956; x_wconf 86' lang='lat' dir='ltr'>capcionem</span> <span class='ocrx_word' id='word_1_318' title='bbox 1789 4877 1858 4955; x_wconf 88' lang='lat' dir='ltr'>per</span> <span class='ocrx_word' id='word_1_319' title='bbox 1875 4846 1936 4922; x_wconf 90' lang='lat' dir='ltr'>ali-</span> 
     </span>
    </p>
   </div>
   <div class='ocr_carea' id='block_1_6' title="bbox 0 0 2044 6052">
    <p class='ocr_par' dir='ltr' id='par_1_12' title="bbox 0 0 2044 6052">
     <span class='ocr_line' id='line_1_35' title="bbox 0 0 2044 6052; baseline 0 2"><span class='ocrx_word' id='word_1_320' title='bbox 0 0 2044 6052; x_wconf 95' lang='lat' dir='ltr'> </span> 
     </span>
    </p>
   </div>
  </div>
 </body>
</html>
