4080 6052
520 535 593 605 ase
838 574 845 591 .
905 508 1099 600 procus
1124 525 1219 597 ors
1245 522 1546 597 rennuens.

519 701 599 758 eos,
616 670 675 746 vel
696 695 828 744 eorum
849 666 1030 770 aliquem,
1048 693 1092 742 ex
1110 664 1234 770 aliqua
1249 691 1356 738 causa
1371 690 1448 738 non
1465 660 1660 738 convenire
1681 660 1729 737 ad
1754 660 1886 745 locum
1901 663 1938 739 in

516 833 593 909 quo
613 798 923 879 examinabuntur
946 813 1076 887 testes,
1093 793 1198 902 quod
1223 792 1284 869 alii
1308 792 1467 899 college,
1494 792 1588 869 dum
1606 808 1756 868 tantum
1779 793 1822 868 in
1837 792 1939 871 suffi-

518 933 630 1009 cienti
641 957 799 1008 numero
812 926 969 1015 fuerint,
979 927 1185 1033 procedant
1196 924 1236 999 in
1249 923 1404 1030 negocio
1420 939 1645 1013 memorato,
1661 950 1799 999 eorum
1812 922 1938 1001 absen-

518 1065 573 1138 cia
597 1091 672 1138 non
692 1062 878 1148 obstante,
895 1086 943 1134 ne
963 1074 1117 1162 proptor
1136 1055 1275 1131 dictam
1295 1053 1505 1130 absenciam
1519 1081 1737 1158 processum
1757 1053 1935 1130 retardari

518 1194 715 1300 contingat.
741 1191 788 1267 Et
806 1189 876 1293 ipsi
893 1206 932 1265 et
947 1188 1123 1265 dominus
1144 1184 1429 1261 archidiaconus
1445 1184 1693 1261 Tridentinus
1708 1185 1935 1262 unanimiter

517 1324 791 1428 deputaverunt
813 1319 971 1394 domum
987 1334 1153 1392 vocatam
1174 1314 1221 1391 de
1242 1314 1276 1390 la
1291 1314 1466 1419 Serpent,
1484 1343 1559 1420 que
1581 1332 1637 1390 est
1655 1313 1802 1392 abbatis
1818 1317 1935 1393 Fisce-

517 1454 649 1537 tensis,
663 1451 772 1527 sitam
790 1448 952 1522 Parisius
972 1449 1012 1521 in
1025 1445 1204 1521 Parochia
1224 1445 1338 1520 sancti
1359 1443 1507 1520 Andree
1521 1445 1568 1520 de
1584 1442 1774 1536 Arcubus,
1792 1445 1841 1522 ad
1857 1474 1937 1523 exa-

519 1581 741 1656 minandum
759 1594 874 1653 testes
887 1575 1074 1680 predictos
1092 1591 1131 1649 et
1148 1572 1241 1649 alios
1255 1573 1295 1647 in
1313 1573 1413 1650 dicto
1428 1574 1585 1680 negocio
1599 1575 1882 1680 producendos,
1900 1595 1937 1653 et

518 1711 566 1787 ad
580 1690 918 1813 procedendumin
933 1704 1033 1781 dicto
1053 1702 1209 1808 negocio
1230 1701 1389 1779 ulterius
1404 1720 1447 1778 ut
1459 1703 1524 1808 jus
1547 1704 1634 1794 erit,
1653 1704 1774 1781 donec
1785 1732 1852 1810 per
1865 1734 1935 1784 eos

519 1867 631 1945 super
646 1837 885 1915 ordinacione
904 1834 976 1911 loci
992 1833 1097 1909 alind
1110 1830 1225 1908 fuerit
1240 1832 1468 1909 ordinatum.

576 1973 744 2047 Tenores
758 1984 885 2043 autem
901 1966 1085 2041 dictarum
1099 1963 1311 2041 litterarum
1326 1965 1641 2042 excusatoriarum
1654 1965 1749 2043 tales
1763 1985 1876 2044 sunt:

493 2112 498 2121 '
576 2097 801 2174 Reverendis
829 2096 867 2170 in
890 2093 1039 2171 Christo
1061 2091 1229 2198 patribus
1249 2121 1290 2168 ac
1313 2094 1492 2183 dominis,
1521 2094 1684 2171 dominis
1701 2095 1777 2172 Dei
1798 2098 1933 2204 gracia,
1991 2149 1996 2161 ·

519 2226 749 2304 Narbonensi
766 2224 1060 2329 archiepiscopo,
1078 2222 1287 2299 Mimatensi
1308 2251 1349 2297 ac
1374 2223 1626 2301 Lemovicensi
1647 2224 1850 2331 episcopis,
1872 2253 1936 2303 nec

519 2387 595 2435 non
617 2357 785 2434 discretis
803 2354 890 2431 viris
910 2352 1094 2459 magistris
1115 2355 1238 2429 Mateo
1259 2352 1305 2427 de
1326 2353 1480 2457 Neapoli
1500 2353 1539 2428 in
1561 2354 1936 2447 ecclesia-Rothoma·

465 2461 470 2468 ᾗ
517 2489 637 2593 gensi,
655 2516 696 2563 ac
710 2484 964 2592 Magalonensi
980 2500 1017 2560 et
1030 2483 1254 2559 Tridentino
1270 2482 1558 2573 archidiaconis,
1575 2511 1597 2559 a
1616 2482 1715 2560 Sede
1737 2486 1937 2589 apostolica

519 2645 633 2723 super
652 2615 898 2722 inquisicione
919 2614 1087 2688 facienda
1102 2628 1229 2687 contra
1250 2613 1422 2688 ordinem
1438 2611 1741 2716 Templariorum
1761 2615 1801 2690 in
1823 2644 1937 2722 regno

518 2750 669 2825 Francie
690 2748 893 2852 deputatis,
911 2774 986 2820 una
1005 2772 1092 2820 cum
1118 2742 1199 2818 aliis
1219 2743 1258 2817 in
1278 2741 1413 2819 litteris
1433 2743 1647 2849 apostolicis
1662 2745 1869 2835 declaratis,
1887 2745 1930 2822 G.

520 2878 652 2951 eadem
668 2877 787 2981 gracia
807 2877 1002 2979 episcopus
1021 2873 1247 2980 Bajocensis,
1266 2873 1406 2979 collega
1427 2875 1648 2950 eorumdem
1669 2876 1710 2952 in
1728 2876 1931 2982 premissis,

520 3002 695 3089 salutem,
716 3032 802 3079 cum
822 3005 964 3079 sincera
984 3004 1022 3079 in
1039 3004 1204 3081 Domino
1223 3002 1388 3079 karitate.
1406 3002 1595 3095 Quoniam
1615 3003 1802 3083 nollemus
1819 3003 1935 3111 prela·

518 3150 601 3207 tum
616 3133 873 3238 inquisicionis
895 3135 1094 3239 negocium
1110 3163 1177 3240 per
1191 3150 1356 3211 nostram
1372 3133 1582 3210 absenciam
1601 3135 1796 3239 impediri,
1824 3135 1937 3214 fueri-

520 3289 679 3366 musque
706 3279 742 3336 et
766 3261 889 3337 adhuc
909 3262 1026 3339 simus
1051 3264 1176 3340 arduis
1203 3263 1368 3369 negociis
1394 3280 1472 3339 tam
1498 3265 1635 3342 nostris
1653 3295 1767 3371 quam
1793 3265 1936 3343 domini

519 3393 626 3496 Regis
647 3410 685 3467 et
699 3393 803 3497 regni
819 3393 1009 3496 impediti,
1027 3421 1096 3470 nos
1115 3393 1219 3469 vobis
1235 3393 1506 3483 excusavimus,
1522 3395 1700 3499 quociens
1719 3422 1788 3470 nos
1805 3394 1934 3474 abesse

518 3522 739 3627 contingerit
757 3552 777 3597 a
795 3522 886 3598 locis
902 3520 967 3596 ubi
990 3550 1054 3598 vos
1074 3523 1131 3597 vel
1162 3522 1228 3605 ulli
1251 3551 1294 3597 ex
1317 3523 1423 3599 vobis
1446 3524 1484 3597 in
1512 3523 1610 3599 dicto
1633 3522 1786 3627 negocio
1813 3521 1935 3598 insuf-

519 3647 655 3725 ficienti
673 3680 832 3728 numero
853 3651 1014 3743 fueritis,
1036 3652 1246 3728 secundum
1265 3649 1424 3728 formam
1445 3651 1680 3755 apostolicam
1700 3653 1932 3756 congregati3

517 3808 579 3856 vos
594 3783 828 3886 requirentes
844 3800 1048 3887 quatenus,
1067 3781 1183 3858 nostri
1205 3781 1377 3857 absencia
1397 3810 1473 3858 non
1489 3782 1675 3872 obstante,
1691 3782 1731 3856 in
1751 3781 1854 3858 dicto
1873 3811 1938 3858 ne·

517 3913 623 4017 goeio
643 3913 868 4016 procedatis,
886 3912 1092 3989 secundum
1114 3911 1290 3989 traditam
1310 3912 1349 3987 in
1373 3914 1443 3988 hec
1467 3912 1639 3989 formam.
1658 3912 1707 3989 Et
1725 3942 1841 4018 quam
1863 3914 1937 4019 pri-

519 4069 622 4117 mum
643 4042 849 4147 poterimus
864 4045 1040 4129 comode,
1060 4042 1105 4117 ad
1120 4070 1185 4117 vos
1200 4041 1361 4119 Parisius
1377 4041 1551 4118 accedere
1572 4041 1805 4129 curabimus,
1827 4044 1937 4119 dante

517 4172 609 4245 Deo.
636 4174 776 4249 Datum
793 4198 856 4249 x111
881 4170 943 4279 die
964 4171 1103 4246 mensis
1123 4148 1316 4256 Octnbris,
1342 4199 1439 4247 anno
1460 4171 1613 4248 Domini
1634 4171 1840 4250 millesimo
1861 4185 1936 4252 occ⁰

519 4302 676 4378 decimo.

573 4434 798 4532 Reverendis
818 4434 856 4507 in
877 4431 1026 4508 Christo
1047 4430 1231 4535 patribus,
1249 4431 1414 4539 dominis
1434 4431 1515 4537 ejus
1535 4432 1751 4518 carissimis,
1773 4431 1937 4509 dominis

516 4562 585 4635 Dei
613 4566 748 4667 gracia,
780 4538 1058 4668 archiepiscopo
1089 4537 1338 4649 Narbonensi,
1374 4579 1463 4648 etc,
1496 4565 1685 4640 lohannes
1719 4561 1766 4638 de
1810 4563 1934 4638 Monte

517 4688 636 4765 Lauro
663 4692 934 4795 Magalonensis
955 4692 1254 4785 archidiaconus,
1280 4694 1319 4770 in
1347 4692 1502 4798 negocio
1526 4692 1786 4799 inquisicionis
1810 4705 1931 4768 contra

515 4818 817 4922 Templariorum
836 4823 1009 4899 ordinem
1027 4824 1067 4898 in
1086 4851 1203 4928 regno
1224 4822 1377 4898 Francie
1400 4848 1475 4896 una
1499 4849 1585 4898 cum
1607 4822 1701 4899 eise
1726 4819 1824 4897 Sede
1841 4843 1930 4920 apo-
