4080 6052
307 507 379 577 cra
692 475 888 572 Pnocbs
915 493 1010 565 oss
1037 491 1340 564 rnurcruns

306 641 484 720 terluerat
501 633 783 741 recepcionibus
799 635 1013 739 aliquorum
1031 633 1207 720 aliomm,
1230 630 1427 737 respondit
1445 632 1559 737 quod
1576 659 1655 708 non
1675 662 1739 712 nec

307 769 479 877 capitulis
500 794 644 845 eorum.
670 765 887 871 Requisitus
907 763 937 841 si
960 763 1080 842 credit
1101 763 1207 869 quod
1228 761 1307 849 alii,
1328 761 1485 867 quando
1504 761 1737 867 recipiebam

306 924 370 980 tur
388 901 446 976 vel
465 916 564 1005 post,
584 897 748 974 facerent
765 897 931 1002 predicta
951 894 1079 971 illicita
1096 894 1156 971 vel
1174 893 1298 999 aliqua
1318 921 1363 970 ex
1383 894 1455 980 eis,
1480 895 1677 999 respondit
1694 926 1732 973 se

308 1032 450 1109 nescire
471 1029 575 1135 quod
595 1029 732 1105 credat.
753 1029 809 1106 De
835 1026 1165 1132 dogmatiracione,
1193 1024 1406 1129 spuicione,
1428 1024 1727 1118 conculcacione,

309 1182 346 1239 et
365 1162 446 1238 aliis
465 1158 659 1264 vituperiis
679 1157 799 1235 crucis
819 1174 857 1233 et
879 1157 926 1233 de
947 1172 1026 1232 cato
1048 1156 1141 1233 dixit
1163 1185 1203 1234 se
1223 1155 1340 1233 nichil
1361 1154 1481 1241 scire;
1507 1155 1631 1231 immo
1651 1155 1735 1233 dixit

309 1293 412 1400 quod
432 1293 471 1366 in
492 1291 552 1371 die
573 1291 729 1368 Veneris
746 1305 870 1365 sancta
889 1286 1122 1367 adhorabant
1138 1314 1287 1364 crucem
1304 1316 1392 1363 cum
1411 1315 1555 1392 magna
1576 1315 1742 1364 reveren·
1799 1316 1802 1323 ·

309 1426 374 1500 cia.
397 1421 527 1503 Credit
545 1420 644 1499 bene
663 1420 901 1498 sacramentis
923 1417 1196 1506 ecclesiasticis,
1218 1418 1375 1494 credens
1394 1417 1505 1523 quod
1524 1416 1591 1492 alii
1615 1417 1733 1494 crede·

310 1572 406 1642 rent,
429 1570 467 1631 et
486 1552 589 1657 quod
611 1579 744 1629 eorum
764 1550 974 1628 sacerdotes
990 1550 1117 1627 debite
1136 1549 1380 1626 celebrarent.
1392 1551 1478 1626 Non
1499 1549 1648 1626 audivit
1666 1551 1730 1627 dici

312 1715 381 1760 nec
404 1685 482 1786 ipse
504 1681 623 1759 credit
643 1681 747 1787 quod
770 1709 927 1785 magnus
950 1679 1126 1785 Magister
1143 1679 1200 1755 vel
1221 1679 1283 1755 alii
1302 1708 1439 1755 eorum
1467 1678 1554 1754 laici
1577 1679 1734 1757 absolve·

312 1831 396 1891 rent
415 1811 473 1887 vel
493 1828 646 1916 possent
665 1811 857 1890 absolvere
871 1840 891 1886 a
906 1809 1077 1915 peccatis.
1099 1811 1155 1888 De
1176 1809 1313 1887 osculis
1333 1810 1568 1899 inhonestis,
1593 1810 1639 1886 de
1653 1841 1731 1917 pec·

312 1961 392 2020 cato
413 1941 653 2031 sodomitico,
674 1940 766 2037 dixit
790 1968 828 2017 se
849 1938 965 2015 nichil
985 1939 1078 2017 scire
1099 1968 1168 2018 nec
1188 1940 1387 2030 audivisse,
1409 1966 1482 2015 nec
1496 1941 1622 2017 credit
1640 1942 1733 2047 quod

312 2075 454 2151 dictum
475 2088 669 2176 peccatum
686 2070 985 2147 committeretur
1003 2069 1042 2147 in
1061 2070 1160 2148 dicto
1182 2070 1327 2148 ordine.
1344 2068 1482 2146 Statim
1503 2070 1734 2147 habebantur

310 2232 378 2307 pro
397 2200 587 2306 professis,
609 2200 769 2277 sednon
783 2200 963 2306 jurabant
977 2228 1053 2277 non
1073 2201 1172 2279 exire
1188 2201 1374 2278 ordinem.
1394 2199 1512 2278 Clam.
1522 2200 1668 2278 fiebant
1682 2230 1733 2277 re·

312 2333 521 2438 cepciones,
538 2330 665 2437 januis
687 2331 821 2408 clausis
842 2330 982 2407 scilicet
1004 2347 1043 2410 et
1062 2331 1178 2409 nullis
1197 2331 1437 2436 presentibus
1463 2331 1539 2408 nisi
1563 2332 1733 2409 fratribus

311 2462 469 2551 ordinis,
492 2491 535 2538 ex
553 2491 630 2567 quo
651 2478 778 2539 contra
798 2461 975 2539 ordinem
992 2461 1090 2539 mala
1109 2463 1272 2568 suspicio
1291 2460 1519 2538 habebatur.
1541 2464 1601 2539 De
1621 2463 1733 2571 ydolis

312 2612 347 2669 et
368 2593 553 2696 capitibus
572 2592 774 2698 ydolorum
795 2591 889 2668 dixit
912 2620 950 2667 se
972 2591 1088 2670 nichil
1109 2592 1224 2682 scire3
1245 2591 1413 2669 cordulis
1432 2592 1684 2698 cingebantur
1698 2595 1732 2668 in

312 2725 460 2829 signum
482 2722 673 2814 castitatis,
694 2751 788 2829 quas
808 2722 1038 2827 recipiebant
1062 2724 1165 2799 unde
1191 2722 1375 2801 volebant.
1398 2724 1485 2798 Non
1501 2724 1638 2830 juravit
1654 2753 1728 2828 spe-

313 2854 455 2931 cialiter
474 2853 577 2958 quod
598 2881 674 2929 uon
693 2851 877 2931 revelaret
895 2853 1057 2931 modum
1078 2853 1309 2958 recepcionis
1328 2881 1420 2942 sue3
1441 2855 1516 2960 qui
1533 2854 1727 2932 revelarent

312 3001 451 3059 secreta
474 2982 742 3087 capitulorum,
764 2983 885 3088 puniti
909 2983 1083 3074 luissent,
1112 2984 1180 3062 sed
1199 2983 1317 3061 nescit
1337 2983 1519 3088 qualiter.
1542 2985 1731 3062 Debebunt

313 3112 483 3189 confiteri
503 3110 680 3189 fratribus
694 3113 954 3191 sacerdotibus
972 3113 1060 3191 dicti
1079 3114 1238 3205 ordinis,
1261 3113 1415 3222 quando
1434 3115 1583 3219 copiam
1599 3115 1731 3192 habere

312 3258 485 3347 poterant
503 3242 736 3318 eorumdem.
760 3244 798 3319 Si
819 3261 923 3319 erant
938 3245 1054 3350 aliqui
1074 3245 1141 3350 qui
1164 3246 1300 3322 scirent
1323 3274 1485 3337 errores,
1505 3246 1731 3351 negligentes

315 3375 483 3459 luerunt,
498 3373 587 3478 quia
603 3401 678 3449 non
698 3392 938 3452 correxerunt
954 3403 1019 3451 eos
1034 3405 1103 3452 nec
1119 3376 1442 3453 denunciaverunt
1456 3377 1628 3452 Ecclesie.
1646 3378 1730 3452 Ele-

124 3488 131 3501 ⁶
212 3574 214 3578 ,
312 3505 476 3580 nrosinas
497 3522 534 3579 et
553 3505 843 3609 hospitalitatem
869 3506 962 3582 vidit
982 3508 1247 3584 convenienter
1271 3508 1353 3583 lieri
1383 3527 1420 3583 et
1441 3507 1570 3582 servari
1596 3507 1633 3580 in
1660 3507 1724 3581 do-

315 3635 439 3709 mibus
459 3635 601 3710 ordinis
622 3635 660 3709 in
679 3635 818 3739 quibus
833 3634 904 3711 luit
924 3654 1111 3726 moratus3
1135 3666 1210 3714 non
1232 3637 1374 3713 audivit
1392 3636 1527 3742 precipi
1544 3637 1646 3740 quod
1664 3665 1726 3740 per

313 3765 413 3839 nefas
429 3764 665 3869 acquirerent
677 3765 732 3841 vel
747 3765 891 3841 licitum
909 3784 1005 3842 esset
1020 3768 1211 3872 acquirere
1229 3767 1363 3843 ordini.
1380 3767 1534 3843 Audivit
1544 3766 1616 3841 dici
1630 3768 1729 3870 quod

312 3894 486 3998 magister
516 3894 670 3968 Pictavie
697 3893 797 3999 apud
821 3895 1051 3971 Paulhacum
1084 3897 1236 3972 tenebat
1266 3898 1472 4002 capitulum
1506 3898 1730 4002 quandoque

313 4025 358 4097 de
381 4042 507 4110 nocte,
529 4042 682 4130 propter
706 4026 975 4130 occupaciones
995 4056 1097 4113 suas,
1123 4028 1227 4132 quod
1251 4044 1485 4131 ponerentur
1507 4028 1662 4104 excubie
1680 4028 1730 4103 vel

312 4157 449 4230 familia
476 4156 724 4259 expelleretur
752 4156 798 4228 de
826 4156 941 4232 domo
970 4185 1046 4233 non
1074 4158 1224 4234 audivit.
1249 4159 1362 4250 Quod
1382 4186 1545 4263 magnus
1564 4159 1732 4264 Magister

312 4315 396 4358 cum
416 4304 600 4362 conventu
615 4315 683 4362 suo
702 4286 890 4362 statuisset
910 4287 947 4361 in
968 4305 1047 4364 toto
1067 4288 1199 4364 ordine
1218 4307 1436 4365 servaretur.
1455 4289 1622 4367 Grandia
1637 4318 1733 4365 scan-

312 4415 410 4504 dala,
431 4418 592 4520 suspicio
614 4435 651 4493 et
670 4415 819 4492 infamia
835 4435 961 4511 contra
983 4418 1155 4494 ordinem
1173 4438 1260 4495 sunt
1279 4437 1419 4506 exorta,
1440 4438 1478 4495 et
1498 4421 1661 4525 ipsemet
1677 4449 1733 4495 ve-

312 4547 538 4621 recundatur
555 4548 707 4651 quando
723 4566 854 4653 gentes
869 4548 998 4623 vident
1015 4578 1101 4625 eum
1123 4567 1159 4624 et
1180 4550 1309 4625 dicunt
1326 4583 1333 4626 :
1348 4552 1441 4625 Ecce
1460 4552 1731 4655 Templarium.

312 4671 463 4748 Audivit
487 4677 704 4782 Magistrum
733 4695 769 4754 et
795 4677 886 4753 alios
914 4678 1061 4782 aliquos
1089 4707 1234 4754 errores
1255 4679 1367 4756 luisse
1389 4680 1598 4768 confessos,
1622 4682 1732 4757 nescit

310 4830 420 4906 quos,
441 4821 567 4877 contra
589 4808 777 4889 ordinem,
800 4808 847 4882 ad
868 4808 974 4913 cujus
992 4809 1264 4886 deffensionem
1286 4839 1323 4885 se
1346 4839 1421 4885 non
1444 4810 1648 4889 obtulerat.
1669 4810 1728 4887 Ab
