4080 6052
463 539 658 634 raucus
684 558 779 631 uns
805 559 1106 633 rsurmsns.
1421 562 1490 635 511

80 704 127 780 de
146 701 333 811 gentibus.
353 699 437 780 Alia
452 702 652 780 inhonesta
669 699 729 778 vel
749 699 878 779 illicita
900 729 978 779 non
1002 701 1287 779 intervenerunt
1310 699 1350 776 in
1379 730 1502 810 recep

82 834 189 912 cione
206 861 271 911 sua
286 832 475 938 predicta,
495 832 651 911 nec-scit
667 832 755 938 plus
775 831 822 909 de
844 833 1031 911 contentis
1050 833 1088 909 in
1113 859 1177 911 ruu
1198 831 1364 910 articulis
1380 861 1503 941 supra·

78 963 212 1052 dictis,
245 992 316 1042 nec
347 964 386 1041 in
409 963 512 1056 aliis,
552 963 626 1043 hoc
649 980 805 1069 excepto
833 964 938 1070 quod
962 962 1062 1043 bene
1095 961 1218 1040 credit
1244 962 1503 1044 ecclesiasticis

78 1093 337 1179 sacrementis,
359 1110 399 1172 et
417 1093 539 1174 credit
560 1093 665 1202 quod
689 1093 752 1175 alii
779 1091 911 1171 fratres
935 1094 1081 1172 ordinis
1101 1094 1200 1172 bene
1224 1092 1440 1186 crederent,
1464 1113 1503 1174 et

77 1224 185 1330 quod
216 1253 349 1303 eorum
375 1225 587 1304 sacerdotes
614 1224 741 1304 debite
766 1223 1015 1313 celebrarent,
1044 1254 1115 1304 nec
1144 1224 1266 1302 eredit
1289 1225 1393 1330 quod
1417 1225 1501 1304 laici

81 1382 212 1432 eorum
232 1375 385 1462 possent
410 1356 603 1434 absolvere
621 1385 643 1433 a
661 1355 839 1463 peccatis,
860 1384 930 1432 nec
949 1356 1054 1461 quod
1078 1356 1216 1432 fierent
1235 1355 1336 1433 inter
1361 1382 1425 1435 eos
1448 1387 1504 1437 os·

80 1484 164 1562 cula
189 1487 399 1565 inhonesta.
424 1487 568 1564 Juravit
587 1486 762 1565 ordinem
787 1513 863 1563 non
889 1487 988 1562 exire
1014 1514 1084 1592 pro
1109 1483 1259 1564 meliori
1282 1484 1342 1563 vel
1364 1484 1499 1594 pejori.

60 1615 320 1693 'Clandestine
340 1618 629 1723 recipiebantur,
653 1646 696 1694 er
711 1644 788 1724 quo
808 1616 930 1697 credit
948 1616 1053 1722 quod
1074 1633 1172 1694 esset
1189 1617 1354 1723 suspicio
1373 1636 1502 1698 contra

79 1775 159 1838 eos;
180 1774 250 1824 nec
269 1747 413 1827 audiuit
431 1747 505 1825 dici
526 1746 631 1855 quod
650 1746 846 1826 carnaliter
863 1747 1206 1838 commiscerentur,
1224 1775 1294 1824 nec
1309 1748 1415 1854 quod
1435 1751 1501 1827 ha-

77 1878 213 1957 berent
230 1879 366 1988 ydola3
391 1907 463 1957 nec
485 1880 590 1985 quod
610 1878 767 1957 cordula
786 1878 857 1956 sihi
876 1879 1012 1955 tradita
1035 1878 1201 1985 tetigerit
1225 1878 1344 1985 capita
1367 1880 1502 1985 ydolo·

80 2036 178 2086 rum.
197 2011 281 2086 Non
299 2008 373 2086 firit
390 2009 425 2086 ei
443 2009 649 2087 inhibitum
666 2010 773 2117 quod
790 2038 869 2089 non
887 2010 1133 2089 confiteretur
1151 2009 1224 2086 nisi
1243 2007 1421 2086 fratribus
1440 2039 1502 2088 or·

80 2138 193 2216 dinis.
219 2141 302 2217 Non
325 2138 469 2217 audivit
491 2140 597 2246 quod
624 2141 830 2220 elemosine
854 2159 893 2219 et
916 2140 1151 2248 hospitalitas
1177 2139 1318 2219 fuerint
1343 2158 1500 2219 retracte

81 2270 120 2345 in
133 2269 285 2361 ordine,
303 2298 373 2347 nec
391 2271 498 2377 quod
516 2270 671 2350 excubie
687 2288 921 2377 ponerentur
939 2272 978 2348 in
999 2270 1171 2377 capitulis
1189 2298 1264 2378 que
1285 2288 1501 2350 seeretete·

81 2400 285 2492 nebantur;
308 2418 346 2478 et
367 2401 489 2480 eredit
508 2400 614 2509 quod
638 2402 679 2479 in
700 2401 834 2480 ordine
854 2400 986 2480 frusset
1004 2419 1191 2481 servatum
1211 2403 1316 2508 quod
1344 2430 1503 2509 magnus

80 2532 255 2639 Magister
279 2561 365 2611 cum
390 2550 577 2612 conventu
604 2534 830 2625 ordinassetg
857 2561 935 2610 non
962 2532 1083 2613 credit
1106 2532 1212 2640 quod
1240 2560 1387 2610 errores
1413 2561 1502 2610 con·

79 2663 173 2740 tenti
193 2664 234 2740 in
254 2664 419 2742 articulis
443 2682 569 2743 esseut
593 2666 632 2741 in
657 2665 812 2754 ordine,
834 2664 902 2742 sed
921 2681 1075 2770 propter
1096 2691 1161 2741 eos
1180 2680 1310 2742 contra
1329 2663 1502 2741 ordinem

80 2794 233 2900 grandia
252 2796 426 2873 scandala
445 2813 536 2873 sunt
555 2813 692 2875 exorta.

134 2926 350 3032 Requisitus
363 2928 394 3004 si
407 2926 460 3003 sic
473 2927 699 3034 deposuerat
711 2954 839 3033 prece,
850 2943 1046 3033 precepto,
1060 2926 1214 3017 timore,
1232 2952 1375 3016 amore,
1393 2924 1499 3014 odio,

80 3053 138 3131 vel
151 3057 349 3162 temporali
365 3058 528 3135 comodo
548 3057 677 3134 habito
692 3056 750 3133 vel
766 3055 955 3148 habendo,
975 3056 1174 3163 respondit
1192 3057 1298 3163 quod
1317 3085 1414 3143 non,
1435 3054 1502 3132 sed

80 3212 149 3290 pm
167 3186 321 3264 veritate
342 3186 520 3277 dicenda;
541 3188 602 3264 cui
626 3186 698 3264 suit
717 3187 930 3297 injunctum
958 3187 1062 3295 quod
1088 3215 1166 3264 non
1186 3186 1383 3264 revelleret
1407 3187 1503 3264 banc

80 3344 186 3395 suam
208 3318 490 3423 deposicionem
509 3347 710 3428 quousque
729 3320 989 3398 attemciones
1008 3318 1149 3398 fuerint
1165 3318 1368 3425 publicato.

135 3447 225 3524 Acta
243 3448 400 3528 fuerunt
418 3452 488 3529 hec
507 3452 617 3530 dietis
640 3451 702 3529 die
718 3470 758 3530 et
769 3452 874 3543 loeo,
891 3451 1131 3557 presentibus
1149 3449 1327 3556 magistro
1346 3447 1499 3537 Amisio,

82 3600 141 3654 me
157 3577 409 3658 Floriamonte
424 3582 640 3675 Dondedei‚
663 3582 802 3660 et-aliis
821 3582 978 3660 notariis
998 3609 1110 3686 supra
1130 3580 1265 3657 ultimo
1286 3578 1499 3655 nominatis.

136 3840 226 3916 Post
243 3841 331 3930 hec,
353 3840 415 3916 die
437 3842 541 3916 Lune
565 3840 756 3946 sequenti,
777 3865 852 3947 que
869 3838 944 3916 fuit
961 3853 1040 3919 tur
1057 3839 1139 3918 dies
1163 3839 1253 3918 dicti
1274 3840 1415 3918 mensis
1434 3842 1503 3916 Fe-

82 3967 239 4057 bruarii,
260 3967 413 4045 luerunt
432 3970 584 4048 adducti
604 3998 673 4076 pro
692 3970 872 4060 testibus,
899 3970 947 4049 ad
970 3970 1202 4076 presenciam
1228 3970 1416 4047 dictorum
1437 3971 1503 4047 do·

83 4099 274 4176 minorum
299 4098 561 4206 episcoporum
581 4101 723 4180 Mathei
745 4102 792 4180 de
816 4101 971 4208 Neapoli
1000 4119 1039 4178 et
1068 4100 1320 4181 archidiaconi
1341 4100 1503 4179 Triden-

81 4230 168 4321 tini,
190 4230 229 4307 in
249 4229 417 4337 predicta
446 4230 561 4309 donno
583 4231 743 4313 fratrum
767 4233 976 4322 Missurum,
1002 4230 1134 4309 fratres
1153 4233 1286 4311 Petrus
1316 4232 1363 4309 de
1386 4233 1503 4310 Blesis

81 4359 276 4468 presbyter
302 4361 565 4456 Carnotensis,
603 4362 792 4445 bobertus
815 4364 954 4472 Vigerii
983 4362 1241 4452 Garnotsnsis,
1265 4363 1502 4442 Christianus

84 4492 130 4568 de
149 4491 301 4600 Biceyo,
323 4493 618 4573 PetrusPioardi
638 4495 687 4572 de
706 4496 816 4574 Ruris
833 4512 873 4573 et
888 4495 1049 4574 Poncins
1068 4495 1116 4572 de
1136 4496 1243 4572 Bono
1262 4495 1388 4600 Opere
1414 4494 1504 4573 Liu-

82 4624 278 4729 gonensis,
311 4625 454 4732 Symon
481 4625 529 4703 de
556 4625 750 4707 Cormesci
779 4625 992 4714 Remensis,
1038 4624 1165 4703 Helias
1196 4626 1244 4702 de
1272 4628 1378 4702 lotro
1408 4624 1503 4704 Mel-

84 4752 225 4846 densis,
245 4757 436 4834 lohannes
456 4757 502 4834 de
515 4756 719 4836 Couriucle
739 4756 1038 4850 suessionensis,
1060 4759 1234 4836 Matheua
1253 4758 1302 4835 de
1319 4756 1504 4837 Gresson·
1539 4854 1546 4866 Ι

83 4885 207 4963 Essart
227 4887 474 4980 belvacensis,
503 4906 541 4970 et
561 4890 694 4968 Petrus
713 4888 974 4969 ‹ta-chorum
999 4889 1228 4968 senonensis
1250 4888 1442 4968 civitatum
1464 4905 1503 4964 et
