4080 6052
703 547 1344 641 enecta-nesrenrereas.
1659 565 1730 638 etr

264 792 269 799 ,
315 708 467 814 pulares
481 707 713 784 Anconitane
725 705 985 812 supplicabant
1001 704 1177 783 fratribus
1191 707 1343 814 Templi
1357 704 1461 812 qued
1480 731 1565 780 cum
1584 732 1733 812 proces·

317 839 423 914 sione
447 837 537 915 cleri
557 836 779 914 Anconitani
800 837 864 913 illa
883 860 972 913 crux
995 852 1221 941 portaretur.
1246 836 1337 914 Vidi·
1361 835 1476 911 eciam
1505 837 1731 941 quandoque

314 968 561 1073 patriarcham
589 967 934 1044 lerosolimitanum
963 967 1011 1043 nd
1040 967 1297 1072 processiones
1323 964 1543 1072 hujusmodi
1572 964 1731 1042 bambu-

315 1096 457 1174 lantem
476 1124 562 1174 cum
589 1122 669 1174 uno
698 1099 745 1175 de
770 1096 958 1174 militibus
980 1095 1126 1172 ordinis
1144 1096 1311 1203 Templi,
1333 1095 1400 1201 qui
1425 1095 1563 1183 dictam
1581 1123 1731 1172 crucem

315 1228 488 1332 portabat
511 1255 597 1305 cum
617 1229 820 1306 devocione
845 1254 920 1334 qua
938 1223 1103 1305 decebat.
1125 1224 1276 1320 Quibus
1293 1225 1598 1333 processionibus
1616 1225 1667 1301 ita
1684 1225 1732 1303 sa·

316 1358 399 1448 ctis,
416 1360 540 1436 divina
558 1376 783 1466 cooperante
802 1356 1022 1445 clemencia,
1039 1385 1136 1463 aqua
1152 1357 1200 1434 de
1215 1357 1296 1435 celo
1308 1356 1463 1433 veniens
1477 1373 1617 1432 terram
1629 1382 1732 1434 rora-

314 1485 397 1575 bat,
414 1504 454 1564 et
469 1488 631 1565 calorem
646 1490 742 1565 aeris
757 1487 1000 1592 temperabat.
1017 1487 1129 1574 Item,
1146 1485 1241 1575 vidi,
1259 1512 1328 1590 ego
1343 1486 1406 1590 qui
1424 1485 1573 1589 loquor,
1590 1486 1731 1564 multos

314 1635 542 1723 egrotantes,
560 1632 638 1694 tam
657 1618 757 1695 viros
781 1642 893 1723 qnam
913 1616 1111 1704 mulieres,
1133 1617 1181 1691 ad
1206 1614 1399 1692 ecclesiam
1420 1616 1559 1691 domus
1581 1615 1729 1720 Templi
1778 1608 1784 1622 ’

313 1744 519 1824 Aconensis
539 1745 676 1823 deferri
698 1765 736 1824 et
758 1746 867 1822 educi
888 1745 1053 1852 maligno
1077 1740 1209 1850 spiritu
1224 1762 1389 1834 vexatos,
1412 1745 1475 1848 qui
1495 1761 1622 1819 tamen
1641 1773 1730 1831 crux

313 1874 391 1977 ipsa
418 1892 504 1951 ante
534 1902 599 1953 eos
628 1874 816 1961 afferetur,
840 1873 1041 1979 capellanis
1065 1871 1123 1949 vel
1153 1870 1295 1950 clericis
1318 1872 1408 1978 ipsis
1427 1872 1726 1979 conjurantibus,

314 2005 596 2108 respondebant
608 2003 809 2110 vulgariter
824 2002 941 2079 eciam
958 2001 1152 2091 etLatine,
1176 2001 1338 2079 dicendo
1356 2001 1558 2107 aliquando
1578 2001 1729 2109 quibus

314 2133 401 2209 dam
422 2135 469 2210 de
495 2133 694 2239 capellanis
711 2133 771 2210 vel
791 2131 934 2209 clericis
952 2163 961 2208 ε
982 2128 1187 2226 Quomodo
1204 2148 1266 2221 tu,
1287 2131 1353 2239 qui
1374 2158 1414 2207 es
1433 2129 1535 2206 lilius
1553 2130 1647 2220 talis,
1670 2132 1727 2209 lo·

312 2264 454 2368 queris,
477 2281 516 2342 et
534 2264 758 2370 aliquando:
779 2265 839 2340 Tu
859 2260 1037 2341 comisisti
1061 2260 1148 2338 talia
1169 2262 1325 2338 erimina
1342 2260 1403 2338 vel
1421 2260 1572 2353 delicta,
1590 2278 1629 2339 et
1651 2262 1727 2339 visa

311 2392 390 2497 ipsa
414 2420 524 2472 eruce
549 2394 596 2472 ab
620 2395 727 2500 ipsis,
749 2391 985 2471 clamabant:
1004 2392 1100 2470 Ecce
1124 2420 1227 2480 crux,
1253 2419 1336 2470 ecce
1363 2420 1468 2481 crux,
1492 2417 1569 2468 non
1593 2418 1726 2498 possu-

312 2551 397 2599 mus
417 2522 578 2630 amplius
598 2523 659 2599 bic
678 2523 833 2610 morari3
855 2522 922 2599 sed
942 2539 1090 2630 oportet
1109 2550 1177 2598 nos
1192 2522 1378 2599 recedere.
1403 2522 1451 2596 Et
1469 2521 1521 2597 sio
1540 2519 1725 2629 malignus

311 2651 376 2728 ille
402 2654 554 2759 spiritus
576 2652 803 2758 loquebatur
830 2652 868 2727 in
891 2651 980 2740 illis,
1008 2652 1058 2728 ita
1086 2652 1191 2757 quod
1219 2653 1374 2728 demum
1399 2668 1609 2757 egrotantes
1634 2652 1722 2756 ipsi,

311 2782 415 2886 quasi
437 2811 482 2859 ex
501 2800 582 2860 toto
602 2781 751 2858 extincti
772 2782 958 2888 jacentes,
986 2782 1174 2887 spumosis
1194 2779 1302 2857 labiis
1322 2797 1360 2856 et
1379 2780 1552 2889 malignis
1578 2779 1724 2855 liberati

310 2910 501 3014 spiritibus
531 2909 804 2988 cruciabantur.
830 2910 941 3002 ltem,
962 2910 1055 2999 vidi,
1079 2936 1148 3018 ego
1174 2910 1239 3015 qui
1266 2909 1411 3016 loquor,
1439 2911 1642 3017 quemdam
1661 2912 1725 2985 Ju-

310 3039 452 3117 lianum
477 3041 646 3129 nomine,
677 3042 743 3146 qui
768 3039 923 3116 domino
949 3038 1176 3146 Sydonensis
1202 3040 1289 3116 ville
1319 3058 1559 3132 successerat,
1582 3040 1719 3145 etqui,
1767 3044 1769 3049 ’

311 3186 354 3244 ut
372 3171 588 3275 predicitur,
611 3167 732 3276 capud
753 3169 963 3274 predictum
989 3171 1028 3245 in
1056 3168 1179 3246 filium
1198 3169 1395 3258 habuerat,
1420 3188 1457 3246 et
1483 3188 1567 3248 ante
1588 3171 1724 3247 adven-

308 3316 391 3375 tum
415 3300 616 3405 supradicti
643 3298 765 3378 lratris
789 3297 984 3378 Guillelmi
1008 3297 1055 3376 de
1080 3296 1184 3376 Bello
1206 3298 1313 3387 Joco,
1341 3298 1477 3374 dictam
1502 3299 1627 3376 villam
1654 3300 1722 3404 sy-

311 3430 516 3506 donensem
541 3446 579 3505 et
604 3429 730 3506 omnia
764 3428 864 3506 bona
896 3459 962 3506 sua
990 3430 1072 3506 Deo
1107 3446 1145 3505 et
1174 3427 1296 3504 ordini
1330 3427 1653 3531 Templariorum,
1678 3445 1722 3503 ut

309 3558 513 3649 dicebatur,
542 3559 742 3649 dedicavit,
765 3579 803 3637 et
828 3559 1073 3664 postmodum
1094 3557 1170 3632 vidi
1197 3584 1284 3632 eum
1313 3556 1351 3631 in
1372 3557 1504 3632 ordine
1530 3573 1569 3632 et
1587 3555 1720 3652 babitu

308 3689 627 3791 Templariorum3
645 3705 682 3765 et
702 3689 839 3765 deinde
860 3691 984 3793 ipsum
1006 3686 1052 3764 ab
1073 3687 1205 3764 ordine
1228 3687 1419 3764 exclusum
1442 3703 1479 3762 et
1498 3685 1629 3763 habitu
1645 3687 1721 3792 pri-

307 3833 433 3893 vatum
446 3816 537 3907 vidi,
554 3819 619 3923 qui
635 3834 781 3922 postea,
797 3846 882 3894 curn
901 3817 1052 3895 duobus
1066 3816 1249 3894 militibus
1265 3816 1481 3922 Hospitalis,
1500 3817 1547 3892 ad
1560 3817 1718 3893 domum

307 3945 456 4052 Templi
470 3945 674 4024 Aconensis
690 3947 770 4022 sine
786 3947 886 4023 dicto
910 3947 1040 4024 babitu
1061 3946 1254 4036 remeavit,
1271 3962 1309 4022 et
1326 3946 1495 4022 videntes
1514 3975 1602 4022 eum
1619 3946 1720 4023 dice-

305 4074 420 4153 bant:
440 4079 534 4154 Ecce
551 4075 664 4154 frater
678 4077 848 4154 Julianus
862 4078 927 4183 qui
944 4077 991 4153 de
1007 4077 1140 4154 ordine
1159 4077 1285 4166 exivit;
1304 4095 1342 4153 et
1357 4077 1469 4183 peciit
1483 4076 1529 4153 ab
1550 4076 1719 4183 Hospita-

306 4204 408 4283 lariis
426 4224 470 4284 ut
488 4207 612 4313 ipsum
632 4206 672 4281 in
692 4234 761 4283 suo
782 4207 915 4284 ordine
935 4226 1164 4313 receperent.
1182 4208 1306 4301 Quem
1324 4224 1516 4313 receptum
1538 4206 1613 4283 vidi
1633 4207 1718 4313 plu-

305 4336 379 4411 ries
393 4335 433 4411 in
451 4335 583 4414 babitu
597 4335 950 4441 Hospitalariorum;
967 4339 1034 4415 sed
1054 4354 1140 4443 post
1153 4335 1248 4412 infra
1262 4335 1374 4413 breve
1389 4354 1555 4442 tempus,
1573 4336 1716 4414 dictum

306 4465 479 4543 ordinem
500 4484 538 4544 et
558 4464 729 4543 habitum
750 4465 1083 4573 Hospitalariorum
1104 4466 1276 4572 reliquit,
1306 4484 1344 4543 et
1369 4466 1559 4572 quoddam
1587 4467 1726 4543 mona--

305 4595 461 4671 sterium
488 4596 592 4701 quasi
613 4596 940 4674 Premostratensis
968 4596 1110 4672 ordinis
1136 4594 1375 4686 subintravit,
1404 4598 1510 4701 quod
1528 4614 1718 4674 monaste-

304 4723 404 4799 rinm
424 4726 538 4801 sancti
559 4725 751 4803 Michaelis
769 4726 949 4804 deClusa
978 4726 1188 4818 vocabatur,
1212 4727 1323 4803 situm
1345 4727 1383 4802 in
1412 4728 1574 4834 quadam
1594 4729 1715 4806 insula

304 4869 390 4930 ante
403 4855 522 4961 ripam
543 4855 671 4946 maris,
692 4883 809 4963 prope
825 4856 1010 4935 civitatem
1027 4857 1172 4949 Baruti,
1190 4856 1256 4935 ubi
1278 4857 1472 4935 dicebatur
1491 4858 1592 4934 diem
1613 4857 1713 4933 clau·
