4080 6052
455 648 458 653 ,
533 564 606 637 sss
918 541 1113 635 esoces
1138 558 1234 632 ons
1259 552 1563 632 rennuens.

531 704 702 793 diocesis,
724 702 968 780 elemosinam
985 700 1290 794 duntaxdtbisdn
1310 698 1516 806 'septimana
1528 699 1629 787 ¹(lari,
1650 727 1726 806 que
1746 726 1952 777 consueve-

530 838 588 910 'rat
610 832 689 909 dari
709 848 779 918 ter,
799 833 1032 940 hospitalitas
1049 844 1176 909 tamen
1200 829 1300 907 bene
1323 829 1541 907 servabatur
1563 829 1602 906 in
1629 820 1852 936 recipiendo
1881 829 1950 908 ho-

532 991 601 1039 nos
621 964 806 1040 homines.

583 1095 696 1182 Item,
721 1092 768 1170 de
790 1095 975 1171 contentis
1004 1094 1044 1169 in
1063 1102 1188 1179 tectu,
1213 1101 1291 1170 tun
1311 1106 1349 1168 et
1359 1116 1402 1183 c,
1423 1089 1528 1197 quod
1546 1088 1615 1198 p'er
1633 1089 1737 1168 nefas
1756 1091 1947 1198 acquirere

530 1239 682 1328 possent
696 1239 735 1299 et
749 1244 797 1300 'ex
816 1224 889 1323 hoc
909 1224 1104 1331 degerere,
1125 1220 1320 1328 respondit
1338 1220 1512 1311 senichil
1530 1222 1637 1300 scire.
1740 1264 1743 1270 ·

452 1440 457 1449 ,
585 1354 696 1440 ltem,
708 1353 756 1430 de
767 1353 952 1431 contentis
968 1354 1012 1430 'in
1031 1379 1066 1431 cr
1086 1368 1125 1429 et
1143 1350 1321 1428 omnihus
1343 1351 1589 1456 sequentihus
1612 1350 1811 1457 respondit
1829 1366 1871 1428 s'e
1890 1352 1947 1428 ni-

530 1482 605 1558 chil
626 1484 719 1558 scire
737 1482 822 1587 plus
841 1510 955 1587 quam
969 1480 1203 1587 deposuerit,
1224 1481 1312 1588 quia
1325 1496 1409 1558 non
1428 1480 1647 1559 interfuerat
1665 1479 1854 1586 capitulis,
1876 1481 1947 1558 hoc

530 1629 683 1717 excepto
716 1610 822 1718 quod
851 1598 1029 1690 credehet
1063 1612 1106 1688 in
1135 1609 1269 1689 ordine
1293 1610 1435 1688 serrari
1460 1611 1566 1717 quod
1587 1636 1749 1718 mugnus
1772 1610 1947 1718 Megister

530 1740 733 1830 statuebat,
755 1758 799 1817 'et
823 1742 1000 1818 credebat
1021 1739 1128 1847 quod
1151 1739 1290 1818 modus
1309 1740 1542 1847 'recepcionis
1561 1760 1695 1819 eorum
1720 1754 1814 1816 esset
1829 1756 1945 1817 notus

528 1871 705 1949 fratribus
716 1871 883 1962 ordinis,
910 1872 978 1950 sed
996 1892 1079 1979 non¹
1094 1871 1294 1961 ertrtneis,
1307 1889 1352 1949 et
1370 1873 1654 1974 endireretdici
1669 1871 1776 1981 quod
1792 1886 1947 1979 magnus

529 2002 704 2106 Magister
729 2019 767 2078 et
794 1990 905 2079 multi
930 2001 993 2077 alii
1019 2000 1150 2078 fratres
1175 1999 1332 2078 confessi
1355 2001 1507 2079 luerent
1529 2001 1677 2107 aliquos
1698 1992 1862 2089 errores,
1882 2001 1975 2113 sed¹

529 2130 915 2237 nescit·qnos;·er'edit
922 2147 1053 2208 tamen
1073 2131 1179 2236 quod
1192 2130 1284 2209 illos
1300 2148 1396 2237 quos
1414 2132 1495 2238 ipse
1513 2131 1706 2210 consessus
1722 2147 1790 2209 est.

586 2261 696 2349 Item,
717 2259 920 2366 requisitus
940 2261 970 2337 si
983 2259 1036 2336 sic
1049 2259 1410 2366 deposueratprece,
1423 2277 1619 2366 precepto,
1634 2260 1790 2352 timore,
1805 2284 1945 2351 more,

528 2389 634 2475 odio,
645 2390 819 2468 'comodo
838 2389 1039 2497 temporsli
1056 2389 1192 2469 habito
1212 2390 1274 2468 vel
1291 2389 1491 2483 habendo,
1508 2391 1703 2497 respondit
1725 2391 1841 2497 quod
1855 2419 1945 2478 non,

527 2520 596 2597 sed
608 2520 840 2626 proteritate
855 2520 1034 2628 dicenda3
1048 2519 1110 2597 cui
1129 2518 1204 2597 luit
1218 2519 1426 2608 inhibitum
1435 2544 1506 2626 per
1521 2521 1641 2599 dictos
1660 2519 1839 2599 dominos
1850 2548 1948 2599 com-
1975 2500 1978 2505 ⁴

530 2649 734 2741 misserios,
756 2651 797 2726 in
814 2649 951 2728 virtute
967 2650 1173 2756 juramenti
1191 2648 1337 2755 prestiti
1353 2672 1427 2756 per
1441 2647 1669 2755 eum-quod
1680 2676 1758 2726 non
1771 2649 1947 2727 revelaret

530 2779 626 2854 hanc
646 2806 753 2857 suam
772 2778 1059 2884 ¹deposiciouem
1081 2804 1282 2886 quousque
1298 2779 1568 2856 attestationes
1587 2777 1730 2856 luerint
1746 2777 1940 2885 poblicate.

586 3036 738 3113 Eisdem
758 3038 820 3114 die
840 3056 878 3115 et
896 3038 981 3117 loce
1006 3039 1078 3118 fuit
1099 3038 1287 3116 adductus
1307 3037 1354 3115 ad
1378 3035 1610 3143 presenciam
1628 3037 1857 3115 eorumdem
1879 3037 1945 3115 do·

532 3163 724 3242 minorum
744 3168 1087 3245 commissariorum
1107 3167 1219 3244 frater
1239 3167 1478 3247 Metheusde
1493 3166 1643 3276 Tilleyo
1659 3168 1841 3259 serviens,
1862 3168 1947 3247 dm·

532 3295 720 3372 bianensis
734 3296 909 3388 diocesis,
927 3299 1034 3374 testis
1052 3325 1163 3402 supra
1177 3296 1341 3402 juratus,
1364 3314 1408 3375 ut
1427 3297 1635 3402 deponeret
1653 3299 1798 3376 dictum
1822 3326 1945 3385 suum,

531 3429 638 3502 etatis
659 3453 725 3504 cxx
745 3453 931 3505 annorum
946 3427 1009 3505 vel
1029 3427 1140 3518 circa,
1160 3453 1236 3504 non
1254 3426 1427 3504 deferens
1444 3428 1667 3505 mantellum
1687 3427 1841 3519 ordinis,
1857 3429 1944 3535 quia

531 3585 599 3660 per
611 3557 813 3633 servientes
830 3558 894 3664 qui
915 3585 1004 3635 eum
1022 3556 1237 3633 habuerunt
1254 3556 1294 3632 in
1309 3557 1478 3633 custodia
1492 3556 1614 3633 luerat
1626 3556 1696 3634 sihi
1712 3555 1768 3633 his
1782 3555 1942 3641 ablatus

532 3685 686 3763 barbam
713 3705 839 3764 autem
863 3687 1001 3765 fecerat
1022 3687 1093 3765 sibi
1118 3687 1199 3765 radi
1223 3705 1377 3794 propter
1401 3688 1708 3765 incomoditatem
1722 3712 1945 3794 'qumeem

532 3817 706 3922 portandi
727 3817 906 3910 habebat,
928 3835 967 3896 et
985 3816 1108 3895 luerat
1126 3846 1213 3895 cum
1232 3846 1279 3895 eo
1300 3817 1523 3924 inquisitum
1553 3816 1765 3895 Aurelianis
1789 3845 1859 3923 per
1881 3817 1947 3894 do·

533 3948 681 4022 minum
701 3948 919 4054 episcopum
939 3946 1261 4036 Aurelianensem,
1282 3964 1320 4024 et
1333 3945 1529 4025 absolutus
1548 3966 1585 4025 et
1603 3947 1866 4026 reconciliatus
1882 3975 1947 4054 per

534 4105 635 4151 eum.
658 4076 780 4154 Lectis
799 4091 927 4153 autern
954 4093 992 4153 et
1012 4063 1215 4184 diligenter
1234 4075 1408 4182 expositis
1430 4075 1504 4153 sibi
1527 4078 1705 4155 omnibus
1731 4080 1780 4157 et'
1793 4077 1946 4184 singulis

536 4206 932 4313 articulis,.resp0ndit
948 4208 996 4284 ad
1017 4235 1093 4297 cos,
1112 4224 1151 4284 et
1169 4208 1292 4312 primo
1312 4209 1359 4285 ad
1379 4208 1521 4314 primos
1533 4235 1603 4298 nn,
1621 4226 1664 4284 ut
1677 4208 1861 4314 sequitur,
1881 4208 1947 4284 sci·

536 4335 653 4412 licet:
683 4339 788 4443 quod
822 4338 903 4443 ipse
927 4336 1054 4416 luerat
1084 4354 1257 4443 receptus
1289 4337 1328 4413 in
1361 4338 1461 4415 dicto
1488 4337 1621 4416 ordine
1649 4366 1670 4414 a
1694 4336 1807 4414 fratre
1832 4337 1946 4415 erveo

535 4468 582 4543 de
610 4466 696 4544 villa
728 4470 895 4555 Petrosa,
929 4469 1122 4575 quondam
1151 4486 1386 4574 preceptore,
1413 4485 1505 4545 tunc
1533 4468 1683 4545 beillise
1714 4468 1761 4545 de
1796 4468 1945 4545 Pontivo

535 4595 794 4674 Ambiancnsis
826 4599 999 4689 diocesis,
1026 4599 1067 4675 in
1098 4598 1238 4704 capella
1262 4598 1399 4676 domus
1417 4599 1565 4703 Templi
1587 4598 1833 4705 d’Oysemont
1853 4596 1946 4704 ejus-

535 4722 623 4797 dem
654 4725 830 4815 diocesis,
856 4747 940 4831 post
966 4730 1114 4806 missam
1147 4729 1208 4805 die
1239 4729 1432 4814 Mercurii,
1456 4745 1541 4833 post
1569 4728 1805 4820 Quasimodo
1834 4726 1944 4835 geniti
