4080 6052
314 538 385 611 ess
697 508 894 602 esoces
919 525 1014 598 nns
1040 524 1342 597 rsurmsas.

313 677 487 755 homines
508 673 554 750 de
578 670 748 761 mundo,
762 696 878 775 quare
907 693 986 743 uon
1015 663 1168 742 curabat
1195 663 1318 740 redire
1348 661 1397 737 ad
1423 662 1647 740 societatem
1672 692 1738 741 eo-

311 836 414 897 rum3
434 803 577 882 audivit
601 801 717 878 eciam
746 799 868 876 dictus
890 794 1012 882 testis,
1039 794 1254 900 quodcum
1281 792 1413 870 fratres
1438 809 1476 869 et
1503 791 1614 869 amici
1643 793 1736 870 dicti

311 935 480 1014 Ancelini
509 931 790 1038 'requisivissent
819 944 857 1005 et
884 942 1074 1034 rogassent
1099 924 1318 1038 frequenter
1345 922 1513 999 eundem
1539 922 1644 1028 quod
1670 920 1743 1000 ress

312 1067 410 1143 diret
425 1065 473 1142 ad
487 1064 644 1142 fratrum
661 1059 806 1138 ordinis
824 1054 1080 1143 consorcium,
1095 1055 1174 1160 ipse
1191 1053 1264 1131 fuit
1277 1081 1448 1133 reversus
1464 1051 1585 1131 semel
1598 1053 1657 1130 vel
1672 1053 1731 1132 bis

311 1199 357 1275 ad
378 1194 598 1274 instanciam
621 1192 845 1280 amicorum,
872 1189 939 1267 sed
956 1215 1089 1298 parum
1112 1184 1166 1264 ibi
1186 1203 1354 1263 moratus
1370 1185 1463 1272 fuit,
1483 1184 1606 1263 immo
1618 1185 1727 1290 paulo

309 1345 395 1436 post
421 1323 677 1403 revertebatur
701 1321 750 1397 ad
780 1322 937 1398 domum
967 1317 1091 1396 fratris
1114 1316 1185 1393 sui.
1211 1316 1459 1393 Postmodum
1489 1332 1619 1392 autem
1644 1346 1729 1394 cum

309 1455 514 1561 Templarii
530 1452 688 1528 luissent
705 1450 800 1554 capti
815 1449 854 1524 in
871 1475 987 1553 regno
1005 1447 1160 1523 Francis
1178 1463 1216 1522 et
1233 1473 1365 1522 rumor
1383 1445 1640 1550 processisset,
1663 1448 1731 1526 do-

311 1588 437 1662 minus
455 1581 642 1659 Artaudus
661 1579 784 1657 Carati
806 1577 932 1665 miles,
953 1576 1253 1682 consanguineus
1279 1575 1368 1651 dicti
1392 1574 1518 1651 fratris
1541 1575 1725 1670 Ancelini,

309 1715 460 1794 monuit
479 1742 565 1790 cum
585 1711 691 1818 quod
715 1710 857 1785 diceret
873 1709 1065 1786 veritatem
1094 1706 1141 1783 de
1163 1705 1236 1783 hiis
1258 1733 1334 1813 que
1356 1705 1581 1784 dicebantur
1601 1727 1727 1787 contra

308 1843 544 1950 Templarios
563 1841 611 1917 ad
630 1839 788 1917 salutem
804 1837 928 1914 anime
942 1865 1026 1928 sue,
1044 1854 1082 1915 et
1099 1835 1205 1942 quod
1223 1853 1456 1942 presentaret
1470 1866 1512 1914 se
1533 1867 1655 1916 coram
1670 1842 1726 1917 in-

309 1974 554 2083 quisitoribus
570 1969 758 2076 deputatis
767 1997 836 2074 per
850 1967 1050 2045 dominum
1064 1968 1212 2072 Papam,
1226 1983 1265 2043 et
1278 1966 1419 2044 dicaret
1431 1968 1640 2048 veritatem.
1654 1973 1728 2065 Qui

309 2104 403 2180 dixit
416 2103 523 2209 quod
537 2129 732 2207 nunquam
746 2100 832 2186 iret,
848 2126 916 2176 nec
932 2097 1069 2175 laceret
1088 2125 1126 2175 se
1143 2095 1243 2202 capi3
1260 2097 1354 2174 dixit
1371 2115 1501 2176 tamen
1521 2101 1628 2206 quod
1653 2103 1728 2207 ipse

311 2232 451 2309 diceret
468 2231 663 2308 veritatem
683 2228 783 2305 dicto
805 2228 961 2305 domino
977 2226 1166 2315 Artaudo,
1183 2228 1249 2333 qui
1265 2228 1444 2306 dominus
1456 2228 1651 2308 Artandus
1667 2262 1728 2310 vo·

309 2363 403 2438 cavit
420 2361 625 2468 quemdam
645 2359 841 2464 publicum
861 2357 1049 2434 notarium
1065 2357 1168 2433 curie
1181 2356 1513 2478 Vienensis,cujus
1527 2365 1729 2440 nomenin

307 2508 451 2598 gnorat,
463 2491 531 2568 sed
538 2488 757 2566 morabatur
767 2488 807 2563 in
820 2503 947 2564 sancto
955 2485 1172 2562 Theodoro.
1184 2487 1226 2562 ln
1240 2515 1405 2593 quorum
1417 2492 1616 2593 presencia
1630 2492 1727 2570 idem

308 2622 421 2700 lrater
435 2621 640 2699 Ancelinus
656 2618 847 2695 confessus
862 2616 934 2693 suit
948 2616 1051 2722 quod
1066 2616 1272 2721 Templarii
1288 2619 1328 2695 in
1345 2617 1429 2724 ejus
1443 2623 1664 2727 recepcione
1679 2624 1730 2701 le-

308 2770 440 2828 cerunt
452 2752 636 2856 abnegare
653 2775 741 2823 eum
757 2746 968 2835 Christum,
984 2762 1022 2821 et
1032 2745 1203 2823 dixerant
1219 2748 1253 2823 ei
1268 2747 1374 2854 quod
1390 2749 1564 2829 Christus
1580 2754 1726 2830 eratfal-

307 2907 371 2954 sus
389 2879 584 2984 propheta,
606 2893 644 2953 et
668 2893 793 2982 preter
819 2877 893 2952 hoc
918 2874 1083 2953 fecerant
1102 2904 1191 2953 eum
1217 2904 1351 2982 spuere
1375 2906 1491 2983 super
1513 2909 1657 2957 crucem
1685 2903 1724 2962 et

309 3006 572 3112 compedibus
588 3006 817 3083 conculcare.
836 3007 930 3081 Item
947 3003 1064 3082 eciam
1080 3004 1271 3083 confessus
1285 3005 1357 3084 fuit
1377 3011 1484 3114 quod
1503 3008 1565 3087 illa
1585 3013 1724 3089 urenda

309 3135 435 3212 oscula
450 3136 726 3211 intervenerant
747 3136 786 3209 in
804 3164 871 3210 sua
891 3136 1129 3240 recepcione,
1149 3152 1187 3213 et
1206 3138 1302 3212 hanc
1320 3137 1596 3217 consessionem
1612 3142 1728 3247 ipsius

308 3265 476 3341 Ancelini
498 3265 710 3342 retulerunt
730 3264 854 3341 eidem
870 3265 955 3342 testi
975 3266 1066 3342 dicti
1083 3266 1262 3343 dominus
1276 3266 1464 3346 Artaudus
1484 3290 1521 3348 et
1540 3271 1656 3349 frater
1674 3277 1730 3350 Ja-

308 3395 424 3472 cobus
443 3424 481 3472 se
502 3396 686 3471 audivisse
707 3394 754 3470 ah
776 3395 911 3470 eodem
935 3394 1129 3471 Ancclino.
1152 3397 1302 3488 Quibus
1322 3401 1472 3485 auditis,
1494 3401 1597 3475 idem
1620 3407 1723 3480 testis

307 3524 496 3601 consuluit
518 3526 621 3601 fratri
640 3525 779 3601 Jacoho
803 3525 973 3631 predicto
994 3527 1097 3631 quod
1117 3525 1254 3604 laceret
1276 3558 1364 3604 eum
1388 3530 1462 3633 capi
1490 3547 1528 3605 et
1555 3532 1642 3606 duci
1672 3536 1722 3608 ad

308 3654 507 3730 dominum
530 3656 851 3760 archiepiscopum
864 3656 1101 3743 Vienensem,
1121 3685 1207 3731 cum
1223 3659 1326 3735 istud
1341 3659 1534 3766 negocium
1552 3677 1725 3769 tangeret

307 3785 440 3875 fidem,
459 3803 496 3860 et
511 3814 587 3861 nou
608 3786 817 3862 sufficiebat
836 3787 1002 3891 predicta
1020 3786 1203 3864 confessio
1219 3789 1289 3865 nisi
1305 3791 1413 3866 heret
1429 3819 1553 3868 coram
1572 3793 1727 3894 prolatis

305 3914 469 3992 Ecclesie
488 3917 714 3992 habentibus
734 3916 993 3992 auctoritatem
1014 3944 1126 4021 super
1148 3917 1244 4008 istis,
1265 3947 1342 4024 quo
1363 3919 1458 3997 sacto
1483 3921 1607 3999 dictus
1627 3925 1728 4028 prior

307 4043 395 4120 fecit
416 4075 503 4121 eum
523 4048 602 4153 capi
624 4064 661 4122 et
681 4046 789 4121 reddi
812 4045 968 4121 domino
990 4045 1268 4152 archiepiscopo
1283 4050 1474 4128 Vienensi.

361 4178 471 4264 Item,
495 4178 588 4253 dixit
608 4178 709 4251 idem
728 4176 831 4252 testis
849 4175 954 4281 quod
968 4177 1008 4251 in
1029 4177 1192 4252 retencia
1216 4181 1400 4285 capcionis
1420 4171 1727 4287 Templariorum

305 4306 383 4407 ipse
402 4309 505 4383 testis
526 4326 563 4381 et
580 4310 689 4412 Ilugo
710 4306 843 4381 Achoti
865 4306 1103 4397 domicellus,
1124 4336 1225 4383 nunc
1239 4310 1453 4387 inhabitans
1480 4313 1726 4418 Lugdunum,

304 4433 558 4540 loquebantur
575 4436 780 4512 adinvicem
800 4436 847 4510 de
864 4436 1054 4513 erroribus
1068 4438 1258 4541 predictis,
1277 4457 1314 4516 et
1328 4441 1450 4517 dictus
1465 4443 1574 4518 testis
1593 4445 1728 4520 dixerat

305 4566 471 4666 predicto
496 4568 645 4673 Hugoni
667 4566 806 4643 lactum
828 4581 865 4640 et
885 4594 1011 4642 casum
1033 4567 1193 4672 predicti
1212 4568 1395 4647 Ancelini.
1414 4571 1503 4663 Quo
1525 4573 1659 4650 audito
1680 4573 1726 4648 di·

304 4708 384 4767 ctus
398 4696 506 4801 Hugo
523 4697 613 4771 dixit
627 4698 694 4802 ipsi
711 4698 813 4785 testi,
831 4697 935 4801 quod
952 4727 1038 4773 cum
1056 4699 1134 4802 ipse
1154 4698 1283 4777 luisset
1300 4699 1492 4777 familiaris
1514 4703 1662 4780 domini
1683 4702 1724 4776 de

303 4818 413 4896 lllino
433 4824 464 4897 V
467 4824 627 4901 ienensis
650 4827 822 4913 diocesis,
846 4846 883 4903 et
901 4830 1074 4934 gessisset
1094 4858 1222 4906 curam
1247 4830 1373 4936 aliquo
1394 4851 1570 4936 tempore
1592 4833 1723 4912 libero·
