4080 6052
693 541 890 644 ruocns
915 559 1011 635 urs
1036 559 1337 637 rnurrrnns.
1651 541 1722 642 'sr

308 712 407 787 ciens
426 706 529 815 quod
548 732 679 784 omnes
697 721 734 780 et
751 704 888 812 singuli
908 702 1038 780 fratres
1056 704 1222 811 Templi,
1244 705 1309 810 qui
1331 704 1550 783 dicebantur
1569 735 1648 786 esse
1667 712 1724 786 vel

307 838 455 917 adducti
468 836 581 914 fuisse
592 835 770 927 Parisius,
782 834 848 941 qui
859 833 1028 910 dixerant
1039 862 1078 911 se
1090 834 1184 911 velle
1198 835 1370 912 ordinem
1382 833 1583 912 defendere
1598 854 1725 944 supra-'

306 970 464 1060 dictum,
486 968 765 1045 adducerentur
784 964 832 1040 ad
850 965 1081 1070 presenciam
1108 966 1330 1042 eorumdem
1357 967 1599 1044 dominorum
1625 998 1726 1046 com-

305 1102 580 1190 missariorum,
611 1115 649 1174 et
668 1096 905 1204 singulariter
922 1097 1207 1201 requirerentur
1225 1098 1256 1172 si
1274 1096 1449 1174 volebant
1468 1099 1639 1177 ordinem
1661 1103 1726 1178 de-

303 1229 460 1309 fendere
486 1229 730 1316 antedictum,
756 1244 793 1303 et
815 1254 948 1304 eorum
972 1228 1166 1332 responsio
1182 1243 1220 1303 et
1237 1228 1391 1306 nomina
1408 1228 1669 1337 redigerentur
1687 1233 1724 1308 in

305 1361 467 1467 scriptis3
495 1378 533 1437 et
553 1360 603 1436 ita
617 1357 863 1435 decreverunt
880 1375 917 1434 et
931 1356 1233 1434 deliberaverunt
1252 1386 1383 1436 omnes
1400 1360 1558 1466 predicti
1583 1363 1725 1440 domini

306 1489 564 1579 commissarii,
581 1505 666 1595 post
679 1487 837 1593 predicti
853 1487 997 1565 domini
1012 1487 1262 1565 Narbonensis
1278 1515 1483 1576 recessum,
1497 1517 1576 1566 esse
1591 1491 1728 1568 facien·

307 1620 410 1694 dum.
426 1620 474 1696 Et
494 1618 625 1695 eadem
646 1616 707 1693 die
728 1615 882 1694 fuerunt
901 1617 1014 1695 simul
1035 1616 1186 1694 adducti
1206 1645 1338 1695 omnes
1355 1617 1575 1726 infrascripti
1596 1619 1726 1697 fratres
1798 1703 1802 1710 ,

304 1751 350 1826 ad
372 1750 604 1855 presenciam
633 1748 820 1825 dictorum
852 1748 1093 1826 dominorum
1118 1748 1474 1842 commissariorum,
1497 1767 1535 1826 et
1559 1767 1725 1856 postmo-

305 1879 398 1955 dum
418 1879 655 1987 singulariter
678 1896 717 1955 et
733 1879 931 1985 separatim
954 1879 1170 1987 interrogati
1191 1906 1322 1956 omnes
1341 1897 1379 1956 et
1400 1879 1535 1987 singuli
1556 1879 1727 1988 (reliquis

304 2009 343 2084 in
363 2040 437 2087 una
461 2027 564 2115 parte
586 2038 731 2086 camere
752 2009 865 2087 simul
889 2008 1185 2098 remanentibus,
1210 2026 1248 2085 et
1266 2009 1332 2086 illo
1352 2012 1416 2116 qui
1431 2011 1727 2117 interrogabatur

306 2164 429 2213 coram
450 2140 557 2216 dictis
577 2139 740 2216 dominis
761 2139 1023 2217 commissariis
1051 2140 1251 2226 existente,
1272 2157 1313 2216 et
1334 2157 1421 2246 post
1444 2142 1726 2246 responsionem

306 2267 352 2342 ad
374 2267 482 2344 aliam
502 2295 687 2343 cameram
708 2269 856 2370 eunte),
878 2269 908 2343 si
933 2268 1108 2345 volebant
1132 2271 1306 2346 ordinem
1332 2271 1535 2347 defendere
1560 2271 1728 2376 supradi-

306 2413 420 2473 ctum.
444 2399 515 2472 Per
534 2424 632 2501 quos
650 2394 723 2472 fuit
740 2422 964 2500 responsum
985 2415 1028 2470 ut
1047 2398 1218 2500 sequitur
1239 2429 1248 2471 r

361 2527 490 2601 Frater
521 2523 750 2602 Guillelmus
787 2523 836 2600 de
868 2523 1067 2601 Gurrisaco
1099 2523 1285 2600 Eduensis
1322 2525 1479 2602 diocesis
1514 2529 1725 2631 respondit,

305 2655 410 2761 quod
429 2654 578 2733 volebat
593 2651 801 2731 defendere
818 2653 993 2730 ordinem
1012 2653 1286 2758 supradictum,
1303 2654 1495 2758 potissime
1511 2656 1550 2730 in
1565 2655 1726 2764 hiisque

305 2786 447 2863 viderat
461 2814 482 2862 a
495 2786 646 2892 triginta
666 2784 772 2860 annis
792 2784 897 2869 citra,
919 2781 1059 2889 quibus
1077 2782 1199 2860 fuerat
1218 2784 1256 2859 in
1277 2783 1377 2860 dicto
1398 2785 1547 2875 ordine,
1564 2785 1632 2861 sed
1651 2815 1726 2864 non

306 2916 401 2993 mala
420 2933 557 3023 puncta
583 2915 671 2991 dicti
696 2914 857 3005 ordinis,
879 2914 910 2989 si
929 2942 1004 3020 qua
1028 2914 1067 2989 iu
1093 2940 1138 2990 eo
1159 2931 1261 3005 sunt,
1282 2915 1387 3020 quod
1407 2942 1483 2992 non
1504 2915 1637 3006 credit,
1658 2944 1727 2991 nec

306 3047 427 3124 malas.
440 3072 620 3151 personas
642 3043 731 3119 dicti
752 3043 905 3122 ordinis.

363 3176 626 3279 Fraterllugo
649 3173 763 3249 Bossa
781 3173 967 3250 Eduensis
994 3173 1152 3252 diocesis
1176 3175 1384 3280 respondit,
1411 3177 1516 3283 quod
1539 3176 1636 3253 bene
1664 3205 1728 3253 vo-

307 3306 408 3383 lebat
428 3303 631 3382 defendere
648 3305 790 3380 dictum
806 3304 995 3396 ordinem,
1013 3307 1224 3382 secundum
1243 3304 1306 3381 illa
1325 3335 1399 3412 que
1419 3306 1558 3383 sciebat
1577 3323 1615 3382 et
1632 3306 1728 3382 vide

307 3454 362 3512 rat
382 3434 522 3539 inipso
544 3433 693 3519 ordine,
716 3462 736 3509 a
757 3435 887 3510 decem
909 3435 1015 3510 annis
1035 3435 1140 3524 citra,
1162 3462 1230 3539 per
1249 3463 1344 3541 quos
1363 3435 1402 3510 in
1423 3437 1559 3512 eodem
1579 3451 1729 3511 steterat

308 3567 397 3642 citra
416 3592 535 3654 mare,
558 3564 624 3640 sed
645 3561 798 3639 nolebat
817 3562 1021 3641 defendere
1042 3564 1165 3671 aliqua
1187 3564 1286 3640 mala
1304 3581 1457 3669 puncta,
1479 3565 1509 3642 si
1529 3593 1604 3670 qua
1624 3583 1727 3641 erant

306 3698 345 3771 in
366 3726 437 3774 eo,

361 3828 492 3901 Frater
514 3826 701 3903 lohannes
722 3827 769 3903 de
794 3827 1045 3905 Corbinbiaco
1070 3827 1255 3904 Eduensis
1284 3825 1442 3904 diocesis
1470 3825 1665 3932 respondit
1687 3853 1725 3901 se

307 3953 402 4029 velle
424 3953 640 4030 deffendere
664 3957 838 4032 ordinem
861 3961 1133 4064 supradictum,
1150 3958 1239 4063 quia
1257 3958 1407 4034 nullum
1427 3955 1571 4031 malum
1590 3955 1728 4031 sciebat

307 4087 346 4160 in
367 4113 424 4160 eo.
448 4083 661 4189 Supradicti
681 4111 768 4160 vero
786 4103 863 4161 tres
884 4106 988 4163 erant
1004 4087 1135 4162 fratres
1155 4087 1366 4162 servientes.

364 4218 493 4292 Frater
511 4212 685 4290 Nicolaus
706 4215 753 4290 de
772 4213 920 4319 Riperia
939 4215 1144 4320 presbyter,
1166 4214 1351 4290 Eduensis
1371 4214 1543 4306 diocesis,
1561 4231 1599 4291 et
1615 4213 1727 4293 frater

310 4345 521 4450 Stephanus
542 4344 589 4420 de
615 4344 887 4451 Prelomoniay,
911 4363 948 4422 et
972 4344 1085 4422 frater
1103 4346 1235 4420 Petrus
1260 4341 1307 4420 de
1327 4344 1485 4422 lluciaeo
1510 4345 1723 4436 servientes,

309 4474 496 4551 Eduensis
514 4472 687 4559 diocesis,
710 4475 987 4578 responderunt
1007 4502 1045 4550 se
1066 4473 1237 4549 ordinem
1256 4472 1351 4550 velle
1373 4474 1589 4553 deffendere
1606 4503 1727 4580 supra·

311 4608 469 4694 dictum,
493 4621 530 4680 et
549 4603 661 4680 frater
683 4605 815 4681 Petrus
840 4606 888 4681 de
908 4606 943 4682 la
964 4605 1091 4710 Limay
1111 4602 1374 4708 Lugdunensis
1396 4604 1552 4683 diocesis
1574 4633 1728 4713 respon-

313 4737 366 4812 dit
383 4736 486 4811 idem
505 4762 573 4839 pro
594 4761 703 4838 posse
724 4760 810 4820 suo;
837 4752 874 4811 et
896 4752 974 4811 erat
992 4734 1105 4811 frater
1125 4733 1316 4810 serviens.-

367 4867 494 4941 Frater
512 4863 631 4970 Aymo
655 4863 701 4938 de
717 4861 887 4969 Compen
902 4863 1165 4970 Lugdunensis
1184 4862 1357 4954 diocesis,
1382 4881 1419 4940 et
1436 4863 1550 4941 frater
1568 4864 1727 4941 Poncius

397 5001 503 5064 esocis
525 5022 578 5064 nas
598 5020 842 5062 reuertens—1.
1602 5001 1621 5061 8
