4148 6052
710 549 908 644 snocts
933 566 1028 639 nas
1052 560 1352 641 ruustrsas.
1665 567 1739 642 aas

329 737 409 798 xrn,
426 708 701 817 protestacioue
713 709 909 816 premissa,
924 705 1029 814 quod
1041 734 1120 785 uon
1140 707 1359 785 intendebat
1371 705 1548 782 recedere
1561 733 1581 780 a
1594 706 1742 812 deposi-

324 841 430 918 cione
444 855 483 916 et
501 838 734 919 confessione
753 837 944 947 predictis,
965 837 1069 945 quod
1085 866 1280 947 nunquam
1298 835 1519 915 interfuerat
1534 838 1740 941 recepcioni

323 970 482 1078 alicujus
500 970 654 1049 alterius
673 970 813 1063 fratris,
832 950 934 1050 unde
955 969 1144 1047 nesciebat
1163 970 1194 1048 si
1213 987 1386 1048 contenta
1401 969 1441 1044 in
1457 966 1564 1044 dictis
1579 966 1743 1047 articulis

324 1116 430 1178 erant
447 1126 532 1177 vera
556 1099 616 1179 vel
634 1128 730 1190 noua
751 1101 830 1208 ipse
854 1118 981 1180 autem
1005 1128 1074 1207 per
1100 1127 1280 1207 magnum
1304 1100 1537 1208 Magistrum,
1556 1099 1621 1204 qui
1642 1127 1744 1176 nunc

323 1248 396 1322 cst,
412 1227 484 1305 fuit
499 1247 673 1337 receptus
691 1231 730 1306 in
750 1230 892 1337 capella
904 1230 1041 1309 domus
1052 1227 1205 1336 Templi
1220 1229 1453 1317 Parisiensis,
1474 1230 1513 1304 in
1532 1228 1626 1306 festo
1643 1229 1744 1306 Nati-

323 1360 446 1439 vitatis
474 1359 575 1438 beati
610 1360 792 1439 lobannis
825 1362 987 1469 baptiste
1016 1360 1187 1467 proximo
1216 1361 1397 1466 preterito
1426 1358 1580 1436 luerunt
1612 1358 1742 1436 decem

325 1491 507 1568 anniante
517 1490 732 1597 capcionem
752 1519 859 1569 suam
879 1509 917 1569 et
937 1491 1109 1577 aliorum,
1133 1506 1170 1566 et
1185 1489 1426 1597 presentibus
1439 1487 1617 1565 fratribus
1632 1489 1742 1598 Hugo

325 1620 372 1698 de
388 1620 546 1699 Peraldo
562 1621 764 1713 visitatore,
785 1621 985 1728 liudulpho
1006 1620 1053 1698 de
1073 1619 1152 1698 Gisi
1172 1637 1365 1727 receptore
1378 1619 1582 1725 Campania
1598 1646 1667 1725 pro
1684 1618 1745 1695 do

325 1752 428 1829 mino
442 1754 558 1858 Rege,
577 1768 616 1829 et
628 1751 794 1830 Roberto
812 1752 859 1830 de
880 1769 1006 1830 sancto
1022 1750 1247 1828 Pantaleone
1265 1750 1492 1855 presbitero,
1515 1766 1553 1824 et
1571 1747 1745 1855 pluribus

325 1879 423 1967 aliis,
434 1881 473 1957 in
487 1882 590 1959 hunc
604 1882 784 1959 modum:
800 1910 888 1958 nam
904 1910 991 1958 cum
1008 1878 1278 1986 requisivisset,
1296 1879 1401 1955 llexis
1415 1877 1592 1983 genibus,
1609 1907 1744 1984 panem

327 2026 364 2085 et
383 2037 519 2116 aquam
544 2028 583 2088 et
605 2012 821 2089 societatem
848 2011 1057 2118 proborum
1082 2011 1240 2098 ordinis,
1263 2008 1385 2087 dictus
1406 2009 1580 2120 Magister
1599 2010 1691 2086 dixit
1710 2009 1743 2085 ei

326 2140 431 2246 quod
446 2139 545 2217 bene
565 2139 810 2231 deliberaret,
836 2142 925 2249 quia
944 2158 1136 2247 oporteret
1154 2169 1241 2217 eum
1264 2140 1454 2218 dimittere
1472 2140 1661 2247 propriam
1681 2170 1745 2217 vo-

326 2271 510 2347 luntatem
529 2288 685 2377 propter
703 2272 883 2361 alienam,
902 2289 939 2348 et
954 2271 1075 2348 multa
1094 2288 1199 2347 erant
1214 2271 1307 2347 dura
1322 2270 1524 2359 sustinere,
1543 2287 1580 2347 ot
1599 2291 1748 2380 rogaret

326 2401 450 2477 Deum
477 2417 516 2477 et
539 2399 688 2477 beatam
715 2401 870 2478 Mariam
899 2401 1004 2506 quod
1030 2399 1237 2506 dirigerent
1265 2426 1366 2476 eum.
1391 2399 1488 2476 Cum
1523 2416 1649 2476 autem
1674 2401 1746 2478 hoc

326 2528 484 2621 fecisset,
506 2529 629 2609 dictus
650 2531 825 2637 Magister
844 2531 937 2608 dixit
956 2531 1060 2637 quod
1080 2559 1125 2608 ex
1138 2528 1210 2608 boc
1228 2545 1376 2607 tantum
1396 2529 1590 2607 affectabat
1605 2532 1748 2637 recipe-

327 2686 367 2734 re
389 2688 494 2750 eum,
516 2677 556 2736 et
575 2658 663 2737 fecit
681 2687 770 2737 eum
791 2687 921 2738 vovere
942 2678 980 2738 et
993 2661 1121 2768 jurare
1141 2688 1254 2767 super
1273 2659 1464 2767 quendam
1483 2660 1626 2738 librum
1641 2663 1747 2739 casti-

326 2804 459 2877 tatem,
472 2789 731 2867 obedienciam
742 2849 751 2877 ,
761 2780 884 2867 vivere
898 2789 979 2868 sine
991 2791 1157 2898 proprio,
1173 2818 1317 2869 servare
1332 2790 1454 2867 bonos
1473 2819 1565 2868 usus
1580 2808 1617 2867 et
1631 2793 1748 2870 bonas

327 2920 621 2996 consuetudines
638 2936 676 2996 et
686 2936 823 2998 secreta
839 2920 999 3008 ordinis;
1016 2922 1261 3027 postmodum
1276 2920 1444 3026 inposuit
1459 2922 1493 2997 ei
1509 2921 1746 3009 mantellum,

329 3064 365 3124 et
391 3049 469 3153 ipse
498 3066 535 3125 et
557 3049 689 3126 fratres
717 3066 877 3127 astantes
902 3048 1060 3129 luerrmt
1083 3079 1170 3129 eum
1196 3051 1357 3129 osculati
1382 3051 1421 3127 in
1447 3078 1529 3139 ore,
1556 3069 1594 3128 et
1614 3053 1747 3129 exinde

331 3178 503 3254 instruxit
524 3206 612 3255 eum
636 3178 798 3286 qualiter
821 3178 984 3258 debebat
1008 3180 1214 3260 conversari
1234 3181 1273 3257 in
1297 3182 1446 3273 ordine,
1469 3198 1507 3259 et
1530 3200 1624 3288 quot
1640 3184 1752 3261 Pater

329 3324 446 3386 noster
464 3309 588 3386 dicere
610 3338 679 3417 pro
699 3310 804 3388 boris
822 3310 916 3399 suis,
943 3327 982 3388 et
1004 3310 1212 3390 consimilia
1234 3311 1346 3388 bona.
1370 3315 1500 3390 Postea
1526 3313 1648 3389 dictus
1672 3314 1748 3389 Ma-

329 3437 444 3543 gister
466 3438 635 3545 precepit
659 3439 693 3516 ei
719 3441 821 3547 quod
850 3439 1053 3550 abnegaret
1075 3441 1185 3519 illum
1210 3442 1276 3549 qui
1297 3460 1376 3519 erat
1395 3443 1434 3519 in
1456 3443 1619 3548 quadam
1641 3471 1748 3519 cruce

329 3596 403 3672 que
421 3586 500 3645 erat
514 3570 619 3675 juxta
639 3597 724 3658 eos,
746 3571 813 3649 sed
833 3572 952 3650 nescit
971 3571 1093 3680 qualis
1113 3589 1193 3655 erat
1211 3573 1308 3650 dicta
1327 3601 1428 3664 crux,
1457 3572 1598 3649 scilicet
1622 3573 1670 3648 de
1695 3601 1751 3648 ar-

329 3713 442 3800 gento
462 3698 522 3773 vel
542 3699 590 3775 de
615 3727 748 3805 cupro,
777 3701 895 3809 magis
922 3718 1050 3778 tamen
1079 3701 1199 3779 credit
1223 3703 1328 3807 quod
1353 3719 1451 3779 esset
1476 3703 1524 3779 de
1548 3730 1681 3808 cupro,
1712 3704 1750 3777 iu

330 3854 403 3931 qua
425 3843 504 3903 erat
522 3854 656 3933 ymago
676 3827 870 3918 Crucifixi3
892 3847 1036 3907 etcum
1055 3831 1134 3938 ipse
1154 3831 1259 3909 testis
1281 3832 1536 3939 respondisset
1555 3833 1659 3939 quod
1680 3834 1751 3910 boc

331 3985 407 4032 nou
423 3954 576 4049 faceret,
596 3956 719 4036 dictus
738 3959 914 4067 Magister
931 3961 1025 4038 dixit
1045 3961 1079 4038 ei
1100 3962 1205 4068 quod
1223 3963 1296 4040 hoc
1310 3963 1509 4070 oportebat
1525 3991 1614 4041 eum
1631 3962 1751 4039 facere

331 4085 541 4164 secundum
562 4104 699 4193 puncta
720 4088 864 4167 ordinis
883 4118 1028 4185 eorum,
1049 4108 1089 4170 et
1107 4109 1198 4169 tuuc
1224 4093 1303 4199 ipse
1325 4093 1430 4171 testis
1455 4092 1664 4202 abnegavit,
1687 4120 1751 4170 ore

331 4245 408 4294 non
424 4218 557 4305 corde;
573 4234 702 4323 postea
715 4219 882 4327 precepit
898 4220 933 4300 ei
952 4221 1058 4328 quod
1073 4239 1226 4328 spueret
1239 4251 1352 4329 super
1367 4251 1515 4301 crucem
1530 4223 1750 4328 predictam,

332 4346 468 4451 etipse
487 4375 564 4424 non
581 4348 684 4455 spuit
702 4377 816 4456 super
841 4351 910 4430 sed
928 4352 1050 4461 juxta3
1079 4369 1209 4459 postea
1233 4353 1327 4431 dixit
1353 4353 1388 4432 ei
1414 4353 1519 4461 quod
1542 4354 1750 4432 secundum

332 4492 470 4580 puncta
490 4476 579 4555 dieti
597 4478 743 4558 ordinis
762 4480 926 4560 debebat
945 4512 1034 4562 eum
1054 4484 1213 4563 osculari
1233 4485 1272 4561 in
1297 4513 1370 4563 ano
1391 4502 1429 4562 et
1451 4485 1489 4560 iu
1511 4484 1694 4563 umbilico
1715 4502 1752 4562 et

333 4607 371 4679 in
392 4622 560 4710 pectore,
579 4609 647 4686 sed
662 4628 790 4688 tamen
808 4640 885 4689 uon
906 4611 980 4692 fuit
999 4642 1087 4692 eum
1108 4615 1312 4704 osculatus,
1334 4615 1420 4722 quia
1445 4615 1609 4693 remissit
1632 4616 1666 4693 ei
1694 4616 1752 4692 di-

333 4753 437 4813 ctum
456 4736 649 4827 osculum;
664 4741 803 4820 deinde
823 4743 915 4822 dixit
929 4746 964 4822 ei
984 4747 1089 4852 quod
1109 4747 1320 4824 secundum
1340 4763 1478 4855 puncta
1496 4747 1665 4854 predicta
1680 4774 1749 4855 po

333 4882 428 4942 terat
448 4869 681 4949 commisceri
701 4871 878 4953 fratribus
901 4876 1064 4969 ordinis,
1086 4893 1125 4954 et
1149 4877 1226 4983 pati
1248 4879 1354 4986 quod
1372 4878 1444 4987 ipsi
1463 4877 1751 4958 commisceren-

1597 5013 1646 5075 60.
