4080 6052
341 539 414 609 sro
725 507 921 603 raucas
947 527 1042 599 ors
1068 526 1371 600 caueamus

393 678 504 768 Item,
522 674 569 752 de
584 672 770 750 contentis
789 672 828 747 in
848 698 930 750 rnvr
953 686 991 746 et
1009 694 1092 747 xxvi
1112 646 1376 776 sequentibus,
1396 667 1444 744 de
1463 667 1586 776 ydolis
1607 686 1647 746 et
1667 671 1766 776 capi·

337 809 440 885 tibus
458 805 661 916 ydolorum
681 819 719 878 et
737 800 920 892 cordulis,
940 799 1135 904 respondit
1153 827 1192 877 se
1213 799 1331 876 nichil
1347 798 1457 886 scire,
1479 798 1551 875 nisi
1576 798 1652 876 hoc
1673 799 1765 877 dun

338 957 435 1015 taxat
454 935 558 1044 quod
574 935 607 1013 ei
625 932 748 1012 suerat
762 933 904 1010 dictum
924 957 993 1036 per
1010 927 1142 1007 fratres
1156 947 1242 1036 post
1255 929 1513 1036 recepcionem
1529 957 1636 1007 suam
1654 932 1760 1039 quod

339 1071 551 1176 cingeretur
567 1093 642 1141 una
662 1062 819 1140 cordula
835 1090 949 1167 super
973 1088 1116 1166 pannos
1136 1089 1224 1138 suos
1244 1061 1365 1138 lineos
1385 1060 1432 1137 de
1454 1076 1581 1149 nocte3
1601 1061 1759 1138 modum

339 1219 465 1278 autem
485 1195 713 1302 recepcionis
730 1193 891 1272 aliorum
912 1190 1055 1269 ordinis
1074 1191 1252 1268 credebat
1269 1192 1384 1269 talem
1405 1219 1485 1284 esse
1500 1191 1624 1297 qualis
1642 1190 1759 1270 fuerat

338 1362 444 1413 suus,
466 1330 534 1408 sed
558 1324 747 1404 nesciebat
769 1323 933 1431 qualiter
951 1320 1108 1398 fuissent
1126 1322 1249 1426 puniti
1269 1322 1335 1429 qui
1355 1323 1524 1428 predicta
1545 1319 1667 1398 lacere
1690 1351 1759 1400 no-

339 1463 511 1548 luissent,
524 1457 585 1535 vel
595 1456 659 1562 qui
674 1483 716 1530 ea
730 1453 970 1542 revelassent3
983 1450 1162 1557 jurabant
1168 1469 1296 1530 tamen
1308 1480 1386 1528 non
1400 1452 1566 1530 revelare
1575 1454 1755 1557 predicta,

340 1619 409 1668 nec
427 1590 586 1666 luissent
604 1586 684 1663 ausi
706 1583 870 1661 revelare
889 1581 1131 1660 secularibus.

395 1724 508 1812 Item,
529 1721 577 1796 ad
600 1745 709 1797 cxuu
729 1734 767 1794 et
791 1744 923 1794 omnes
942 1733 1143 1822 sequentes
1161 1717 1356 1823 respoudit
1375 1744 1451 1794 non
1472 1716 1582 1795 luisse
1601 1715 1673 1792 sibi
1695 1717 1752 1792 in-

339 1853 505 1930 hibitum
536 1849 641 1958 quod
672 1876 750 1926 non
775 1848 1018 1925 confiteretur
1041 1847 1112 1923 nisi
1134 1844 1310 1924 fratribus
1337 1847 1496 1938 ordinis,
1524 1865 1561 1927 et
1583 1847 1755 1925 credebat

339 1983 442 2088 quod
462 1981 618 2059 fuissent
635 1977 866 2085 negligentes
883 1978 971 2083 quia
988 2005 1065 2053 non
1086 1995 1321 2054 correxerant
1346 2006 1491 2055 errores
1516 2005 1587 2055 nec
1614 1976 1759 2055 denun-

340 2114 523 2190 ciaverant
537 2111 717 2200 Ecclesia,
735 2125 772 2186 et
786 2108 907 2184 credit
921 2107 1027 2215 quod
1038 2106 1276 2185 uniformiter
1288 2110 1547 2214 reciperentur
1559 2108 1704 2215 ubique
1721 2110 1756 2186 in

341 2243 473 2320 ordine
493 2241 588 2317 sicut
604 2239 779 2345 deposuit
797 2266 836 2315 se
853 2236 966 2315 luisse
979 2255 1192 2342 receptum,
1210 2254 1247 2314 et
1263 2239 1454 2316 audiverat
1474 2239 1548 2317 dici
1563 2238 1672 2346 quod
1687 2239 1758 2316 ele-

339 2375 484 2452 mosine
509 2372 657 2450 fuerant
681 2368 867 2447 diminute
887 2370 927 2446 in
945 2369 1096 2457 ordine,
1115 2368 1202 2445 licet
1228 2371 1400 2476 restringi
1425 2399 1502 2447 uon
1528 2370 1666 2448 viderit
1692 2397 1757 2448 nec

338 2508 417 2611 ipse
434 2533 603 2611 unquam
612 2501 861 2591 restrinxerit,
875 2500 943 2577 sed
960 2501 1059 2576 bone
1075 2516 1205 2605 gentes
1220 2499 1317 2577 bene
1334 2502 1614 2608 recipiebantur
1629 2502 1678 2579 ad
1697 2502 1756 2578 ho

338 2636 588 2744 spitalitatem.
601 2634 801 2711 Audiverat
816 2632 933 2708 eciam
944 2631 1017 2706 dici
1032 2631 1137 2736 quod
1148 2630 1309 2737 capitula
1320 2630 1417 2709 clam
1427 2632 1675 2724 tenebantur,
1690 2635 1755 2710 sed

339 2796 415 2845 non
448 2766 624 2842 credebat
646 2763 752 2871 quod
774 2760 867 2871 layci
887 2777 1040 2866 possent
1064 2760 1257 2837 absolvere
1283 2791 1303 2837 a
1326 2763 1501 2868 peccatis,
1526 2780 1564 2839 et
1580 2761 1752 2839 credebat

340 2898 443 3001 quod
475 2898 515 2972 in
548 2912 628 2976 toto
660 2894 794 2971 ordine
823 2908 1031 2970 servaretur
1054 2892 1158 2997 quod
1182 2920 1339 2998 magnus
1367 2892 1543 2999 Magister
1572 2892 1754 2970 statuebat

341 3055 426 3103 cum
446 3043 629 3103 conventu
648 3053 733 3113 suo,
749 3041 787 3101 et
805 3022 910 3130 quod
926 3021 1144 3099 scandalum
1161 3041 1314 3129 propter
1328 3023 1494 3129 predicta
1514 3041 1642 3102 contra
1656 3023 1754 3102 ordi-

341 3183 428 3231 nem
449 3155 496 3231 sit
519 3170 700 3231 exortum.
721 3154 778 3230 Dc
804 3151 980 3230 omnibus
1004 3150 1086 3229 aliis
1104 3154 1289 3230 contentis
1314 3154 1351 3228 in
1379 3154 1488 3230 dictis
1513 3154 1679 3231 articulis
1699 3182 1756 3230 re·

340 3285 491 3390 spondit
520 3313 558 3361 se
588 3283 749 3389 amplius
776 3282 918 3359 nescire
947 3312 1060 3388 quam
1097 3285 1415 3389 suprascriptum
1446 3285 1505 3360 sit.
1532 3286 1643 3370 Item,
1667 3285 1757 3360 dixit

340 3418 445 3523 quod
473 3416 552 3522 ipse
586 3415 774 3520 predictos
805 3442 950 3490 errores
976 3413 1166 3491 confessus
1192 3414 1313 3491 fuerat
1345 3433 1429 3520 post
1460 3441 1522 3492 vru
1550 3415 1629 3490 dies
1652 3443 1673 3488 a
1697 3441 1754 3488 re-

341 3548 515 3651 cepcione
545 3575 611 3623 sua
644 3543 835 3650 capellano
869 3561 996 3619 curato
1032 3544 1120 3619 dicti
1154 3545 1224 3621 loci
1264 3546 1310 3621 de
1344 3547 1506 3652 Loyson,
1541 3543 1647 3648 cujus
1682 3570 1752 3619 no·

341 3706 427 3754 men
454 3695 492 3754 et
518 3704 726 3783 cognomen
756 3676 902 3781 ignorat
931 3691 968 3750 et
996 3701 1110 3779 quem
1141 3675 1259 3751 credit
1291 3704 1369 3750 esse
1399 3691 1607 3762 mortuum,
1625 3674 1691 3778 qui
1713 3675 1752 3749 in

341 3806 481 3910 capella
506 3806 603 3881 dicte
635 3805 772 3880 domus
803 3821 887 3879 ante
911 3804 1043 3879 horam
1064 3804 1210 3907 prandii
1239 3804 1396 3881 absolvit
1422 3833 1528 3891 cum,
1544 3806 1597 3880 'et
1623 3831 1754 3881 consu·

339 3937 411 4013 luit
435 3938 468 4013 ei
495 3937 599 4044 quod
624 3963 818 4041 nunquam
844 3935 1038 4010 interesset
1066 3936 1274 4040 recepcioni
1305 3935 1464 4042 alicujus
1503 3936 1627 4011 lratris
1660 3936 1754 4013 ordi-

341 4069 413 4161 nis,
432 4080 470 4145 et'
484 4071 588 4176 quod
605 4096 681 4143 non
701 4083 847 4142 teneret
867 4066 985 4141 dictos
1006 4092 1166 4156 errores,
1190 4085 1226 4143 ot
1246 4069 1351 4172 quod
1377 4069 1492 4143 exiret
1512 4067 1705 4153 ordinem,
1721 4083 1753 4142 et

342 4200 446 4305 quod
467 4201 655 4307 jejunaret
678 4224 731 4273 1111
756 4196 890 4273 diebus
910 4196 1066 4274 Veneris
1087 4196 1124 4271 in
1143 4227 1237 4302 panc
1261 4217 1297 4275 et
1317 4229 1412 4305 aqua
1432 4215 1587 4303 propter
1602 4198 1667 4274 illa
1684 4225 1750 4303 que

342 4327 489 4406 fecerat.

396 4458 611 4562 Requisitus
626 4459 657 4536 si
673 4458 725 4535 sic
741 4455 965 4562 deposuerat
980 4485 1101 4563 prece,
1115 4477 1303 4564 precepto,
1316 4462 1471 4553 timore,
1486 4487 1635 4550 amore,
1651 4458 1747 4543 odio,

341 4586 398 4661 vel
419 4590 614 4691 temporali
636 4588 796 4666 comodo
813 4585 942 4664 habito
958 4589 1016 4664 vel
1034 4587 1225 4680 habendo,
1243 4591 1438 4695 respondit
1455 4590 1560 4697 quod
1579 4619 1673 4682 non,
1692 4587 1750 4665 sed

341 4743 409 4818 pro
429 4717 580 4814 veritate
602 4718 777 4808 dicenda3
800 4736 837 4795 et
856 4717 927 4794 luit
948 4719 981 4794 ei
1003 4719 1216 4826 injunctum
1236 4749 1304 4825 per
1323 4721 1442 4798 dictos
1463 4720 1639 4799 dominos
1659 4745 1750 4795 com-

343 4843 549 4933 missarios,
578 4846 615 4921 in
640 4848 775 4925 virtute
798 4848 1002 4953 juramenti
1031 4851 1176 4956 prestiti
1201 4880 1270 4956 per
1295 4879 1400 4944 eum,
1423 4851 1527 4959 quod
1547 4879 1625 4929 non
1656 4874 1752 4927 reve-
