4080 6052
692 511 888 606 ruocts
914 529 1010 602 uus
1034 521 1334 606 annuimus.
1645 543 1718 614 aar

364 657 484 760 Item,
502 671 551 749 ad
571 697 632 749 rut
653 689 691 749 et
714 698 773 759 xv,
794 670 844 749 de
865 686 961 760 cato,
986 686 1073 762 etc,
1094 687 1132 750 et
1156 673 1205 751 ad
1221 699 1401 763 rvr-mu,
1424 675 1471 751 de
1491 698 1721 758 sacramento

310 806 433 886 altaris
457 820 495 880 et
518 802 601 880 aliis
624 802 671 880 de
697 803 899 881 omissione
918 801 1121 880 verborum
1140 805 1308 894 canonis,
1329 805 1524 911 respondit
1546 835 1586 884 se
1606 809 1722 886 nichil

305 938 415 1024 scire,
436 959 507 1011 nec
527 933 684 1011 'credere
709 950 882 1026 contenta
905 934 945 1010 in
968 934 1059 1039 ipsis
1082 935 1247 1014 articulis
1271 962 1349 1014 csse
1375 964 1471 1014 vera.
1496 936 1648 1015 Audiuit
1666 955 1723 1015 ta-

305 1094 394 1145 men
413 1065 487 1143 dici
504 1061 624 1141 multa
644 1061 692 1139 de
711 1064 896 1142 contentis
914 1064 961 1140 in·
977 1063 1068 1169 ipsis
1084 1066 1251 1144 articulis
1265 1083 1465 1172 postquam
1484 1064 1556 1144 fuit
1575 1084 1719 1175 captus,

306 1227 327 1271 a
345 1195 476 1273 multis
495 1192 737 1271 secularibus.
1725 1191 1729 1199 ’

331 1376 335 1385 ·
363 1328 474 1415 Item,
496 1323 655 1413 cdxxiv,
676 1349 794 1404 v-vuu
812 1323 1009 1431 respondit
1025 1351 1095 1401 nec
1114 1326 1225 1413 scire,
1246 1351 1316 1402 nec
1335 1327 1505 1415 credere,
1527 1356 1596 1405 nec
1613 1330 1722 1407 andi-

307 1459 401 1535 visse
427 1456 500 1533 dici
525 1454 631 1562 quod
653 1456 796 1561 possint
820 1453 1011 1533 absolvere
1036 1483 1057 1531 a
1081 1458 1238 1561 peccatis
1262 1457 1334 1532 nisi
1359 1456 1566 1564 presbyteri
1591 1477 1628 1536 et
1652 1462 1724 1564 epi·
1840 1507 1842 1511 -

306 1588 424 1693 scopi,
445 1613 515 1663 nec
532 1586 638 1693 quod
658 1613 818 1691 magnus
835 1585 1012 1690 Magister
1030 1583 1145 1661 fuerit
1162 1586 1328 1690 predicta
1348 1586 1547 1665 confessus.

361 1719 473 1807 Item,
496 1716 643 1805 adm,
659 1742 763 1802 mr,
784 1726 865 1792 uct
883 1742 938 1803 ur,
961 1716 1010 1791 dc
1029 1714 1183 1802 osculis,
1199 1717 1396 1823 respondit
1414 1746 1454 1794 se
1473 1716 1591 1795 nichil
1610 1719 1722 1808 scire,

306 1877 375 1925 nec
394 1848 565 1936 credere,
586 1872 655 1924 nec
674 1846 857 1924 audivisse
877 1846 951 1923 dici
971 1862 1056 1924 ante
1077 1847 1310 1950 capcionem,
1327 1864 1480 1952 excepto
1500 1846 1627 1924 osculo
1648 1847 1723 1923 oris

306 1977 412 2082 quod
432 1975 642 2053 confitetur.

363 2109 469 2197 Item,
491 2105 539 2183 ad
558 2131 665 2184 miv
685 2123 727 2182 et
743 2131 766 2185 v
785 2104 979 2209 respondit
996 2131 1038 2182 se
1057 2104 1209 2182 credere
1230 2122 1403 2182 contenta
1421 2107 1461 2183 in
1480 2106 1571 2213 ipsis
1587 2106 1723 2214 artiqu

246 2340 249 2345 ⁴
308 2236 354 2311 lis
371 2262 451 2314 esse
467 2262 569 2323 vera,
588 2263 658 2340 pro
675 2261 720 2312 eo
737 2235 844 2340 quod
859 2235 938 2339 ipse
950 2235 1140 2339 juraverat
1155 2263 1233 2312 non
1251 2237 1350 2313 exire
1368 2237 1511 2313 dictum
1531 2237 1720 2326 ordinem,

308 2382 347 2442 et
364 2365 487 2441 fuerat
505 2363 576 2441 sibi
598 2363 741 2439 dictum
759 2363 864 2470 quod
883 2390 951 2468 pro
970 2361 1138 2468 professo
1157 2363 1377 2441 habebatur.

364 2494 476 2581 Item,
500 2494 548 2570 ad
565 2517 760 2571 mvuvuu
779 2491 974 2596 respondit
994 2492 1099 2597 quod
1116 2493 1356 2598 recepciones
1371 2492 1515 2570 fiebant
1532 2494 1571 2568 in
1591 2493 1723 2570 ordine

308 2623 553 2711 clandestine,
568 2622 695 2729 januis
715 2621 865 2711 clausis,
879 2620 995 2699 nullis
1011 2621 1265 2726 presentibus,
1282 2623 1353 2698 nisi
1368 2621 1546 2701 fratribus
1563 2625 1721 2712 ordinis,

308 2770 346 2830 et
361 2753 480 2830 credit
501 2752 608 2858 quod
627 2777 672 2828 er
693 2750 764 2828 hoc
788 2767 886 2829 esset
905 2751 1068 2857 suspicio
1090 2751 1377 2830 contradictum
1397 2753 1570 2831 ordinem
1590 2781 1724 2861 magna

310 2900 347 2959 et
367 2883 464 2960 mala
485 2881 747 2960 communiter.
1142 2960 1144 2963 ,

363 3013 474 3103 Item,
493 3011 542 3087 ad
560 3038 657 3096 riu-v,
675 3010 721 3086 de
736 3009 1008 3086 commiscione
1028 3009 1181 3101 carnali,
1202 3013 1397 3117 respondit
1415 3040 1455 3089 se
1473 3012 1591 3091 nichil
1609 3014 1718 3106 scire,

307 3168 378 3217 nec
397 3139 549 3216 credere
570 3155 744 3216 contenta
761 3138 802 3215 in
821 3138 911 3245 ipsis
930 3139 1094 3217 articulis
1113 3165 1192 3217 esse
1212 3168 1309 3217 vera.

364 3270 476 3360 Item,
501 3268 549 3344 ad
567 3295 749 3348 uvi-utu
765 3268 961 3376 respondit
976 3297 1018 3346 sc
1031 3269 1148 3346 nichil
1164 3270 1274 3360 scire,
1291 3299 1362 3348 nec
1376 3271 1530 3349 credere
1547 3291 1726 3350 contenta

306 3405 346 3480 in
366 3404 456 3509 ipsis
475 3403 639 3480 articulis
659 3429 739 3480 esse
757 3428 855 3479 vera.

291 3576 300 3594 ·
361 3535 473 3621 Item,
492 3533 542 3611 ad
556 3559 718 3615 utut-tiu
727 3533 923 3639 respondit
938 3532 1044 3640 quod
1063 3531 1144 3636 ipse
1161 3532 1378 3639 cingebatur
1392 3533 1555 3639 quadam
1567 3529 1724 3608 cordula

306 3642 421 3769 quam
439 3664 520 3768 ipse
537 3663 641 3740 idem
659 3662 797 3741 lecerat
814 3690 929 3768 super
947 3662 1153 3750 camisiam,
1171 3678 1343 3768 utsupra
1362 3660 1551 3768 deposuit,
1571 3677 1609 3738 et
1626 3659 1724 3736 dicta

308 3791 462 3869 cordula
478 3791 707 3898 portabatur,
731 3809 776 3870 ut
797 3791 939 3870 audivit
957 3791 1047 3881 dici,
1071 3791 1281 3897 insignum
1298 3792 1490 3884 castimis,
1512 3810 1549 3869 et
1570 3791 1663 3868 dixit
1683 3817 1722 3867 se

307 3921 441 3998 vidisse
458 3919 562 4027 quod
578 3919 693 3997 frater
707 3919 832 3998 Helias
847 3920 1032 4028 Aymerici
1052 3921 1325 3999 Lemovicensis
1345 3920 1518 4011 diocesis,
1536 3921 1602 4028 qui
1622 3946 1722 3996 nunc

308 4050 500 4128 detinetur
514 4049 692 4142 Parisius,
709 4050 927 4157 cingebatur
942 4048 994 4128 ita
1009 4050 1134 4128 stricte
1154 4049 1252 4127 dicta
1268 4049 1422 4127 cordula
1435 4050 1542 4156 quod
1556 4076 1641 4126 caro
1656 4073 1723 4126 sua

309 4198 365 4258 est
393 4179 558 4259 multum
582 4179 681 4256 inter
709 4178 804 4268 lcsa;
824 4179 963 4257 alinde
986 4180 1225 4258 contentisin
1254 4179 1344 4285 ipsis
1369 4177 1535 4258 articulis
1563 4178 1656 4256 dixit
1681 4204 1724 4257 se

308 4312 450 4390 nescire
469 4339 539 4391 nec
557 4310 721 4388 credere.

364 4443 474 4529 Item,
496 4442 544 4518 ad
568 4468 657 4531 nnn,
678 4468 720 4518 ur
742 4458 780 4518 et
804 4467 840 4521 ru
858 4440 1055 4547 respondit
1078 4467 1118 4519 se
1142 4438 1295 4518 credere
1314 4439 1421 4548 quod
1438 4438 1584 4546 ubique
1602 4438 1642 4514 in
1661 4465 1722 4515 or-

307 4570 397 4645 dine
422 4588 590 4648 servetur
617 4570 701 4648 talis
727 4570 865 4649 modus
890 4570 1119 4677 recepcionis
1146 4570 1307 4679 qualiter
1332 4571 1508 4678 deposuit
1535 4585 1720 4647 seruatum

303 4698 422 4777 fnisse
441 4700 482 4775 in
500 4700 720 4806 recepcione
737 4728 807 4779 sua
826 4716 864 4779 et
881 4728 959 4779 non
978 4700 1095 4778 alium
1113 4700 1306 4780 diversum
1320 4700 1361 4778 in
1378 4699 1601 4780 substancia.

364 4831 475 4921 Item,
496 4831 546 4908 ad
568 4858 648 4922 cxv,
668 4857 706 4913 tu
724 4849 762 4910 et
780 4857 832 4912 tu
851 4830 1048 4939 respondit
1067 4858 1107 4910 ω
1131 4859 1208 4911 non
1231 4831 1384 4912 credero
1407 4831 1513 4941 quod
1533 4830 1722 4910 interfice·

1523 4969 1572 5036 34.
