4080 6052
529 527 600 597 286
911 498 1108 593 Pnocbs
1133 516 1230 589 DES
1255 514 1554 588 TEMPLIERS.

527 664 608 741 lieri
628 659 850 768 publicum
840 673 1153 743 instrumentum,
1174 671 1211 733 ct
1229 654 1396 760 predicta
1414 653 1564 759 redigi
1556 681 1596 732 m
1611 678 1811 797 processu,
1836 671 1952 757 prout

526 794 614 871 dicti
638 793 718 870 duo
745 788 895 878 notnrii,
912 805 950 865 et
976 788 1095 865 eciam
1121 783 1280 893 predicti
1304 800 1381 863 tres
1408 783 1553 861 domini
1573 781 1840 873 commissarii,
1867 782 1950 863 aliis

528 923 692 1001 dominis
706 918 968 1001 commissariis
978 917 1207 1023 subscriptis,
1222 933 1262 993 et
1272 916 1366 994 mibi
1382 913 1626 993 Floriamouti
1641 912 1858 1003 Dondodei,
1866 914 1952 993 Ber·

529 1056 646 1133 nardo
665 1051 817 1129 Filibofi
839 1067 877 1128 et
898 1048 1091 1129 bernardo
1116 1047 1291 1126 Umbnldi
1315 1045 1470 1123 notariis
1497 1043 1734 1150 subscriptis,
1758 1045 1831 1150 qui
1860 1062 1948 1123 tunc

529 1186 700 1263 absentes
720 1210 885 1268 eramus,
901 1180 1148 1287 postmodum
1167 1179 1229 1257 die
1248 1177 1457 1283 nrbscripta
1473 1177 1646 1322 proximo
1664 1174 1888 1255 retulerunt

586 1317 675 1393 Aeta
693 1313 848 1391 fuerunt
866 1311 937 1389 bec
954 1337 1023 1416 per
1042 1311 1161 1387 dictos
1175 1326 1252 1387 tres
1272 1307 1446 1386 domium
1465 1306 1756 1397 commissarios,
1771 1306 1949 1412 predictis
2016 1410 2019 1417 Ι

529 1446 591 1521 die
612 1461 650 1520 et
672 1444 773 1528 loco,
793 1439 1030 1547 presentibus
1050 1440 1237 1546 magistris
1256 1440 1414 1544 Hugone
1434 1437 1574 1515 Nicolai
1596 1455 1633 1516 et
1651 1424 1864 1519 Ginssalmo
1881 1439 1951 1517 lla·
2015 1460 2017 1465 '

530 1571 664 1674 dulphi
685 1570 878 1675 predictis,
900 1585 943 1643 ut
962 1567 1073 1643 nobis
1092 1568 1173 1644 aliis
1192 1568 1439 1675 postmodum
1458 1566 1680 1646 retulerunt.

590 1833 678 1907 Post
701 1830 785 1918 bec,
808 1855 907 1903 anno
926 1825 1080 1912 eodem,
1100 1824 1274 1921 uidelicet
1292 1839 1334 1903 ιιο
1352 1838 1405 1902 ιιιε
1424 1838 1472 1912 1⁰,
1495 1824 1556 1900 die
1577 1838 1663 1905 nvn·
1682 1824 1821 1903 mensis
1836 1826 1949 1905 Octu-

532 1962 624 2050 bris‚
643 1959 847 2039 indictione
865 1971 966 2048 ιιιιιι·,
984 1955 1226 2063 pontificatus
1244 1955 1465 2033 sanctissimi
1485 1956 1599 2061 patris
1619 1972 1657 2032 et
1671 1956 1817 2034 domini
1834 1960 1949 2037 nostri

535 2092 677 2167 domini
698 2088 906 2167 Clementis
924 2088 1023 2193 Pape
1043 2086 1166 2192 quinti
1184 2113 1283 2163 anno
1304 2100 1365 2171 vr⁰,
1384 2103 1639 2163 convenerunt
1656 2087 1697 2163 in
1715 2087 1859 2193 capella
1876 2117 1952 2196 pra·

534 2221 631 2296 dicta
655 2221 771 2297 sancti
795 2217 918 2326 Elligii
942 2216 1075 2323 prefati
1098 2216 1245 2294 domini
1269 2215 1521 2294 Narbonensis
1544 2216 1864 2324 archiepiscopus,
1883 2219 1952 2297 Mi-

535 2352 710 2426 metensis
737 2366 774 2426 et
798 2348 1072 2425 Lemovicensis
1099 2346 1282 2453 episcopi,
1307 2347 1482 2425 Matbeus
1514 2350 1563 2424 de
1592 2347 1748 2453 Neapoli
1774 2367 1814 2427 et
1838 2351 1952 2429 erebi—

536 2481 713 2556 diaconus
734 2478 997 2566 Tridentinus,
1022 2477 1186 2555 dominis
1214 2477 1405 2584 Bajocensi
1436 2478 1611 2582 episcopo
1638 2494 1677 2555 et
1700 2480 1951 2586 Magalouensi

535 2611 795 2688 archidiacono
826 2608 1009 2714 legittime
1042 2609 1222 2684 excusatis
1256 2635 1324 2713 per
1355 2624 1524 2713 patentes
1555 2606 1697 2687 litteras
1729 2614 1953 2691 eorumdem

536 2769 697 2845 quarum
717 2757 825 2816 tenor
844 2737 1002 2814 inferius
1021 2754 1077 2813 est
1100 2739 1273 2814 insertus.
1302 2739 1349 2813 Et
1375 2738 1542 2814 volentes
1568 2739 1657 2816 dicti
1683 2741 1825 2819 domini
1852 2770 1953 2819 com-

537 2869 694 2944 missarii
714 2867 917 2972 procedere
937 2867 986 2945 ad
1004 2867 1158 2944 testium
1176 2867 1456 2972 recepcionem‚
1477 2867 1647 2946 fecerunt
1663 2869 1741 2978 legi
1759 2870 1872 2949 dictas
1887 2871 1951 2949 lit·

537 3014 636 3071 teras
656 2996 915 3081 excusatorias,
936 3014 976 3072 et
995 2996 1127 3101 exponi
1148 2997 1188 3073 in
1208 2994 1366 3103 vulgari,
1396 2998 1634 3103 presentibus
1653 2999 1762 3077 dictis
1778 2999 1953 3086 batribus

539 3123 744 3202 Gniflelmo
769 3124 817 3200 de
841 3123 1130 3200 Cbambonnent
1152 3142 1190 3201 et
1213 3126 1419 3203 Bertrando
1439 3113 1685 3236 deSartiges,
1706 3133 1775 3237 qui
1802 3133 1891 3211 alins
1909 3133 1954 3211 ad

541 3253 797 3330 defensionem
818 3252 961 3330 ordinis
990 3283 1028 3329 se
1059 3253 1273 3331 obtulerant
1301 3273 1340 3331 et
1358 3257 1485 3362 jurare
1510 3259 1678 3337 viderant
1701 3277 1817 3340 testes
1836 3293 1955 3370 usque

541 3412 640 3459 nunc
660 3402 829 3489 receptos
850 3384 888 3460 in
907 3385 1071 3488 presenti
1093 3385 1249 3490 negocio
1267 3413 1335 3489 per
1352 3386 1471 3465 dictos
1490 3389 1663 3469 dominos
1681 3392 1955 3468 commissarios

541 3515 763 3599 antedictos,
785 3514 833 3591 ad
852 3515 925 3591 boc
944 3514 1153 3619 specialiter
1173 3516 1342 3592 evocatis.
1365 3518 1439 3610 Qui
1459 3519 1615 3623 quidem
1631 3519 1777 3605 fratres,
1798 3519 1956 3599 Guillel-

541 3674 624 3720 mus
649 3662 687 3720 et
712 3645 956 3734 bertrandus,
987 3645 1126 3720 auditis
1154 3645 1261 3723 lectis
1291 3646 1425 3723 litteris
1454 3649 1681 3740 memoratis,
1711 3648 1888 3727 dixerunt
1916 3668 1955 3728 et

540 3774 731 3878 protestati
747 3772 901 3851 fuerunt
915 3775 1021 3878 quod
1038 3775 1110 3879 ipsi
1126 3775 1374 3879 persistebant
1393 3779 1432 3854 in
1451 3777 1765 3885 appellacionibus
1777 3779 1887 3885 prius
1904 3781 1957 3857 in·

541 3904 728 4007 terpositis
747 3932 815 4007 per
836 3931 914 3991 eos,
937 3921 975 3978 et
994 3933 1080 3980 cum
1099 3925 1224 3982 essent
1248 3906 1340 4013 layci
1362 3908 1543 3996 illiterati,
1566 3928 1610 3986 ut
1625 3909 1816 3997 dicebant,
1835 3912 1955 4016 pecie-
2002 3906 2007 3915 ¹

542 4052 631 4111 runt
655 4036 759 4139 quod
788 4034 901 4110 frater
925 4037 967 4110 R.
992 4034 1039 4111 de
1061 4035 1201 4112 Pruiuo
1223 4054 1262 4112 et
1286 4037 1399 4114 frater
1423 4041 1462 4114 P.
1485 4041 1533 4115 de
1561 4041 1729 4117 Bononia
1756 4041 1955 4146 supradicti

543 4164 818 4241 adducerentur
849 4165 896 4241 ad
924 4167 1155 4270 presenciam
1186 4169 1425 4258 eorumdem,
1451 4199 1539 4247 cum
1568 4169 1656 4247 alias
1686 4170 1848 4248 fuissent
1869 4171 1954 4249 dicti

543 4291 671 4370 fratres
691 4297 732 4371 R.
754 4313 791 4371 et
806 4297 844 4371 P.
866 4324 953 4371 cum
973 4295 1061 4400 ipsis
1082 4295 1232 4375 duobus
1252 4299 1437 4377 militibus
1454 4300 1622 4406 deputati
1640 4301 1711 4378 sub
1726 4318 1827 4379 certa
1841 4300 1954 4379 forma

544 4423 590 4496 ad
611 4424 867 4503 defensionem
888 4425 977 4502 dicti
1003 4427 1145 4504 ordinis
1167 4428 1214 4505 ab
1238 4429 1313 4506 illis
1340 4430 1516 4508 fratribus
1536 4431 1684 4536 Templi
1709 4431 1773 4536 qui
1798 4433 1956 4510 Parisios

543 4573 795 4630 convenerant·
819 4558 890 4633 boc
924 4586 1021 4633 anno
1051 4587 1120 4663 pro
1151 4558 1367 4637 defensione
1400 4561 1576 4666 predicta.
1612 4562 1813 4641 Pecierunt
1843 4565 1953 4640 eciam

544 4681 744 4757 eonsilium
763 4684 833 4757 sibi
853 4686 950 4776 dari,
968 4687 1137 4764 dicentes
1156 4689 1311 4793 quodsi
1330 4708 1455 4768 essent
1474 4677 1635 4770 restituti
1652 4692 1818 4771 libertati
1837 4710 1874 4770 et
1888 4692 1953 4767 bo-

546 4809 602 4883 nis
622 4837 770 4895 eorum,
790 4815 895 4916 quod
914 4816 1076 4894 libenter
1097 4818 1342 4897 defenderent
1362 4822 1534 4898 ordinem
1561 4824 1830 4927 supradictum.
1857 4821 1950 4899 Cum
