4080 6052
305 532 378 604 552
696 507 888 601 rsocbs
914 525 1007 597 oss
1034 520 1328 593 rsurmsns.

304 671 523 778 prandiuma
549 667 710 775 qualiter
733 683 880 774 regeret
902 693 941 742 se
969 665 1009 739 in
1034 662 1185 753 ordine,
1212 689 1402 767 exponens
1424 660 1598 739 diversos
1623 689 1731 741 casus

303 817 457 906 propter
473 826 569 906 quos
583 815 711 904 posset
734 796 924 873 incurrere
947 793 1107 870 diversas
1126 820 1256 898 penas.
1279 792 1367 871 Post
1391 817 1485 897 que,
1511 789 1601 867 aliis
1622 802 1729 871 rece·

306 931 500 1020 dentibus,
526 928 649 1006 dictus
674 944 856 1032 receptor,
883 921 1023 1030 capella
1044 939 1130 1028 post
1152 950 1284 999 eorum
1301 924 1495 1001 recessum
1522 938 1648 1029 aperta
1665 950 1725 999 re-

306 1076 498 1149 manente,
521 1057 630 1134 traxit
650 1057 774 1162 ipsum
796 1071 931 1132 testem
952 1070 1054 1130 retro
1074 1051 1205 1140 altare,
1218 1068 1273 1143 et,
1296 1069 1446 1131 ostensa
1468 1050 1545 1129 sibi
1566 1053 1724 1159 quadam

306 1216 414 1265 cruce
425 1186 564 1293 lignea,
577 1214 691 1292 quam
702 1184 857 1263 tenebat
866 1184 970 1261 idem
982 1201 1153 1289 receptor
1167 1182 1206 1258 in
1219 1211 1350 1271 manu,
1363 1183 1404 1259 in
1413 1199 1586 1289 qinom
1594 1211 1725 1291 ymago

306 1316 499 1405 Crucifixi,
520 1315 635 1422 peciit
658 1314 706 1391 ab
729 1315 811 1421 ipso
834 1330 930 1393 teste
954 1314 986 1391 si
1004 1313 1182 1391 credebat
1204 1313 1244 1389 in
1265 1312 1392 1401 illum,
1414 1313 1661 1391 ostendendo
1681 1313 1731 1391 di

308 1467 403 1525 ctam
418 1447 629 1555 ymaginem
650 1444 839 1523 Crucifixi.
858 1446 946 1538 Quo
968 1445 1218 1549 respondente
1237 1443 1342 1549 quod
1360 1443 1433 1531 sic,
1451 1442 1548 1521 dixit
1568 1443 1604 1520 ei
1623 1443 1729 1551 quod

307 1607 382 1654 non
395 1578 564 1655 crederet
578 1577 619 1653 in
631 1605 732 1663 eum,
745 1575 810 1682 qui
819 1574 939 1652 fixerat
949 1571 1065 1651 salsus
1079 1575 1273 1679 propheta,
1289 1590 1328 1650 et
1338 1572 1446 1681 quod
1454 1588 1612 1681 negaret
1620 1598 1724 1665 enm

307 1725 345 1783 et
366 1737 452 1783 curn
470 1706 549 1811 ipse
568 1706 674 1784 testis
690 1705 833 1782 diceret
849 1705 952 1810 quod
973 1704 1047 1781 boc
1064 1731 1142 1780 non
1159 1702 1321 1780 debebat
1334 1700 1480 1792 lacere,
1493 1730 1580 1783 cum
1593 1701 1723 1781 biset

307 1855 481 1915 mortuus
501 1854 538 1913 et
560 1835 756 1914 crucifixus
776 1863 846 1941 pro
868 1834 1027 1940 peccatis
1054 1834 1212 1922 nostris,
1233 1850 1453 1940 preceptore
1476 1833 1648 1939 predicto
1667 1834 1728 1911 di·-

308 1984 414 2043 cente
434 1966 537 2072 quod
564 1965 762 2070 oportebat
781 1965 905 2069 ipsum
923 1981 1059 2041 testem
1079 1962 1246 2068 predicta
1269 1960 1406 2052 lacere,
1432 1962 1633 2071 abnegavit
1648 1965 1728 2068 ipse

307 2096 412 2171 testis
438 2122 503 2172 ore
531 2122 608 2171 non
633 2094 763 2184 corde,
787 2110 831 2170 ut
856 2093 960 2170 dixit.
986 2095 1171 2199 Postque
1196 2093 1364 2198 precepit
1382 2093 1417 2169 ei
1442 2093 1554 2200 quod
1581 2110 1731 2199 spueret

309 2223 572 2328 supradictam
593 2251 761 2312 crucem,
778 2224 845 2301 sed
857 2223 982 2300 noluit
994 2251 1129 2330 spuere
1143 2253 1253 2329 snpra
1266 2224 1334 2300 sed
1340 2224 1458 2330 juxta.
1476 2224 1631 2303 Deinde
1645 2224 1732 2302 fecit

308 2353 433 2457 ipsum
452 2370 587 2430 testem
603 2347 753 2459 spoliari
772 2353 812 2429 in
831 2352 981 2431 camisia
998 2371 1036 2431 et
1049 2354 1208 2441 braccis,
1229 2369 1268 2430 et
1283 2352 1357 2432 fuit
1375 2382 1490 2460 supra
1503 2354 1658 2433 braccas
1672 2383 1729 2433 os·

310 2482 456 2561 culatus
468 2482 590 2588 ipsum
601 2498 736 2560 testem
756 2511 872 2588 prope
887 2510 1015 2560 auum.
1034 2484 1282 2573 Postmodum
1296 2483 1389 2560 dixit
1405 2483 1438 2560 ei
1456 2486 1568 2590 quod
1585 2502 1729 2593 poterat

309 2612 486 2690 fratribus
505 2612 649 2691 ordinis
664 2611 862 2690 carnaliter
880 2613 1130 2705 commisceri,
1152 2615 1183 2695 si
1204 2613 1371 2700 volebat,
1395 2632 1434 2691 et
1449 2614 1493 2691 id
1512 2615 1639 2721 ipsum
1653 2616 1727 2722 pati

311 2742 492 2833 debebat3
514 2742 588 2821 boc
605 2759 733 2821 tamen
753 2770 831 2820 non
850 2740 953 2832 lecit,
975 2759 1014 2820 et
1032 2744 1229 2850 respondit
1246 2744 1317 2821 sibi
1338 2744 1443 2851 quod
1465 2773 1656 2852 nunquam
1671 2744 1726 2821 sa-

311 2890 433 2964 ceret,
458 2900 528 2950 nec
551 2873 618 2951 scit
643 2901 712 2950 nec
738 2872 878 2950 audivit
901 2873 992 2962 dici,
1012 2900 1082 2951 nec
1106 2872 1227 2951 credit
1245 2875 1353 2980 quod
1375 2875 1548 2980 predicta
1565 2891 1726 2981 quatuor

311 3000 441 3076 illicita
466 3001 602 3079 fierent
623 3003 682 3079 vel
703 3019 938 3085 servarentur
957 3003 996 3080 iu
1012 3003 1167 3094 ordine,
1189 3019 1228 3080 et
1245 3004 1339 3081 vidit
1359 3005 1494 3110 recipi,
1510 3006 1549 3084 in
1565 3006 1724 3112 quadem

312 3156 455 3204 camera
482 3130 580 3206 dicte
606 3131 741 3209 domus
767 3134 907 3212 Montis
932 3132 1224 3225 suessionensis,
1245 3132 1397 3212 fratrem
1418 3135 1538 3214 Adam
1563 3135 1612 3212 de
1631 3134 1728 3213 Villa

310 3260 486 3335 Ademari
518 3260 738 3336 servientem
769 3264 976 3368 quondam,
1006 3264 1045 3339 in
1073 3264 1242 3369 proximo
1269 3265 1363 3342 sesto
1396 3264 1600 3343 Natiuitatis
1629 3265 1728 3341 beati

310 3389 490 3464 lobannis
509 3391 671 3493 Baptiste
695 3409 805 3467 erunt
820 3421 953 3468 novem
970 3394 1056 3468 anni
1071 3394 1129 3469 vel
1145 3395 1256 3485 circa,
1272 3424 1341 3501 per
1354 3395 1501 3472 fratrem
1514 3395 1722 3471 lobannem

313 3522 358 3595 de
384 3520 536 3629 Sernay,
568 3504 759 3626 quondam
785 3539 1059 3627 preceptorem,
1081 3540 1173 3601 tunc
1194 3526 1292 3603 dicte
1312 3529 1460 3614 domus,
1483 3524 1720 3631 presentibus

311 3649 486 3725 fratribus
508 3651 658 3726 Matheo
682 3651 729 3726 de
749 3652 924 3728 Atrabato
948 3669 985 3727 et
1003 3655 1174 3762 Remigio
1196 3657 1243 3732 de
1262 3657 1479 3744 Cormellis,
1504 3654 1717 3745 deffunctis,

312 3781 349 3854 in
380 3779 486 3885 cujus
518 3779 738 3885 recepcione
763 3780 821 3856 vel
851 3799 935 3887 post
961 3811 1038 3875 non
1074 3784 1146 3861 luit
1171 3785 1313 3891 aliquid
1341 3805 1466 3864 actum
1494 3786 1551 3861 vel
1580 3786 1724 3862 dictum

313 3911 359 3985 de
387 3908 564 4014 predictis
588 3910 728 3986 illicitis
753 3910 857 4015 quod
881 3911 959 4015 ipse
979 3913 1084 3990 testis
1110 3915 1255 3990 sciverit
1281 3916 1339 3991 vel
1362 3915 1548 3992 audiverit
1570 3915 1644 3992 dici
1671 3915 1731 3991 vel

312 4040 448 4115 credat.
467 4040 677 4144 Requisitus
700 4041 729 4115 si
749 4041 871 4117 dictus
894 4059 1066 4147 receptor
1088 4044 1145 4119 vel
1166 4045 1228 4119 alii
1255 4047 1423 4123 dixerant
1446 4046 1536 4137 sibi,
1564 4047 1625 4122 vel
1650 4048 1726 4151 ipse

312 4168 449 4244 sciebat
469 4169 525 4243 vel
549 4154 738 4246 audiverat
764 4170 854 4260 dici,
884 4172 987 4276 quod
1016 4175 1182 4277 predicta
1209 4173 1337 4252 illicita
1363 4176 1421 4252 vel
1448 4176 1575 4281 aliqua
1604 4206 1648 4253 ex
1677 4177 1727 4252 eis

313 4315 435 4373 essent
451 4299 497 4373 de
515 4300 664 4403 punctis
683 4298 841 4390 ordinis,
861 4303 1054 4407 respondit
1067 4305 1172 4409 quod
1188 4333 1276 4381 non.
1297 4307 1407 4396 Item,
1424 4307 1518 4383 dixit
1533 4308 1640 4412 quod
1656 4309 1730 4412 ipse
1746 4284 1752 4288 .

312 4426 410 4502 bene
434 4428 608 4506 credebat
628 4430 881 4507 ecclesiasticis
896 4435 1149 4522 sacramentis,
1165 4451 1202 4509 et
1212 4436 1387 4512 credebat
1402 4437 1508 4542 quod
1523 4437 1589 4513 alii
1605 4437 1731 4514 fratres

314 4558 456 4633 ordinis
479 4560 575 4636 bene
600 4562 812 4651 crederent,
839 4579 876 4636 et
893 4564 997 4668 quod
1020 4593 1151 4640 eorum
1177 4567 1389 4642 sacerdotes
1414 4568 1542 4644 debite
1558 4551 1732 4645 ‘celebra-

313 4701 416 4768 rent;
439 4689 556 4762 nescit
573 4693 674 4793 quod
694 4719 826 4767 eorum
848 4692 930 4767 laici
949 4711 1101 4797 possent
1120 4694 1310 4772 absolvere
1332 4697 1527 4802 apeccatis
1540 4697 1602 4774 vel
1618 4697 1730 4775 absol·

312 4831 448 4888 verent.
466 4816 604 4891 luravit
622 4834 659 4892 et
674 4820 792 4894 credit
806 4823 910 4924 quod
926 4821 986 4896 alii
998 4823 1169 4927 jurarent
1184 4825 1356 4903 ordinem
1371 4856 1449 4904 non
1464 4829 1577 4906 exire.
1596 4829 1721 4907 Statim
