4080 6052
459 528 654 623 rnocts
677 547 772 620 nas
798 547 1100 623 rnurnrnas.
1419 552 1488 624 aar

80 697 320 777 dominorum
340 689 684 768 commissariorum
702 687 839 766 iratres
853 690 1071 798 Raynardus
1089 690 1136 766 de
1156 689 1373 795 Tremplaio
1388 722 1493 799 pres-

75 829 175 907 biter
193 821 426 910 parisiensis,
442 820 620 899 Albertus
639 823 687 898 de
702 819 867 899 Canellis
882 818 1008 908 miles,
1030 821 1190 898 diocesis
1209 818 1395 927 Aquensis
1414 851 1495 926 pro

50 1042 53 1049 ,
77 957 197 1037 vincie
219 951 528 1040 Mediolanensis,
548 950 746 1058 Philippus
757 950 1222 1059 Agatellothomagensis,
1236 952 1426 1030 lohannes
1443 953 1491 1031 de

75 1104 206 1166 sancto
223 1082 583 1190 LuposParisiensiu
604 1081 891 1160 Bartholomeus
917 1081 964 1158 de
983 1083 1127 1170 Traeis,
1151 1081 1252 1160 Otho
1280 1082 1327 1159 de
1348 1081 1494 1190 Ayrone

75 1213 338 1324 lingonensis,
354 1212 541 1291 Robertus
555 1213 601 1289 de
616 1211 837 1291 Cormelhes
851 1211 1070 1290 Parisiensis
1085 1212 1313 1303 diocasium,
1331 1213 1495 1289 servien-

75 1363 152 1436 tes,
176 1362 221 1423 ut
244 1358 367 1421 essent
386 1358 500 1419 testes
521 1342 561 1417 in
585 1342 741 1449 negocio
767 1341 856 1432 isto,
877 1343 1086 1419 secundum
1107 1342 1267 1419 formam
1287 1341 1493 1448 juramenti

71 1476 237 1561 aliorum
267 1471 421 1551 testium
453 1472 628 1576 superius
660 1472 907 1577 registratam,
942 1471 1147 1576 expositam
1177 1488 1216 1547 et
1233 1471 1494 1577 vulgariaatam

75 1604 230 1684 eisdem.
578 1683 593 1698 ,

74 1784 78 1789 -
129 1735 220 1812 Acta
249 1731 405 1810 fuerunt
431 1730 503 1808 hec
534 1729 597 1807 die
629 1747 668 1807 et
699 1729 783 1808 loco
815 1730 1015 1836 predictis,
1044 1729 1285 1835 presentibus
1315 1733 1493 1838 magistro

70 1863 234 1953 anisio,
248 1891 311 1942 me
324 1862 579 1942 Floriamonte
593 1860 810 1952 Dondedei,
826 1877 865 1937 et
878 1859 960 1937 aliis
975 1859 1128 1936 notariis
1141 1886 1254 1967 supra
1271 1858 1407 1939 ultimo
1425 1890 1493 1939 no-

76 2010 238 2073 minatis.

130 2255 220 2333 Post
238 2255 326 2344 hec,
352 2253 415 2331 die
433 2252 609 2332 Mercurii
629 2253 818 2358 sequenti,
835 2279 913 2359 que
931 2251 1004 2329 fuit
1021 2278 1070 2330 xx
1091 2252 1180 2329 dicti
1201 2255 1342 2332 mensis
1360 2257 1495 2334 Janua-

76 2384 139 2473 rii,
168 2384 242 2463 fuit
267 2382 453 2462 adductus
476 2381 525 2460 ad
542 2382 776 2488 presenciam
796 2381 984 2459 dictorum
1005 2382 1250 2460 dominorum
1279 2385 1492 2461 commissa·

76 2514 238 2602 riorum,
267 2513 309 2589 in
344 2510 460 2591 domo
488 2509 675 2617 predicta,
706 2510 821 2587 frater
850 2510 1077 2617 Raynaudua
1106 2512 1154 2588 de
1182 2513 1396 2618 Tremplaio
1427 2516 1495 2591 Pa-

76 2643 244 2721 risiensis
260 2642 449 2731 diocesis,
475 2656 626 2717 curatus
651 2639 805 2719 ecclesie
829 2640 978 2745 Templi
997 2640 1235 2734 Parisiensis‚
1256 2642 1360 2719 testis
1385 2671 1496 2748 supra

71 2773 237 2880 juratus,
254 2789 298 2851 ut
313 2772 521 2877 deponeret
536 2771 680 2848 dictum
700 2799 830 2866 suum;
846 2771 912 2877 qui
931 2769 1003 2848 fuit
1021 2789 1107 2849 aute
1128 2771 1256 2849 omnia
1270 2788 1497 2879 protestatus

76 2904 182 3010 quod
211 2931 289 2981 non
320 2902 540 2981 intendebat
565 2902 742 2980 recedere
774 2931 795 2979 a
824 2901 1056 2980 confessione
1089 2920 1128 2980 et
1157 2903 1396 3008 deposicione
1427 2932 1495 3008 per

76 3034 203 3139 ipsum
216 3033 319 3110 iactis
340 3061 466 3111 coram
479 3033 636 3110 domino
654 3034 829 3139 episcopo
844 3032 1060 3120 Parisiensi,
1078 3061 1147 3140 per
1165 3061 1281 3139 quem
1299 3032 1422 3110 fuerat
1437 3032 1496 3109 al>

77 3161 225 3239 solutus
244 3179 283 3238 et
300 3161 576 3253 reconciliatus,
599 3177 637 3238 et
662 3178 719 3239 est
742 3162 848 3239 etatis
868 3189 913 3239 nx
935 3189 1122 3240 annorum
1144 3160 1203 3238 vel
1228 3161 1339 3255 circa,
1361 3180 1400 3240 et
1418 3190 1495 3240 non

79 3282 286 3369 deffereliat
305 3290 528 3368 mantellum
544 3290 704 3382 ordinis,
720 3291 810 3398 quia
825 3290 1019 3369 dimiserat
1035 3319 1124 3368 eum
1144 3291 1184 3367 in
1204 3290 1364 3369 concilio
1379 3292 1496 3400 Seno·

78 3421 185 3498 nensi
206 3420 485 3526 cumpluribus
501 3421 604 3513 aliis,
626 3422 723 3499 sicut
742 3420 846 3498 dixit.
869 3422 989 3500 Lectis
1009 3439 1137 3499 autem
1156 3438 1194 3497 et
1214 3420 1415 3527 diligenter
1434 3449 1494 3496 ex·

77 3551 208 3658 positis
223 3549 295 3629 sibi
311 3550 488 3629 omnibus
505 3568 544 3629 et
555 3552 713 3658 singulis
733 3552 915 3645 articulis,
932 3552 1127 3657 respondit
1146 3551 1194 3627 ad
1212 3579 1293 3637 eos,
1315 3566 1354 3627 et
1371 3549 1494 3654 primo

79 3682 127 3759 ad
148 3699 310 3786 quatuor
331 3683 492 3787 primos,
514 3698 558 3759 ut
581 3681 765 3787 sequitur,
791 3681 965 3760 videlicet
990 3680 1096 3786 quod
1117 3707 1333 3787 quanquam
1353 3700 1496 3785 ‘corpus

79 3839 193 3892 sumn
228 3808 386 3886 haberet
421 3810 607 3887 sustinere
637 3838 682 3887 ex
717 3810 790 3888 hoc
817 3838 955 3916 penam
986 3809 1234 3916 corporalem,
1268 3838 1346 3888 non
1380 3809 1497 3886 disce-

81 3940 188 4017 deret
206 3968 228 4016 a
245 3939 416 4027 veritate,
438 3956 477 4016 et
496 3938 663 4016 multum
685 3939 904 4017 deliberavit
923 3939 1020 4016 intra
1044 3967 1084 4016 se
1102 3939 1323 4047 priusquam
1342 3967 1497 4046 respon-

81 4072 205 4159 deret3
227 4098 315 4147 cum
340 4086 468 4148 autem
492 4068 584 4146 dicti
607 4068 753 4148 domini
780 4070 1023 4147 commissarii
1048 4069 1256 4148 offerebant
1277 4098 1318 4148 se
1345 4071 1497 4147 daturos

81 4202 115 4276 ei
136 4199 380 4290 dilacionem,
396 4201 427 4278 si
447 4200 613 4293 volebat,
628 4203 676 4279 ad
694 4200 805 4308 plene
822 4200 1124 4287 deliberandum,
1144 4217 1183 4277 et
1198 4201 1344 4306 copiam
1363 4201 1497 4278 articu-
1535 4274 1537 4278 ,

81 4330 207 4408 lorum
221 4348 265 4408 ut
282 4359 346 4408 eos
362 4330 521 4439 legeret,
538 4331 631 4409 dixit
645 4331 752 4439 quod
765 4359 843 4409 non
860 4333 1015 4411 curabat
1032 4331 1171 4409 habere
1188 4331 1412 4412 dilacionem
1427 4360 1497 4409 nec

81 4461 226 4565 copiam
245 4462 491 4567 supradictas,
514 4477 555 4537 et
574 4461 770 4568 respondit
794 4463 842 4539 ad
866 4463 986 4540 dictos
1013 4480 1175 4571 quatuor
1199 4463 1375 4542 articulos
1394 4464 1499 4573 quod

74 4613 159 4665 ¹non
189 4606 269 4666 erat
298 4591 522 4668 consuetum
545 4591 584 4666 in
616 4592 748 4670 ordine
769 4592 869 4682 lieri,
897 4622 968 4671 nec
991 4593 1071 4701 ipse
1095 4593 1238 4671 viderat
1256 4592 1340 4673 fieri
1360 4622 1434 4701 que
1460 4593 1499 4669 in

82 4719 192 4797 dictis
211 4720 376 4799 articulis
395 4720 646 4799 eontinentur.

138 4851 354 4957 Requisitus
378 4853 409 4931 si
434 4853 513 4959 ipse
534 4851 755 4933 interfuerat
779 4853 1064 4960 recepcionibus
1082 4855 1243 4935 aliorum
1261 4872 1299 4934 et
1317 4884 1498 4965 quorum,
