4080 6052
539 537 608 614 roe
920 512 1116 609 ruccas
1141 532 1235 605 uus
1261 524 1562 605 Teuranus.

588 676 676 754 Post
701 675 787 765 hec,
806 674 979 753 uenimus
1004 703 1092 752 cum
1111 672 1228 752 dictis
1244 687 1329 750 (ΗΡ
1351 672 1529 751 batribus
1555 673 1604 749 ad
1630 671 1768 750 dictam
1793 675 1953 757 domum

533 805 678 886 abbatis
694 806 741 882 de
751 804 934 911 Tyronis,
949 803 1017 881 ubi
1035 819 1140 881 erant
1156 829 1222 883 tur
1239 800 1370 880 fratres
1386 803 1561 908 predicti,
1579 830 1675 908 quos
1688 804 1954 912 requisivimus

534 953 572 1012 et
588 935 907 1041 interrogavimus,
926 951 971 1012 ut
987 933 1078 1011 alios
1096 960 1224 1039 supra,
1244 948 1283 1010 ot
1299 932 1353 1010 eis
1370 933 1532 1033 diximus
1549 961 1592 1010 ea
1609 962 1683 1038 que
1702 950 1741 1009 et
1757 933 1839 1011 aliis
1854 936 1953 1015 dixe·

533 1093 676 1154 ramum
697 1065 780 1171 qui,
802 1064 930 1144 habito
949 1064 1048 1141 inter
1064 1092 1105 1140 se
1125 1080 1269 1141 etcum
1289 1062 1396 1142 dictis
1415 1061 1689 1141 1111⁰³sratribus
1709 1063 1881 1155 consilio,
1900 1095 1954 1144 re

532 1196 769 1300 spondemut
779 1195 824 1273 id
834 1194 940 1273 idem
956 1195 1062 1301 quod
1076 1193 1280 1273 immediate
1297 1193 1552 1299 precedentes,
1572 1192 1638 1299 qui
1656 1210 1762 1270 erant
1779 1193 1817 1268 in
1836 1196 1951 1274 domo

533 1325 711 1402 Johannis
731 1324 902 1402 Rosselli.

588 1456 731 1532 Eadem
754 1481 843 1532 vero
867 1454 929 1531 die
950 1456 1055 1531 bunc
1075 1455 1117 1531 iu
1136 1482 1263 1546 mane„
1285 1482 1355 1532 uos
1378 1457 1420 1531 B.
1443 1453 1636 1539 umbaldi,
1658 1455 1768 1560 Hugo
1793 1457 1950 1546 Nicolai,

533 1582 761 1661 Guillelmus
783 1582 977 1691 Radudphi.
1002 1598 1041 1659 et
1066 1583 1255 1661 Johaunes
1278 1584 1413 1661 Loueti
1436 1583 1570 1661 notarii
1594 1585 1773 1689 predicti,
1799 1589 1952 1666 accessi-

533 1740 618 1790 mus
638 1714 686 1790 ad
705 1712 842 1790 dicum
863 1712 1184 1791 domurnabbatis
1209 1713 1324 1804 saneti
1348 1713 1535 1820 Maglorii,
1558 1713 1624 1790 ubi
1647 1731 1752 1790 erant
1770 1742 1821 1793 su
1840 1718 1953 1795 Tem-

531 1843 654 1948 plarii,
678 1846 726 1920 de
745 1843 885 1950 quibus
903 1844 1034 1922 fratres
1052 1844 1210 1951 Egidius
1230 1845 1289 1922 de·
1302 1844 1475 1921 Perbona
1499 1862 1537 1922 et
1560 1844 1734 1921 Nicolaus
1750 1848 1948 1954 Versequi,

531 2002 601 2078 pro
626 2002 664 2051 se
690 1991 729 2050 et
751 1974 852 2065 aliis,
874 1992 918 2051 ut
947 1974 1139 2067 dixerunt,
1161 1991 1453 2079 comparuerunt
1479 1974 1540 2050 die
1561 1976 1717 2053 Veneris
1742 1977 1951 2082 supradicta

533 2131 657 2179 coram
678 2104 840 2181 dominis
860 2105 1121 2181 commissariis
1142 2105 1352 2194 antedictis,
1373 2122 1410 2181 et
1434 2105 1529 2181 sicut
1551 2133 1619 2210 per
1639 2107 1758 2184 dictos
1777 2109 1950 2186 dominos

532 2233 809 2312 emessam.
825 2235 923 2313 aras
942 2235 1003 2313 aie
1023 2210 1145 2312 retra
1165 2235 1397 2327 ordinatum,
1419 2228 1619 2340 petivimus
1646 2236 1692 2313 ab
1713 2237 1766 2314 es
1785 2238 1815 2313 se
1836 2238 1948 2315 habs

531 2361 628 2440 bant,
640 2381 822 2442 ratumct
840 2364 995 2443 firmum
1015 2364 1113 2445 illud
1132 2366 1243 2472 quod
1260 2362 1404 2443 dictum
1424 2383 1463 2442 et
1480 2365 1715 2471 propositum
1735 2365 1807 2443 fuit
1826 2395 1948 2446 coram

534 2493 641 2570 dictis
665 2495 829 2572 dominis
851 2496 1114 2575 commissoriis
1143 2497 1241 2572 dicta
1266 2496 1328 2574 die
1353 2496 1510 2574 Veneris
1535 2497 1707 2598 proximo
1734 2498 1949 2600 precedenti

531 2651 600 2729 per
615 2625 768 2702 fratrem
784 2626 995 2702 iohannem
1015 2626 1062 2701 de
1080 2625 1207 2700 Monte
1224 2624 1340 2726 regali
1360 2639 1397 2697 et
1419 2623 1538 2698 dictos
1561 2622 1692 2698 fratres
1716 2625 1896 2728 Egidium
1917 2645 1952 2705 et

531 2754 723 2832 Nicolaum
742 2753 936 2860 Versequi.
954 2752 1034 2844 Qui
1048 2752 1325 2856 responderunt
1341 2752 1445 2856 quod
1461 2749 1637 2828 volebant
1647 2753 1783 2828 audire
1802 2756 1952 2835 articul·

530 2883 586 2958 los
605 2898 695 2957 tunc
713 2884 870 2959 traditos
892 2883 940 2958 ad
961 2879 1219 2959 defensionem
1247 2879 1335 2958 dicti
1362 2880 1506 2957 ordinis
1527 2896 1564 2957 et
1581 2880 1698 2958 lectos
1714 2889 1785 2985 ‘per
1806 2884 1948 2963 dictum

530 3010 683 3086 fratrem
701 3011 922 3088 iohannem.
944 3012 1093 3105 Quibus
1112 3012 1288 3091 iratribus
1308 3012 1472 3118 legimus
1491 3012 1679 3089 articutlos
1700 3014 1946 3117 supradictos;

531 3139 670 3247 quibus
686 3138 807 3230 lectis,
827 3142 1103 3247 responderunt
1121 3171 1252 3221 onmes
1269 3144 1375 3247 quod
1391 3159 1516 3219 ratum
1534 3159 1572 3218 ct
1587 3141 1741 3218 firmum
1761 3142 1948 3222 habebant
1971 3176 1976 3186 ·

530 3270 718 3376 quidquid
729 3270 873 3347 dictum
884 3271 1146 3349 etfactumsuit
1155 3301 1222 3378 per
1233 3272 1351 3348 dictos
1359 3271 1501 3360 fratres,
1513 3272 1573 3347 die
1584 3272 1740 3356 Veneris
1751 3274 1944 3351 antedicta.

587 3402 674 3478 Post
687 3404 773 3488 hec,
796 3403 929 3480 eadem
948 3403 1009 3479 die
1029 3405 1153 3489 Lune,
1173 3432 1242 3481 nos
1258 3419 1338 3480 11110'
1360 3401 1495 3479 notarii
1518 3403 1676 3507 predicti
1700 3404 1870 3507 proximo
1891 3433 1946 3480 ac·

530 3531 707 3607 cessimus
722 3531 769 3606 ad
788 3531 924 3607 dictam
941 3532 1100 3609 domum
1114 3533 1255 3611 Nicolai
1270 3532 1395 3611 Odree
1413 3533 1454 3607 in
1471 3532 1551 3609 vico
1569 3533 1867 3625 Predicatorum‚
1881 3533 1945 3610 ubi

531 3660 795 3737 detinebantur
825 3689 848 3738 x
876 3659 1005 3739 iratres
1034 3662 1209 3766 predicti,
1243 3690 1407 3767 quorum
1432 3660 1545 3738 frater
1569 3663 1689 3741 Adam
1718 3665 1764 3739 de
1799 3663 1944 3741 Inserno

532 3791 627 3867 dicta
656 3790 717 3866 die
743 3791 899 3870 Veneris
923 3811 1181 3899 comparuerat
1206 3820 1275 3897 pro
1301 3820 1340 3869 se
1365 3809 1404 3869 et
1426 3792 1527 3879 aliis,
1556 3810 1599 3868 ut
1631 3794 1797 3879 dicebat,
1824 3824 1945 3872 coram

530 3920 639 3996 dictis
666 3921 830 3997 dominis
857 3923 1136 4011 commissariis,
1161 3939 1198 3999 et
1225 3922 1426 4028 petivimus
1450 3923 1496 3999 ab
1523 3923 1604 3999 aliis
1629 3924 1658 4000 si
1688 3925 1809 4000 dictus
1827 3923 1944 4002 Adam

531 4070 788 4158 comparuerat
806 4052 950 4130 ibidem
963 4082 1032 4159 pro
1048 4081 1086 4131 se
1108 4071 1146 4131 et
1160 4053 1242 4130 aliis
1256 4052 1431 4132 fratribus
1448 4055 1629 4160 predictis
1647 4068 1684 4130 et
1705 4057 1751 4132 de
1770 4057 1947 4133 mandato

532 4207 674 4257 eorum.
700 4184 776 4276 Qui
805 4185 1084 4289 responderunt
1103 4186 1207 4290 quod
1232 4185 1300 4276 sic,
1322 4201 1359 4260 et
1383 4187 1488 4291 quod
1515 4213 1558 4261 ca
1583 4214 1658 4291 que
1679 4184 1729 4260 ibi
1757 4185 1947 4287 proposita

530 4309 684 4389 suerunt
703 4316 750 4391 ad
771 4313 1030 4392 defensionem
1050 4315 1139 4392 dicti
1159 4316 1321 4402 ordinis,
1343 4333 1421 4391 rata
1439 4315 1580 4393 habent
1600 4331 1637 4390 et
1657 4315 1774 4390 firma.

584 4446 671 4521 Post
691 4446 780 4530 hec,
802 4448 934 4522 eadem
955 4446 1016 4521 dic
1038 4446 1164 4534 Lune,
1185 4474 1254 4524 nos
1282 4461 1361 4523 11110‘
1389 4445 1523 4522 notarii
1544 4445 1701 4551 predicti
1727 4445 1944 4522 accessimus

529 4572 576 4647 ad
590 4573 728 4648 dictam
740 4576 898 4650 domum
911 4577 957 4653 de
969 4576 1104 4664 Ocrea,
1119 4575 1185 4651 ubi
1202 4576 1466 4654 detinebantur
1480 4603 1543 4653 xus
1555 4576 1758 4681 Templarii
1773 4575 1940 4681 predicti,

527 4729 692 4805 quorum
707 4702 796 4787 duo,
809 4705 1087 4810 scilicetfratres
1101 4706 1321 4813 Radulpbus
1333 4707 1380 4782 de
1396 4707 1630 4811 Compendio
1643 4723 1680 4815 et
1693 4708 1883 4784 Johannes
1898 4704 1943 4781 de

526 4831 704 4940 Frayvilla
721 4833 891 4938 predicti,
907 4837 1003 4913 dicta
1025 4837 1252 4925 dichneris
1270 4856 1557 4945 comparuerant
1572 4867 1641 4945 pro
1661 4867 1700 4914 se
1723 4856 1761 4916 et
1782 4837 1880 4928 aliis,
1902 4853 1944 4913 ut
