4080 6052
523 538 592 612 rm
905 518 1100 634 procas
1127 538 1221 610 ors
1247 535 1550 609 raucorum.

513 679 685 755 omnium
705 680 770 784 qui
791 680 831 754 in
850 681 923 756 hoc
941 679 1097 785 negocio
1123 675 1354 781 recipientur
1382 692 1426 751 ut
1453 692 1578 775 testes
1608 675 1708 752 Dicti
1739 704 1828 754 vero
1859 697 1942 758 uu⁰¹

513 808 645 884 fratres
663 810 858 915 protestati
887 808 1043 886 fuerunt
1067 809 1174 914 quod
1192 807 1240 883 sit
1270 806 1325 882 eis
1342 805 1409 912 jus
1426 804 1570 882 salvum
1594 805 1643 882 ad
1665 805 1870 884 dicendum
1898 814 1939 889 in

513 938 683 1044 personis
704 938 779 1046 [ciel
802 955 840 1016 et
864 939 960 1015 dicta
986 938 1244 1045 predictorum
1268 937 1440 1024 testium,
1467 935 1632 1042 dictique
1662 937 1807 1013 domini
1834 967 1938 1018 com-

514 1069 671 1147 missarii
697 1068 977 1174 responderunt
999 1069 1122 1175 quod,
1153 1084 1337 1174 qsrantum
1368 1083 1465 1144 esset
1490 1066 1663 1172 dejure,
1689 1066 1865 1145 volebant
1890 1075 1938 1149 ad

515 1199 586 1274 hoc
601 1200 665 1305 jus
681 1199 734 1275 eis
754 1228 834 1276 esse
855 1199 1010 1275 salvum.
1432 1217 1435 1222 '

569 1461 727 1536 Nomina
745 1488 833 1536 vero
855 1462 1041 1538 dictorum
1055 1461 1211 1537 testium
1227 1460 1293 1565 qui
1312 1456 1642 1548 distulissemus,
1664 1474 1706 1532 ut
1722 1460 1936 1563 predictum

514 1606 583 1677 est,
604 1588 826 1694 juraveruut
851 1607 938 1665 sunt
962 1590 1053 1675 hec,
1072 1589 1246 1667 videlicet
1261 1587 1451 1664 lohannes
1467 1588 1516 1664 de
1535 1587 1717 1664 Scivriaco
1741 1590 1937 1670 Senonen-

512 1717 561 1792 sis
582 1718 755 1806 diocesis,
779 1735 817 1794 et
836 1720 1015 1828 magister
1028 1723 1220 1798 lohannes·
1233 1719 1281 1795 de
1299 1717 1465 1823 Fallegio
1485 1718 1683 1822 presbiteri
1692 1779 1709 1808 ,,
1718 1719 1758 1795 in
1778 1722 1933 1799 seculari

512 1848 643 1925 babitu
664 1850 879 1936 existentes,
902 1868 940 1927 et
960 1850 1125 1927 dicentes
1143 1877 1184 1927 se
1204 1849 1336 1925 fratres
1352 1850 1440 1926 dicti
1457 1849 1610 1925 ordinis.

567 1981 680 2065 Item,
712 1979 852 2056 fratres.
867 1981 1056 2057 lohannes
1082 1980 1129 2056 de
1150 1979 1318 2067 Juvenfi,
1340 1997 1379 2056 et
1398 1980 1587 2056 lohannes
1615 1980 1663 2056 de
1695 1982 1935 2087 Capricordio

512 2108 742 2185 Belvacensis
757 2109 932 2201 diocesis,
954 2124 1146 2215 portantes
1165 2109 1338 2188 habitum
1354 2128 1394 2187 et
1411 2110 1611 2186 mantellos
1631 2108 1719 2187 dicti
1741 2099 1896 2190 ordinis.
1952 2090 1955 2094 ⁵

566 2239 678 2328 Item,
710 2241 898 2317 lohannes
927 2240 1102 2320 Thaiafer
1131 2259 1169 2318 et
1192 2242 1364 2352 Hugetus
1393 2242 1441 2318 de
1469 2242 1579 2360 Buris
1603 2241 1866 2348 Lingonensis,
1897 2263 1935 2321 et

468 2385 476 2401 ·
509 2367 749 2447 Guausredus
786 2373 958 2449 Thantan
994 2374 1245 2460 Turonensis,
1283 2390 1321 2449 et
1353 2372 1543 2451 lohannes
1572 2372 1750 2478 Anglicus
1785 2375 1934 2450 Londo-

510 2497 648 2576 niensis
665 2500 910 2588 diocessium,
933 2502 1098 2578 dicentes
1118 2531 1156 2579 se
1177 2529 1257 2578 esse
1277 2502 1408 2577 fratres
1424 2500 1512 2576 dicti
1525 2500 1684 2592 ordinis,
1701 2519 1738 2577 et
1752 2504 1934 2580 habentes

509 2626 663 2706 barbam
690 2633 736 2706 ad
761 2633 921 2707 modum
943 2632 1267 2732 Templariorum‚
1289 2628 1488 2703 mantellos
1513 2645 1640 2704 tamen
1666 2630 1867 2733 portabant
1897 2635 1933 2708 in

508 2761 698 2843 manibus,
722 2779 759 2835 et
779 2788 844 2836 cos
863 2787 987 2834 coram
1005 2758 1112 2833 dictis
1132 2756 1296 2832 dominis
1316 2756 1578 2831 commissoriis
1597 2758 1854 2863 projecerunt,
1878 2764 1934 2837 di-

507 2905 632 2962 centes
657 2890 761 2993 quod
783 2890 830 2965 de
857 2906 981 2964 cetero
1006 2885 1185 2962 nolebant
1212 2912 1276 2962 eos
1302 2902 1452 2990 portare
1476 2913 1545 2960 nec
1569 2885 1742 2964 habitum
1763 2888 1930 2993 Templi;

507 3016 572 3090 sod
594 3018 682 3092 dicti
704 3016 847 3094 domini
874 3017 1116 3093 commissarii
1142 3016 1316 3092 dixerunt
1336 3016 1389 3092 eis
1409 3015 1513 3121 quod
1532 3042 1597 3091 eos
1617 3045 1693 3091 non
1715 3017 1931 3095 dimiterent

508 3145 578 3228 ibi,
601 3173 670 3220 noc
690 3146 737 3222 de
766 3175 898 3223 eorum
925 3149 1118 3231 mandato,
1136 3175 1203 3223 seu
1229 3146 1409 3232 consilio,
1431 3146 1498 3222 sed
1518 3164 1618 3223 extra
1643 3145 1806 3223 lacerent
1827 3151 1930 3253 quid

506 3274 600 3378 quid
619 3276 769 3353 vellent.

563 3407 675 3495 Item,
705 3408 877 3485 Nicolaus
907 3411 952 3485 de
975 3409 1142 3514 Capella,
1166 3427 1203 3484 et
1223 3410 1413 3485 lohannes
1439 3411 1485 3484 de
1507 3410 1660 3484 Bollena
1682 3412 1924 3497 Senoncnsis,

506 3537 693 3613 lohannes
714 3540 760 3616 de
782 3540 1002 3631 Cathalona‚
1025 3540 1244 3645 Amulphus
1257 3542 1305 3616 de
1318 3541 1513 3649 Marnayo,
1528 3541 1716 3616 Robertus
1730 3543 1777 3617 de
1793 3546 1925 3648 Layme

505 3685 542 3740 et
574 3668 763 3745 lohannes
790 3669 836 3747 de
862 3672 966 3747 Valle
999 3673 1164 3748 Bruandi
1199 3672 1460 3776 Lingonensis,
1484 3673 1665 3747 Henricus
1694 3672 1740 3748 de
1768 3674 1924 3748 Landesi

506 3797 783 3887 Laudunensis,
816 3800 990 3878 Galterus
1021 3803 1067 3877 dc
1100 3800 1216 3877 Belua
1247 3800 1454 3890 Eduensis,
1489 3802 1677 3878 Jobannes
1713 3802 1759 3876 de
1793 3804 1926 3878 Henesi

504 3927 748 4019 llelvacensis,
772 3929 1001 4008 Guillelmus
1030 3933 1076 4006 de
1108 3948 1232 4007 sancto
1254 3931 1437 4036 Suppleto
1461 3932 1680 4014 Meldensis,
1698 3931 1736 4005 P.
1761 3932 1807 4007 de
1829 3934 1929 4007 Mon·

503 4073 585 4131 tont
605 4060 832 4147 Parisiensis,
850 4077 888 4136 et
908 4061 1088 4138 Girardus
1104 4061 1151 4137 de
1168 4062 1337 4166 Passagio
1356 4063 1533 4138 Metensis
1553 4061 1788 4146 diocessium,
1807 4062 1929 4136 dicen-

505 4205 559 4262 tes
576 4218 613 4263 se
631 4221 709 4267 esse
726 4192 960 4297 Templarios
976 4209 1014 4268 et
1026 4193 1215 4270 habebant
1229 4192 1364 4269 barbas
1380 4194 1426 4268 ad
1440 4195 1597 4269 modum
1611 4189 1924 4295 Templariorum,

505 4337 656 4422 excepto
674 4323 771 4399 dicto
788 4324 832 4401 G.
852 4323 899 4398 de
915 4324 1097 4428 Passagio,
1112 4319 1310 4400 mantellos
1323 4341 1450 4399 tamen
1466 4323 1608 4400 ordinis
1625 4352 1700 4398 non
1716 4320 1924 4426 portabant.

560 4451 669 4540 ltem,
692 4453 869 4556 magister
894 4452 1115 4557 lladulpbus
1142 4455 1188 4529 de
1210 4454 1362 4530 Praellis
1377 4454 1473 4559 juris
1498 4454 1641 4557 peritus
1666 4452 1926 4528 Laudunensis

504 4579 680 4665 diocesis,
704 4583 847 4656 domini
869 4583 1078 4660 Guizardus
1093 4584 1140 4658 de
1158 4585 1315 4660 Musiaco
1331 4602 1369 4661 et
1389 4584 1577 4659 Johannes
1594 4585 1640 4659 de
1661 4584 1837 4688 Vassegio
1858 4584 1925 4658 mi-

467 4750 471 4757 ·
504 4707 602 4796 lites,
630 4726 667 4783 ot
686 4711 858 4787 Nicolaus
887 4715 1061 4818 Symonis
1085 4716 1245 4821 armiger
1266 4716 1460 4792 seculares.
1489 4716 1575 4790 Post
1595 4717 1663 4791 hec
1690 4716 1865 4820 magister
1883 4717 1922 4788 R.

504 4836 679 4940 deposuit
699 4858 741 4915 ut
756 4842 937 4945 sequitur.
