4080 6052
700 551 893 644 raocts
918 569 1012 641 nas
1038 567 1335 640 retractans.
1654 566 1726 637 559

315 740 402 787 eum
428 710 598 787 abdicare
626 740 646 785 a
671 738 709 786 se
734 711 924 816 propriam
943 707 1192 795 voluntatem,
1217 724 1254 784 et
1278 706 1398 782 multa
1419 707 1513 783 dura
1537 724 1575 781 et
1590 700 1727 811 {spera

312 841 513 925 sustinere,
538 858 578 917 et
602 839 708 944 quod
732 856 881 946 rogaret
906 839 1030 916 Deum
1055 853 1099 913 ut
1122 837 1301 943 dirigeret
1328 863 1434 923 eum,
1464 853 1502 911 et
1528 836 1600 912 hoc
1624 835 1727 912 secis-

312 985 383 1058 set,
412 968 577 1045 finaliter
608 970 765 1074 prestito
795 970 841 1047 ab
869 997 915 1048 eo
942 997 1011 1075 per
1032 968 1292 1075 juramentum
1321 967 1427 1073 quod
1457 994 1533 1044 non
1565 966 1727 1043 habebat

311 1098 569 1174 infirmitatem
589 1098 786 1187 latentem,
807 1127 877 1175 nec
896 1116 975 1175 crat
991 1096 1133 1175 servilis
1149 1097 1393 1187 condicionis,
1411 1097 1649 1173 matrimonio
1669 1096 1727 1172 vel

310 1226 418 1303 alteri
438 1226 611 1333 religioni
634 1221 835 1334 obligatus,
861 1227 950 1304 fecit
973 1255 1061 1305 eum
1089 1253 1220 1304 vovere
1245 1245 1284 1304 et
1306 1227 1433 1334 jurare
1459 1254 1568 1330 supra
1596 1257 1727 1332 quem·

312 1357 399 1432 dam
432 1356 573 1434 librum
606 1359 829 1449 castitatem,
862 1357 1139 1446 obedienciam,
1166 1359 1287 1434 vivere
1318 1359 1398 1434 sine
1430 1357 1594 1461 proprio.
1624 1360 1728 1435 Post-

310 1486 470 1563 modum
495 1488 676 1593 imposuit
699 1489 769 1565 sibi
793 1485 1032 1577 mantellum,
1055 1487 1193 1590 etipse
1220 1504 1258 1561 et
1282 1503 1444 1562 astantes
1462 1486 1618 1563 fuerunt
1640 1517 1726 1564 eum

310 1618 463 1696 osculati
485 1620 524 1695 in
544 1647 621 1696 ore.
639 1619 786 1695 Deinde
807 1618 983 1696 instruxit
1006 1602 1095 1694 eum
1113 1633 1207 1722 quot
1223 1618 1336 1694 Pater
1362 1632 1477 1693 noster
1499 1616 1641 1695 diceret
1658 1648 1727 1723 pro

309 1746 412 1823 horis
436 1749 531 1836 suis,
553 1749 658 1854 quod
680 1749 878 1825 inclinaret
905 1748 1028 1853 capud
1051 1747 1203 1852 quando
1231 1745 1359 1824 Gloria
1388 1747 1487 1852 Iffatri
1518 1747 1725 1839 diceretur,
1787 1807 1790 1811 -

304 1878 447 1983 jaceret
465 1880 705 1983 cumpannis
724 1896 763 1955 et
782 1878 908 1983 caligis
923 1878 1033 1954 lineis
1053 1877 1197 1952 cinctus
1217 1904 1292 1952 una
1312 1876 1482 1964 cordula,
1505 1895 1542 1954 et
1560 1881 1728 1983 precepit

310 2007 344 2082 ei
365 2008 470 2113 quod
495 2025 727 2084 conservaret
747 2007 847 2084 bona
868 2008 1088 2095 ordinis;·et
1101 2005 1172 2083 alic
1187 2006 1386 2084 inhonesta
1403 2025 1495 2084 tunc
1515 2036 1593 2084 non
1612 2009 1728 2086 inter-

309 2154 493 2215 venerunt
511 2137 552 2212 in
572 2165 637 2214 sua
657 2139 875 2244 recepcione
894 2137 1073 2244 predicta.
1094 2137 1237 2242 Elapsis
1255 2164 1343 2215 vero
1361 2138 1485 2215 tribus
1510 2117 1727 2244 septimanis

309 2266 367 2342 vel
393 2267 506 2354 circa,
533 2268 655 2345 dictus
680 2285 853 2374 receptor
878 2269 1021 2346 vocarit
1046 2268 1171 2374 ipsum
1196 2285 1332 2344 testem
1353 2268 1478 2346 solum
1499 2269 1539 2343 in
1563 2271 1726 2373 quadam

309 2423 453 2473 camera
473 2397 572 2474 dicte
588 2398 741 2489 domus,
757 2399 798 2474 in
816 2425 889 2504 qua
903 2399 1052 2506 jacebat
1069 2397 1191 2473 dictus
1208 2414 1390 2502 receptor,
1409 2415 1447 2474 et
1460 2396 1603 2473 firmata
1619 2417 1726 2505 porta

309 2527 475 2631 precepit
502 2527 535 2602 ei
560 2528 666 2633 quod
694 2526 895 2634 abnegaret
916 2528 1073 2604 Jlaesum
1101 2525 1314 2614 Christum
1336 2543 1373 2602 et
1400 2555 1486 2602 cum
1516 2526 1594 2632 ipse
1622 2530 1726 2604 testis

308 2657 563 2761 respondisset
576 2657 680 2762 quod
696 2657 770 2735 hoc
782 2657 892 2734 nullo
906 2658 1024 2735 modo
1043 2655 1196 2747 laceret,
1215 2656 1310 2732 dixit
1321 2658 1426 2762 quod
1441 2657 1514 2733 hoc
1529 2660 1726 2762 oportebat

309 2812 397 2860 eum
418 2785 554 2873 lacere,
570 2786 737 2891 alioquin
759 2805 989 2879 moreretur;
1010 2806 1049 2864 et
1065 2805 1158 2864 tunc
1177 2787 1256 2892 ipse
1276 2786 1401 2877 testis,
1421 2787 1556 2864 timore
1573 2788 1723 2877 ductus,

308 2917 501 3024 abnegavit
524 2919 652 2993 Jesum
679 2916 872 2995 Christum
900 2946 987 2995 cum
1013 2917 1143 2995 dolore
1175 2916 1316 3005 cordis,
1338 2943 1402 2994 ore
1425 2944 1504 2994 non
1527 2920 1660 3007 corde;
1688 2938 1725 2995 et

308 3046 474 3122 ostendit
493 3048 526 3123 ei
545 3047 748 3152 quamdam
768 3076 920 3125 crucem
939 3047 1117 3154 ligneam,
1138 3047 1257 3125 nescit
1275 3076 1296 3122 a
1315 3075 1392 3153 quo
1409 3047 1574 3136 allatam,
1592 3051 1630 3125 in
1651 3078 1724 3155 qua

308 3192 387 3250 erat
409 3203 541 3282 ymago
567 3175 754 3253 Crucifixi.
781 3179 864 3255 Non
892 3194 1019 3254 tamen
1041 3178 1089 3254 de
1115 3193 1227 3283 sputo
1251 3177 1400 3262 illicito,
1420 3205 1492 3254 nec
1516 3179 1564 3255 de
1593 3181 1723 3258 osculo

307 3305 530 3392 inhonesto,
559 3333 628 3383 nec
648 3307 697 3384 de
728 3305 852 3413 aliqua
875 3307 946 3383 alia
971 3334 1012 3382 re
1037 3306 1167 3384 illicita
1184 3307 1258 3383 fuit
1283 3307 1355 3384 sibi
1381 3307 1546 3399 locutus,
1578 3310 1648 3383 nisi
1675 3309 1725 3385 de

307 3435 379 3510 hoc
400 3452 547 3512 tantum
570 3436 675 3542 quod
700 3464 768 3542 per
790 3437 844 3513 las
867 3437 925 3513 vel
950 3435 1055 3514 nefas
1078 3464 1209 3515 secure
1237 3437 1447 3542 acquireret
1471 3436 1610 3526 ordini,
1635 3441 1722 3541 quia

306 3564 377 3640 hoc
401 3582 549 3670 poterat
574 3594 705 3644 secure
729 3566 849 3644 facere
873 3567 954 3645 sine
980 3584 1144 3673 peccato.
1171 3568 1255 3642 Non
1278 3582 1406 3642 tamen
1433 3567 1506 3642 hoc
1523 3564 1627 3655 fecit,
1654 3596 1722 3644 nec

306 3694 427 3770 credit
444 3697 550 3800 quod
568 3697 735 3801 predicta
755 3697 885 3774 illicita
906 3696 1044 3773 fierent
1063 3698 1104 3773 in
1128 3696 1279 3782 ordine,
1307 3723 1378 3772 nec
1394 3697 1490 3773 vidit
1507 3725 1576 3774 nec
1599 3699 1720 3791 scivit,

306 3849 381 3897 nec.
400 3822 541 3899 audivit
566 3824 639 3900 dici
659 3826 765 3930 quod
791 3827 1074 3903 intervenerunt
1097 3827 1139 3901 in
1162 3825 1447 3930 reccpcionibus
1471 3827 1721 3933 infrascripto·

305 3980 406 4039 rum,
438 3952 580 4029 scilicet
609 3954 731 4031 fratris
751 3954 946 4033 Guillelmi
970 3957 1108 4034 Dicure
1134 3954 1411 4032 Aurelianensis
1441 3955 1614 4045 diocesis,
1645 3985 1722 4063 ser7

303 4084 437 4161 vientis
451 4084 657 4189 quondam,
675 4114 789 4192 quem
804 4085 898 4161 vidit
916 4086 1032 4191 recipi
1052 4113 1120 4191 per
1140 4085 1283 4162 dictum
1299 4083 1451 4162 fratrem
1470 4084 1721 4165 Guillelmum

305 4212 486 4302 Gaudini,
504 4208 549 4292 'in
572 4216 671 4292 dicta
691 4213 847 4322 capella,
868 4232 957 4292 sunt
975 4241 1062 4295 rvru
1080 4214 1188 4292 annis
1206 4214 1266 4291 vel
1288 4213 1399 4302 circa,
1424 4243 1502 4293 non
1521 4216 1654 4293 recolit
1673 4218 1720 4294 de

304 4345 558 4448 presentibus;
579 4373 649 4423 nec
671 4346 712 4422 in
740 4345 961 4453 recepcione
986 4344 1110 4423 fratris
1135 4344 1295 4423 Dionisii
1322 4345 1370 4421 de
1398 4345 1652 4436 Samneriaco,
1680 4348 1720 4422 in

305 4474 545 4556 Carnotensis
566 4477 745 4569 diocesis,
767 4476 975 4585 presbyteri
993 4477 1068 4555 viti-
1084 4503 1199 4584 quem
1218 4473 1313 4551 vidit
1330 4475 1463 4581 recipi,
1491 4505 1568 4554 non
1590 4478 1721 4555 recolit

304 4605 334 4680 si
355 4605 545 4684 Aureliani
557 4607 617 4684 vel
637 4608 677 4683 in
692 4607 791 4685 dicta
809 4607 924 4684 domo
943 4605 1176 4697 Castriduni,
1195 4632 1265 4712 per
1284 4605 1428 4683 dictum
1445 4604 1598 4684 fratrem
1617 4606 1721 4687 Guil·

304 4735 463 4812 lehnum
483 4735 663 4826 Gaudini,
689 4756 780 4816 sunt
804 4763 892 4817 xvut
916 4739 1004 4815 anni
1024 4739 1084 4815 vel
1104 4737 1217 4823 circa,
1240 4763 1317 4812 non
1346 4736 1479 4819 recolit
1497 4737 1545 4815 de
1567 4766 1720 4845 presen-

302 4865 415 4942 tibus.
444 4868 560 4955 ltem,
590 4868 682 4945 dixit
712 4895 758 4945 se·
778 4867 933 4946 credere
958 4869 1064 4975 quod
1095 4892 1226 4944 eorum
1262 4866 1473 4947 sacerdotes
1502 4869 1629 4948 debite
1657 4897 1719 4945 ee·
