4080 6052
538 583 606 655 rso
918 564 1112 657 rnocts
1137 581 1233 653 nus
1259 580 1558 652 rnurmuns.

532 753 620 800 cum
641 722 774 816 altero,
795 724 1034 830 singulariter
1052 750 1166 829 super
1188 719 1360 827 quolibet
1379 717 1599 825 requisitus,
1622 717 1714 794 dixit
1733 723 1839 826 quod
1858 728 1954 803 reci-

531 855 677 958 pientes
695 853 878 931 laciebant
897 855 982 932 illos
999 883 1096 962 quos
1115 849 1345 957 recipiebant
1357 849 1486 956 jurare
1504 849 1543 923 in
1562 875 1695 924 eorum
1711 854 1949 958 recepcione,

531 987 636 1091 quod
653 984 801 1061 dictum
823 986 996 1063 ordinem
1018 1012 1095 1062 non
1116 983 1366 1071 dimitterent,
1386 1008 1456 1085 pro
1476 978 1624 1055 meliori
1643 981 1703 1056 vel
1721 1011 1791 1087 pro
1810 986 1949 1093 pejori,

531 1115 610 1191 sine
639 1115 792 1192 licencia
816 1117 940 1223 magni
966 1114 1149 1222 Magistri,
1172 1130 1209 1190 et
1227 1110 1333 1219 quod
1353 1110 1477 1187 statim
1501 1137 1545 1186 ex
1563 1129 1767 1217 quoerant
1791 1118 1948 1222 recepti,

531 1245 766 1323 habebantur
785 1276 853 1353 pro
877 1245 1068 1354 professis,
1091 1243 1257 1351 et·quod
1282 1269 1414 1318 eorum
1437 1242 1674 1346 recepcio'nes
1697 1247 1951 1324 communiter

530 1375 671 1451 fiebant
688 1377 815 1483 januis
841 1377 991 1463 clausis,
1015 1392 1054 1452 et
1074 1375 1225 1451 nemine
1249 1389 1422 1479 presente
1446 1371 1518 1448 nisi
1539 1389 1636 1447 esset
1655 1369 1768 1448 frater
1787 1375 1946 1468 ordinis,

530 1523 568 1580 et
584 1506 704 1582 credit
719 1508 824 1612 quod
842 1507 979 1584 exvhoc
995 1523 1073 1582 erat
1090 1521 1129 1582 et
1146 1504 1233 1595 luit,
1254 1503 1320 1579 diu
1341 1518 1413 1588 est,
1432 1502 1592 1620 suspicio
1611 1520 1737 1578 contra
1755 1505 1945 1598 ordinem,

530 1652 567 1711 et
586 1635 705 1711 credit
720 1637 824 1743 quod
842 1638 891 1713 ita
910 1653 1120 1714 servaretur
1138 1633 1390 1712 communiter
1405 1661 1474 1738 per
1489 1649 1613 1709 totum
1632 1633 1822 1722 ordinem,
1842 1638 1947 1713 etita

529 1766 683 1842 servavit
701 1766 780 1872 ipse
803 1785 840 1843 et
857 1768 951 1844 vidit
971 1766 1106 1843 servari
1127 1795 1147 1844 a
1167 1764 1298 1841 multis
1318 1763 1412 1840 aliis.
1748 1772 1750 1777 ’

583 1897 692 1985 ltem,
721 1925 834 2003 super
862 1896 1017 1974 articulo
1045 1896 1092 1973 de
1119 1891 1367 1972 commixione
1389 1911 1427 1971 et
1449 1893 1529 1970 aliis
1558 1895 1799 1999 sequentibus
1823 1877 1944 2004 usque

528 2025 575 2099 ad
599 2025 798 2101 articulum
820 2026 870 2101 'de
897 2026 1026 2132 ydolo,
1047 2024 1286 2132 singulariter
1306 2043 1427 2129 ‘super
1450 2022 1619 2129 quolibet
1643 2025 1861 2130 requisitus,
1887 2048 1946 2105 re·-

526 2155 678 2260 spondit
702 2156 806 2261 quod
829 2183 1026 2262 nunquam
1047 2156 1204 2253 audivit,
1228 2183 1352 2262 neque
1378 2154 1488 2241 vidit,
1507 2182 1577 2230 nec
1596 2153 1716 2246 scivit,
1735 2184 1804 2230 nec
1828 2158 1943 2235 credit

526 2286 631 2390 quod
658 2285 731 2362 tale
758 2286 911 2374 vicium,
938 2286 977 2361 in
1008 2287 1107 2364 dicto
1132 2287 1282 2375 ordine,
1311 2286 1513 2363 duceretur
1542 2313 1611 2360 nec
1636 2285 1939 2366 committeretur.

526 2416 631 2508 ltem,
653 2445 767 2524 super
785 2419 942 2496 articulo
971 2412 1018 2496 de
1038 2419 1161 2526 ydolis
1178 2434 1216 2495 et
1233 2418 1315 2494 aliis
1334 2415 1581 2522 sequentibus
1600 2445 1721 2523 usque
1741 2419 1788 2493 ad
1809 2419 1941 2495 articu-

525 2546 623 2635 lum,
642 2544 708 2625 De'
721 2578 797 2626 non
823 2542 1037 2626 confitendo
1055 2550 1126 2625 nisi
1141 2545 1397 2625 sacerdotibus
1409 2546 1563 2636 ordinis,
1579 2546 1818 2652 singulariter
1831 2578 1942 2655 super

525 2677 697 2782 quolibet
715 2680 934 2784 requisitus,
957 2677 1049 2753 dixit
1072 2676 1177 2782 quod
1202 2673 1396 2780 nunquam
1421 2674 1461 2748 in
1485 2675 1558 2749 vita
1582 2703 1648 2750 sua
1671 2677 1765 2753 vidit
1785 2679 1821 2753 in
1844 2677 1941 2758 dicto

526 2807 661 2883 ordine
676 2807 831 2912 aliquod
844 2805 1014 2912 ydolum,
1030 2834 1100 2881 nec
1117 2805 1236 2896 scivit,
1253 2832 1322 2880 nec
1337 2805 1512 2893 adoravit,
1529 2832 1598 2880 nec
1613 2806 1754 2881 audivit
1770 2810 1842 2883 dici
1860 2828 1940 2888 ante

527 2936 741 3040 capcionem
761 2963 910 3025 eorum,
929 2963 999 3011 nec
1019 2936 1138 3012 credit
1154 2937 1259 3043 quod
1277 2934 1430 3041 aliquod
1450 2935 1607 3042 ydolum
1633 2953 1730 3011 esset
1748 2936 1787 3010 in
1809 2967 1939 3018 eornm

526 3065 675 3153 ordine,
702 3094 772 3143 nec
798 3067 918 3172 capud
943 3065 1097 3173 aliquod
1121 3067 1242 3174 ydoli,
1264 3095 1333 3144 nec
1352 3068 1457 3174 quod
1478 3066 1602 3174 aliqua
1625 3069 1818 3145 veneracio
1839 3072 1938 3177 ydoli
2005 3094 2008 3102 ·

525 3194 635 3271 fieret
658 3195 695 3270 in
722 3198 820 3274 dicto
845 3198 1000 3287 ordine,
1027 3197 1120 3274 dixit
1144 3215 1270 3274 tamen
1294 3199 1399 3304 quod
1426 3199 1464 3273 in
1490 3226 1622 3274 eorum
1646 3200 1864 3304 recepcione
1885 3187 1939 3279 ress

447 3362 451 3370 ·
525 3325 711 3430 cipiebant
727 3327 887 3434 quilibet
904 3355 1018 3404 unam
1036 3328 1229 3407 cordulam
1248 3358 1355 3436 quam
1372 3329 1569 3433 portabant
1586 3329 1735 3405 cinctam
1754 3359 1866 3436 supra
1883 3362 1937 3409 ca-

525 3457 650 3534 misias
663 3459 710 3534 de
725 3459 785 3534 die
802 3477 840 3535 et
858 3460 904 3535 de
920 3475 1045 3548 nocte,
1061 3477 1099 3534 et
1115 3459 1154 3534 in
1167 3476 1248 3537 toto
1265 3459 1397 3535 ordine
1413 3459 1481 3535 ista
1501 3476 1677 3535 servatur.
1691 3459 1747 3535 De
1760 3459 1842 3536 aliis
1852 3490 1937 3538 vero

526 3584 733 3692 contenptis
758 3588 796 3662 in
818 3588 924 3665 dictis
946 3589 1111 3665 articulis
1131 3588 1246 3666 nichil
1267 3588 1370 3665 aliud
1389 3588 1457 3665 scit
1477 3589 1611 3664 servari
1637 3590 1675 3663 in
1702 3590 1850 3682 ordine,
1872 3619 1937 3668 nec

525 3717 666 3793 audivit
683 3716 786 3822 loqui
805 3735 889 3793 ante
907 3719 1120 3823 capcionem
1137 3747 1282 3796 eorum.
1296 3720 1405 3808 Item,
1422 3718 1623 3824 requisitus
1637 3747 1750 3823 super
1764 3721 1934 3808 articulo,

524 3850 628 3953 quod
649 3846 912 3955 injungebatur
931 3847 1122 3938 fratribus,
1144 3851 1249 3957 quod
1276 3879 1353 3926 non
1379 3848 1648 3925 confiterentur
1672 3850 1742 3925 nisi
1763 3849 1937 3955 fratribus

524 3979 779 4056 sacerdotibus
806 3979 964 4067 ordinis,
992 3980 1084 4056 dixit
1109 3983 1213 4087 quod
1241 3979 1482 4056 inhibebatur
1510 3979 1702 4066 fratribus,
1730 3984 1835 4087 quod
1863 4011 1936 4060 non

523 4109 790 4187 confiterentur
804 4111 874 4186 nisi
888 4108 1064 4188 iratribus
1079 4110 1335 4188 sacerdotibus
1349 4110 1508 4202 ordinis,
1527 4112 1711 4216 quamdiu
1729 4112 1882 4186 inveniri
1901 4132 1936 4190 et

521 4238 653 4337 haberi
670 4259 837 4346 possent,
857 4242 1049 4319 addiciens
1065 4242 1169 4348 quod
1191 4244 1401 4319 sacerdotes
1418 4242 1477 4318 sui
1496 4242 1639 4318 ordinis
1657 4238 1845 4318 habebant
1861 4243 1937 4347 pri-

521 4369 697 4476 vilegium
717 4374 821 4478 quod
841 4390 994 4477 possent
1014 4371 1203 4449 absolvere
1230 4373 1323 4449 alios
1346 4372 1476 4448 iratres
1500 4399 1520 4445 a
1539 4373 1699 4476 peccatis
1723 4369 1816 4459 suis,
1843 4373 1935 4450 sicut

522 4502 785 4608 archiepiscopi
805 4503 864 4580 vel
884 4504 1047 4609 episcopi
1067 4503 1208 4581 habent
1226 4505 1266 4579 in
1286 4503 1466 4582 subdictis
1485 4502 1573 4578 suis.

576 4631 686 4722 ltem,
701 4660 813 4737 super
823 4634 978 4711 articulo
990 4635 1094 4741 quod
1104 4633 1235 4713 fratres
1245 4635 1399 4711 luerunt
1409 4633 1639 4739 negligentes
1650 4635 1852 4740 corrigere,
1866 4654 1928 4713 etc.

520 4758 601 4835 aliis
629 4761 873 4867 sequentibus
897 4793 1016 4870 usque
1042 4766 1090 4840 ad
1115 4766 1316 4842 articulum
1341 4767 1388 4842 de
1413 4763 1647 4889 ellempsina,
1675 4782 1743 4841 etc.
1772 4765 1931 4873 singula-

519 4889 609 4967 riter
628 4919 741 4997 super
760 4891 932 4999 quolibet
953 4894 1171 5000 requisitus,
1191 4897 1283 4974 dixit
1299 4897 1404 5003 quod
1423 4897 1469 4972 de
1488 4897 1672 4973 contentis
1695 4896 1733 4970 in
1753 4896 1863 4974 dictis
1880 4924 1932 4972 ar·
