4080 6052
468 532 662 626 rnocns
687 551 782 624 nns
807 550 1108 626 rnnrmnns.
1420 555 1493 630 noc

84 694 163 771 dini
178 719 247 769 nec
256 691 426 797 aliquem
441 691 711 769 exheredarent
729 718 799 767 nec
810 690 1032 769 interessent
1047 692 1329 770 exheredacioni
1343 695 1494 801 injuste,

84 840 122 900 et
140 824 169 900 si
188 820 416 900 contrarium
436 819 610 900 fecissent
632 821 886 928 perdidissent
902 823 1145 912 mantellum,
1164 841 1208 900 ut
1225 822 1420 900 dicebatur
1430 825 1493 900 eis.

83 951 228 1059 Ubique
246 951 382 1030 servari
401 950 563 1029 debebat
583 953 623 1029 in
644 953 777 1030 ordine
802 953 907 1059 quod
923 981 1082 1060 magnus
1100 955 1276 1060 Magister
1298 983 1384 1046 cum
1409 981 1496 1030 con-

79 1099 194 1159 ventu
214 1081 423 1172 statuebam
449 1083 620 1159 scandala
640 1083 794 1188 grandia
810 1082 915 1159 ridet
933 1101 1085 1190 propter
1104 1083 1272 1192 predicta
1291 1099 1420 1159 contra
1435 1112 1496 1161 or-

80 1212 209 1290 dinem
231 1239 312 1289 esse
329 1226 466 1288 exorto.
487 1211 650 1314 Audivit·
662 1214 741 1290 dici
755 1241 935 1322 magnum
955 1215 1175 1319 Magistrum
1196 1231 1233 1290 et
1252 1213 1344 1288 alios
1366 1237 1495 1317 prece-

80 1357 207 1447 ptores
219 1341 366 1449 aliquos
379 1369 541 1432 errores,
558 1344 676 1420 nescit
690 1371 805 1450 quos,
827 1361 956 1420 contra
975 1344 1147 1421 ordinem
1164 1343 1278 1419 fuisse
1294 1342 1491 1420 confessos.

130 1470 246 1558 Item,
265 1470 469 1577 requisitus
482 1473 513 1548 si
523 1474 576 1548 sic
585 1473 813 1578 deposuerat·
829 1498 955 1579 prece,
976 1489 1171 1578 precepto,
1192 1472 1345 1561 timore,
1367 1500 1493 1549 amore

79 1603 136 1679 vel
164 1602 269 1692 odio,
298 1601 495 1707 temporali
520 1602 684 1681 comodo
710 1602 841 1680 habito
864 1602 923 1679 vel
948 1602 1141 1692 habend0‚
1171 1602 1366 1708 respondit
1390 1602 1499 1710 quod¹

79 1758 171 1821 non,
190 1732 259 1811 sed
275 1760 346 1838 pro
365 1734 517 1810 veritate
541 1733 717 1822 dicenda3
738 1734 800 1809 cui
818 1731 893 1809 suit
911 1734 1122 1839 injunctum
1148 1761 1216 1838 per
1236 1733 1354 1809 dictos
1380 1734 1496 1809 domi·

79 1890 147 1941 nos
170 1863 461 1949 commissarios,
486 1864 527 1939 in
545 1863 682 1940 virtute
698 1862 903 1969 juramenti
927 1861 1072 1966 prestiti
1092 1889 1161 1966 per
1178 1862 1360 1951 eundem,
1389 1862 1495 1967 quod

79 2019 156 2071 non
176 1991 357 2070 revelaret
371 1993 470 2069 hanc
484 2021 590 2070 suam
609 1991 904 2099 deposicionem,
921 2019 1120 2098 quousque
1137 1991 1395 2070 attestaciones
1413 1991 1495 2069 lue·

79 2125 155 2200 rint
167 2122 367 2229 publicate.

35 2351 37 2354 ⁴
136 2254 227 2330 Acta
248 2251 403 2329 suerunt
429 2252 500 2328 hec
518 2252 626 2330 dictis
651 2252 713 2329 die
738 2270 776 2330 et
798 2253 901 2341 loco,
924 2253 1164 2360 presentibus
1188 2253 1366 2358 Magistro
1390 2251 1494 2331 Ami-

80 2386 153 2475 sio,
181 2413 243 2461 me
269 2383 523 2463 Floriamonte
550 2382 767 2471 Dondedei,
787 2400 826 2460 et
843 2382 927 2491 aliis
950 2382 1106 2460 notariis
1130 2410 1241 2488 supra
1258 2382 1400 2460 *ultimo
1425 2411 1494 2459 no·

79 2533 240 2600 mrnatrs.
1044 2524 1049 2535 '
1071 2523 1075 2529 ’

135 2778 223 2856 Post
241 2779 327 2870 hec,
347 2779 407 2856 die
428 2782 534 2857 Lune
552 2779 743 2886 sequenti,
759 2804 833 2886 que
852 2777 925 2857 fuit
943 2804 1032 2859 xv111
1055 2779 1144 2856 dicti
1160 2777 1300 2856 mensis
1314 2776 1494 2864 lanuarii,

79 2909 150 2987 fuit
160 2909 345 2988 adductus
362 2912 410 2988 ad
424 2911 657 3017 presenciam
670 2912 857 2989 dictorum
878 2912 1120 2989 dominorum
1141 2909 1494 2997 commissariorum,
1521 2942 1526 2947 ·

79 3044 119 3118 in
139 3041 254 3118 domo
272 3041 456 3145 predicta,
476 3039 590 3119 frater
614 3041 761 3118 Addam
790 3041 838 3116 de
856 3041 1103 3120 Vollencourt
1126 3056 1324 3146 preceptor
1348 3038 1395 3114 de
1420 3036 1497 3113 An-
1600 3051 1604 3059 '

78 3171 213 3246 ricuria
238 3170 515 3249 Cameracensis
541 3173 716 3260 diocesis,
738 3171 861 3261 miles,
882 3172 987 3250 testis
1012 3170 1284 3277 suprajuratus,
1313 3186 1356 3245 ut
1380 3169 1498 3274 depo-

81 3317 187 3378 neret
204 3300 346 3379 dictum
362 3330 491 3391 suum,
508 3329 584 3379 non
607 3301 792 3379 defferens
811 3300 1032 3378 mantellum
1053 3300 1211 3387 ordinis,
1233 3300 1322 3406 quia
1343 3298 1497 3376 dimise-

78 3447 134 3508 rat
154 3456 242 3506 eum
267 3447 351 3506 ante
372 3430 586 3536 capcionem
608 3459 731 3523 suam,
753 3458 840 3508 cum
860 3430 1062 3508 audivisset
1080 3430 1172 3505 alios
1190 3456 1268 3506 esse
1294 3444 1436 3532 captos,
1461 3445 1499 3505 et

78 3559 216 3638 fecerat
230 3560 301 3636 sibi
321 3561 403 3638 radi
420 3560 593 3649 barbam,
621 3561 782 3638 existens
805 3560 845 3637 in
872 3560 1050 3665 Imperio,
1071 3574 1117 3634 ut
1138 3558 1295 3634 liberius
1310 3572 1354 3634 'ct
1380 3585 1499 3633 secre-

80 3692 160 3766 cius
178 3691 232 3766 ire
251 3703 379 3794 pos'set
401 3718 479 3795 quo
501 3691 630 3779 vellet,
659 3708 705 3767 et
724 3706 803 3767 erat
830 3691 936 3766 etatis
962 3715 1011 3765 xc
1034 3715 1221 3765 annorum
1248 3705 1285 3765 et
1311 3686 1426 3776 ultra,
1456 3705 1499 3763 ut

81 3817 189 3902 dixit,
210 3833 248 3893 et
265 3817 339 3895 fuit
357 3819 580 3924 inquisitum
600 3846 688 3902 cum
707 3844 754 3895 eo
774 3844 843 3924 per
862 3816 1061 3895 dominum
1081 3818 1299 3924 episcopum
1316 3817 1499 3895 Parisien·

80 3974 172 4036 sem,
193 3962 231 4022 et
249 3945 444 4024 absolutus
464 3964 502 4024 et
519 3947 780 4024 reconciliatus
796 3974 867 4053 per
885 3975 992 4037 eum3
1013 3947 1118 4024 lectis
1137 3965 1264 4025 autem
1284 3965 1322 4024 et
1339 3947 1498 4055 diligen·
1597 3948 1601 3955 ’

79 4094 138 4155 ter
150 4077 326 4183 expositis
337 4076 408 4154 sibi
424 4076 603 4154 omnibus
619 4093 657 4153 et
672 4076 828 4183 singulis
845 4076 1026 4166 articulis,
1041 4078 1236 4183 respondit
1255 4076 1302 4152 ad
1323 4104 1404 4169 eos,
1420 4104 1500 4185 pro
1601 4177 1604 4182 Ι

80 4207 282 4285 testacione
311 4237 424 4316 supra
452 4235 540 4286 cum
566 4207 707 4314 juravit
731 4206 825 4284 sacta
852 4237 922 4316 per
948 4236 1037 4286 eum
1062 4208 1113 4285 de
1135 4236 1212 4285 non
1237 4208 1450 4286 recedendo
1468 4237 1499 4284 >a

80 4338 201 4441 prima
217 4339 451 4418 confessione
468 4356 534 4417 sua
551 4340 727 4446 repetita;
743 4357 781 4416 et
789 4341 913 4447 primo
935 4340 984 4418 ad
1000 4340 1143 4446 primos
1156 4355 1235 4419 11n⁰¹
1240 4370 1242 4374 ’
1253 4341 1292 4416 in
1309 4342 1411 4418 hunc
1425 4368 1501 4418 mo·
1583 4415 1606 4454 >.

83 4464 193 4553 dum,
213 4469 389 4547 videlicet
409 4497 448 4547 se
468 4469 650 4575 recepisse
667 4497 799 4547 ,unum
820 4470 861 4546 in
882 4468 1037 4547 fratrem
1054 4470 1144 4546 dicti
1165 4471 1324 4558 ordinis,
1349 4487 1387 4547 et
1409 4469 1502 4547 vidit

83 4595 228 4701 aliquos
247 4597 340 4675 alios
357 4599 490 4706 recipi,
505 4615 543 4675 et
561 4626 757 4707 nunquam
770 4599 866 4677 vidit
875 4606 953 4677 ‘nec
972 4599 1076 4688 scivit
1095 4600 1200 4706 quod
1212 4600 1351 4678 fierent
1368 4600 1427 4676 vel
1443 4600 1501 4676 di-

82 4743 257 4805 cerentur
286 4746 461 4807 contenta
490 4729 531 4806 in
565 4730 732 4807 articulis
760 4730 998 4837 supradictis,
1033 4748 1317 4837 verumptamen
1347 4730 1499 4838 quando

82 4856 161 4963 ipse
177 4854 444 4967 fuitreceptus
462 4888 531 4967 per
548 4859 703 4939 fratrem
719 4861 879 4941 Petrum·
894 4863 1088 4952 Normani,
1109 4863 1301 4971 quondam
1321 4861 1499 4952 militem,

166 4994 272 5059 rnocds
293 5018 346 5061 nns
366 5019 537 5061 rnurnrsas.
550 5033 592 5049 -
605 5021 624 5060 1.
1355 5000 1393 5061 52
