4080 6052
692 539 889 659 raocns
914 557 1008 629 ons
1035 557 1336 630 murrinis.
1654 568 1723 639 165

306 699 354 777 ad
369 697 547 805 capellam
561 698 787 804 predictam,
810 697 894 775 aule
914 697 1113 804 episcopali
1134 697 1395 786 adherentem,
1409 717 1448 774 et
1467 700 1609 777 ibidem
1626 733 1727 781 com-

305 845 510 936 paruerunt
528 857 653 905 coram
670 828 847 907 omnibus
863 828 1043 934 predictis
1063 829 1227 926 dominis
1242 828 1504 906 commissariis
1517 830 1650 935 prefati
1663 833 1728 908 fra-

304 977 380 1036 tres
410 958 624 1067 Raynaldus
654 957 701 1035 de
730 959 870 1036 Pruino
897 975 936 1035 et
960 959 1000 1034 P.
1031 958 1077 1035 de
1101 948 1271 1036 Bononia
1294 958 1511 1064 presbiteri,
1534 988 1576 1036 ac
1598 959 1728 1039 fratres

305 1085 534 1166 Guillelmus
554 1087 601 1165 de
626 1086 908 1178 Chambonnet,
934 1088 1163 1166 Bertrandus
1190 1088 1237 1165 de
1262 1089 1425 1196 Sartiges
1443 1107 1481 1165 et
1500 1088 1728 1168 Guillelmus

307 1217 354 1294 de
374 1219 480 1294 Fuxo
498 1218 653 1305 milites,
667 1217 799 1295 fratres
816 1220 1005 1295 lohannes
1025 1219 1072 1296 de
1085 1221 1212 1299 Monte
1226 1219 1357 1325 regali,
1369 1220 1542 1298 Matheus
1558 1220 1604 1297 de
1620 1223 1728 1299 Cres-

308 1376 377 1425 son
400 1350 544 1436 Essart,
569 1350 757 1427 lohannes
782 1350 829 1426 de
854 1366 981 1426 sancto
1009 1351 1204 1426 Leonardo
1229 1367 1267 1426 et
1286 1349 1515 1428 Guillelmus
1542 1351 1588 1428 de
1609 1350 1729 1429 Givri-

308 1506 408 1567 saco,
419 1506 488 1583 pro
501 1506 541 1556 se
557 1495 595 1555 et
613 1479 694 1556 aliis
708 1479 886 1556 omnibus
901 1477 1077 1556 fratribus
1092 1480 1314 1584 supradictis
1329 1480 1395 1586 qui
1408 1480 1456 1556 ad
1469 1479 1727 1558 defensionem

309 1607 397 1683 dicti
414 1607 557 1685 ordinis
574 1636 612 1686 se
631 1608 860 1701 obtulerant,
882 1627 919 1686 et
934 1637 1004 1715 pro
1021 1636 1060 1686 se
1079 1626 1117 1686 et
1133 1609 1214 1685 aliis
1233 1607 1410 1685 fratribus
1429 1609 1608 1714 predictis
1628 1613 1729 1688 erhi-

306 1741 471 1817 buerunt
496 1740 536 1815 in
564 1741 795 1848 presenciam
826 1740 1069 1817 dominorum
1100 1739 1442 1816 commissariorum
1470 1738 1728 1844 predictorum

305 1869 508 1975 quamdam
528 1871 717 1957 cedulam,
741 1887 780 1948 et
804 1897 887 1947 eam
912 1869 1004 1976 legit
1026 1869 1139 1947 frater
1157 1871 1198 1946 P.
1221 1870 1268 1946 de
1288 1869 1457 1946 Bononia
1476 1867 1657 1975 prefatus,
1681 1870 1727 1947 de

308 2001 483 2077 mandato
501 1999 660 2077 aliorum
676 1998 834 2077 fratrum
851 1999 1108 2106 predictorum
1125 1999 1269 2077 ibidem
1286 2000 1541 2105 presencium,
1558 2000 1664 2105 cujus
1680 2016 1731 2075 te-

309 2156 380 2206 nor
398 2130 569 2234 sequitur
590 2131 629 2205 in
647 2131 750 2207 hunc
769 2129 944 2207 modum:

366 2258 501 2334 Coram
510 2258 627 2336 Vobis
639 2259 897 2337 reverentibus
911 2260 1081 2364 patribus
1096 2279 1133 2337 et
1149 2261 1411 2337 commissariis
1427 2262 1522 2337 datis
1536 2288 1605 2365 per
1615 2259 1730 2335 domi-

310 2415 402 2464 num
417 2415 609 2464 summum
618 2387 839 2464 Pontificem
853 2388 901 2465 ad
918 2389 1186 2494 inquirendum
1201 2389 1247 2465 de
1263 2405 1360 2465 statu
1374 2388 1566 2494 religionis
1580 2389 1729 2494 Templi

310 2544 424 2622 super
446 2516 673 2622 quibusdam
696 2517 861 2594 articulis
886 2518 1054 2605 orendis,
1084 2518 1179 2594 datis
1208 2533 1336 2596 contra
1365 2517 1538 2593 ordinem
1563 2517 1728 2623 Templi,

310 2652 528 2752 proponunt
544 2662 583 2722 et
598 2646 730 2724 dicunt
747 2645 968 2753 infrascripti
985 2647 1117 2724 fratres
1135 2647 1309 2753 ejusdem
1326 2648 1490 2739 ordinis,
1512 2676 1588 2724 non
1606 2648 1730 2724 animo

309 2776 415 2854 litem
441 2776 689 2863 contestandi,
713 2777 780 2854 sed
802 2777 1020 2882 simpliciter
1043 2774 1324 2882 respondendo,
1346 2777 1450 2882 quod
1473 2793 1731 2881 procuratores

310 2907 535 2984 constituere
555 2934 633 2984 non
649 2924 825 3013 possunt,
842 2934 911 2984 nec
930 2906 1086 2997 debent,
1106 2933 1175 2983 nec
1192 2907 1310 2983 eciam
1327 2906 1474 2996 volunt,
1490 2905 1730 3013 absque-pre-

311 3037 449 3127 sencia,
471 3038 628 3114 consilio
649 3054 687 3114 et
700 3065 852 3116 assensu
872 3038 930 3114 sui
950 3037 1114 3144 Magistri
1135 3053 1174 3113 et
1197 3053 1401 3113 conventus
1419 3037 1458 3112 in
1477 3053 1577 3113 tanta
1600 3065 1728 3117 causa,

312 3193 401 3242 cum
418 3165 491 3241 hoc
512 3166 659 3272 dejure
684 3195 762 3243 non
781 3166 940 3272 possint,
962 3195 1032 3244 nec
1051 3163 1224 3243 debeant.

368 3295 479 3388 Item,
494 3297 599 3403 quod
618 3294 783 3374 offerunt
799 3326 838 3374 se
858 3324 1006 3384 omnes,
1026 3297 1288 3404 personaliter,
1310 3296 1534 3404 generaliter
1553 3313 1591 3373 et
1607 3298 1732 3402 singu-

311 3425 454 3518 lariter,
480 3428 528 3504 ad
554 3425 811 3508 defensionem
837 3427 1045 3534 religionis,
1068 3444 1106 3503 et
1127 3444 1262 3533 petunt
1291 3444 1329 3503 et
1358 3427 1568 3533 supplicant
1590 3454 1669 3502 esse
1693 3429 1731 3501 in

312 3555 468 3633 concilio
499 3558 662 3663 generali
691 3586 760 3665 per
783 3585 823 3638 se
848 3558 966 3664 ipsos,
993 3574 1031 3632 et
1059 3555 1291 3661 ubicumque
1314 3556 1533 3633 tractabitur
1561 3553 1607 3632 de
1637 3574 1732 3633 statu

312 3685 516 3792 religionis.

369 3815 480 3903 Item,
495 3816 626 3894 dicunt
635 3820 738 3923 qnod
750 3847 836 3897 cum
847 3836 960 3897 erunt
973 3820 1013 3896 in
1024 3819 1137 3925 plena
1146 3818 1335 3907 libertate,
1347 3818 1549 3894 intendunt
1561 3816 1731 3900 omnino,

314 3944 345 4020 si
365 3960 563 4048 poterunt,
575 3942 650 4036 ire,
670 3948 842 4052 quivero
864 3978 941 4026 non
960 3965 1155 4054 poterunt,
1178 3948 1412 4026 committere
1431 3947 1533 4024 xvices
1556 3974 1660 4037 suas,
1676 3946 1734 4021 vel

315 4073 544 4151 constituere
570 4093 829 4180 procuratores
859 4079 907 4155 de
938 4077 1115 4155 fratribus
1142 4079 1260 4182 ipsius
1293 4078 1454 4168 ordinis,
1486 4077 1551 4182 qui
1580 4076 1734 4152 nomine

316 4197 449 4306 eorum
466 4221 504 4281 et
515 4232 593 4282 suo·
600 4206 800 4312 negocium
813 4207 1032 4314 hujusmodi
1046 4224 1332 4315 prosequantur.

370 4335 497 4422 Item,
539 4356 804 4416 concesserunt
837 4356 876 4416 et
918 4338 1188 4415 commisemnt
1227 4336 1404 4414 fratribus
1441 4335 1646 4441 Reginaldo
1688 4338 1734 4412 de

316 4466 473 4556 Pruin03
498 4467 538 4542 P.
567 4468 614 4544 de
637 4468 807 4547 Bononia
837 4470 1070 4577 presbiteris,
1097 4467 1307 4565 §uillelmo
1334 4468 1382 4544 de
1409 4465 1674 4546 Chambonnet
1700 4484 1737 4541 et

318 4594 522 4674 Bertrando
547 4598 595 4674 de
617 4599 780 4707 Sartiges
804 4598 981 4677 fratribus
1002 4599 1203 4694 militibus,
1224 4598 1330 4704 quod
1343 4597 1497 4704 'possint
1509 4595 1734 4702 producere,

317 4727 505 4833 porigere,
522 4726 645 4806 dicere
665 4747 704 4807 et
724 4731 813 4808 dare
833 4731 1035 4839 inscriptis
1058 4731 1164 4809 vobis
1182 4728 1457 4836 suprascriptis,
1479 4726 1737 4805 reverentibus

317 4856 500 4961 patribus,
530 4862 655 4937 omnia
678 4862 781 4971 jura,
811 4891 944 4941 omnes
972 4862 1217 4969 allegaciones
1241 4878 1280 4938 et
1301 4877 1519 4970 argumenta
1541 4859 1738 4965 bonaque
