4080 6052
495 528 693 622 raocrls
718 550 810 623 oss
836 549 1136 623 Tauranus.
1444 555 1517 624 217
1599 594 1604 605 ·

110 711 283 773 contenta
306 694 345 768 in
366 689 474 768 dictis
499 689 663 766 articulis
689 690 838 777 fierent,
870 688 1059 767 addiciens
1088 689 1193 796 quod
1217 691 1256 766 in
1280 690 1341 767 die
1366 693 1521 770 Veneris

108 842 231 903 sancta
251 853 337 901 cum
356 821 568 898 reverencia
591 836 628 896 et
653 820 853 899 discalciati
872 820 1076 897 adorabant
1094 848 1258 911 crucem,
1280 838 1318 897 et
1337 821 1409 898 hoc
1429 821 1522 898 dixit

108 953 301 1031 sevidisse
323 953 370 1030 de
391 949 610 1027 adoracione
636 951 756 1026 crucis
777 950 816 1025 in
836 949 1015 1026 domibus
1038 950 1180 1026 ordinis
1199 949 1347 1055 Templi
1368 950 1411 1026 in
1436 950 1522 1056 qui-

106 1082 179 1161 bus
198 1084 320 1160 luerat
340 1095 602 1157 commoratus.
624 1080 840 1186 Requisitus
864 1079 1062 1185 inquibus
1088 1078 1264 1156 domibus
1281 1078 1403 1156 fuerat
1423 1107 1523 1157 com-

107 1229 291 1299 moratus,
310 1209 503 1316 respondit
519 1209 625 1315 quod
642 1209 680 1283 in
698 1209 812 1315 Cipro
829 1236 897 1314 per
913 1209 1109 1297 trienium,
1130 1226 1214 1314 post
1233 1209 1391 1286 modum
1410 1209 1522 1287 rediit

108 1342 204 1433 citra,
216 1369 320 1419 mare
341 1358 379 1417 et
397 1340 468 1417 fuit
486 1356 653 1416 moratus
672 1339 711 1414 iu
732 1341 846 1416 domo
866 1339 1008 1415 ordinis
1027 1337 1182 1444 predicti
1202 1348 1327 1414 vocata
1347 1339 1393 1414 de
1414 1338 1524 1416 Roel·

109 1471 172 1560 lis,
193 1471 437 1578 Lingouensis
462 1470 634 1561 diocesis,
662 1471 766 1576 quasi
791 1498 859 1576 per
883 1469 1094 1545 dimedium
1119 1497 1275 1561 annum,
1304 1485 1342 1545 et
1366 1497 1410 1544 ex
1433 1470 1521 1546 inde

107 1602 147 1678 in
165 1601 233 1677 alia
251 1602 364 1679 domo
382 1600 472 1677 dicti
492 1600 635 1677 ordinis
652 1617 778 1676 vocata
796 1599 1108 1717 dellomanioha,
1129 1599 1300 1706 ejusdem
1317 1599 1524 1704 Lingonen·

107 1730 157 1808 sis
177 1731 349 1820 diocesis,
371 1731 536 1808 sednon
558 1731 775 1807 recordatur
799 1757 867 1834 per
890 1746 1075 1836 quantum
1094 1730 1291 1835 temporis,
1314 1746 1415 1805 etex
1435 1728 1522 1805 inde

107 1859 146 1936 in
166 1861 387 1967 Lotarengia
404 1861 443 1935 in
461 1861 624 1966 quadam
644 1860 758 1938 domo
779 1860 867 1936 dicti
886 1860 1028 1937 ordinis
1045 1876 1171 1936 vocata
1187 1860 1236 1936 de
1254 1859 1396 1949 Somis,
1417 1860 1522 1964 quasi
1651 1888 1655 1895 ·

107 2018 176 2097 per
194 2019 315 2068 unum
334 1981 492 2080 annum,
515 2004 553 2066 et
572 2007 628 2066 est
646 1990 835 2067 Tullensis
854 1990 1028 2082 diocesis,
1051 2007 1089 2067 et
1113 2018 1158 2067 ex
1181 1989 1270 2066 inde
1295 1989 1335 2064 in
1359 1989 1524 2065 Picardia

108 2119 148 2194 in
167 2118 238 2195 alia
258 2120 372 2197 domo
390 2135 516 2195 vocata
535 2108 654 2225 Aymo
674 2146 789 2224 prope
809 2119 1020 2210 Boloniam,
1042 2149 1109 2226 per
1133 2146 1276 2196 annum
1296 2147 1382 2195 cum
1402 2119 1523 2196 dime-

109 2247 188 2337 dio,
212 2265 258 2324 ut
279 2248 350 2324 sibi
371 2248 532 2340 videtur,
558 2263 595 2322 et
625 2246 757 2322 exinde
783 2246 848 2323 ivit
868 2249 1030 2324 Triveris
1053 2249 1092 2323 in
1113 2248 1336 2336 Allamania,
1363 2247 1428 2326 ubi
1451 2249 1524 2327 suit

109 2391 177 2482 pe'r
195 2403 221 2453 11
241 2404 375 2463 annos,
396 2391 440 2453 ut
458 2374 530 2453 sibi
548 2374 708 2451 videtur.

164 2506 255 2584 Acta
278 2506 431 2584 fuerunt
450 2506 520 2581 hec
546 2504 585 2579 in
605 2504 771 2610 predicta
795 2505 934 2612 capella
958 2505 1157 2611 episcopali
1181 2505 1393 2594 Parisiensi,
1416 2506 1523 2584 dictis

110 2634 171 2712 die
193 2635 347 2724 otioso,
369 2663 437 2740 per
455 2634 574 2710 dictos
593 2633 768 2711 dominos
792 2634 1079 2735 commissarios,
1101 2635 1340 2741 presentibus
1359 2663 1420 2712 me
1440 2637 1524 2715 Flo-

70 2861 71 2865 *
108 2765 291 2841 riamonte
310 2764 509 2842 Dondedei
530 2779 568 2840 et
587 2763 669 2842 aliis
687 2736 841 2841 notariis
861 2792 973 2871 supra
991 2764 1161 2917 prpximo
1181 2763 1395 2867 nominatis.
1497 2801 1500 2807 ’

165 3026 253 3103 Post
275 3025 361 3115 hec,
384 3027 445 3103 die
470 3003 602 3105 Martis
623 3027 812 3136 sequenti,
835 3056 908 3134 que
935 3024 1007 3104 suit
1025 3026 1107 3104 dies
1125 3051 1236 3106 xxvm
1255 3025 1395 3102 mensis
1414 3023 1523 3131 Apri·

109 3154 172 3244 lis,
193 3173 447 3232 convenerunt
467 3156 555 3234 dicti
576 3158 720 3234 domiui
741 3157 998 3246 commissarii,
1022 3156 1183 3262 exceptis
1203 3155 1366 3250 dominis
1384 3154 1524 3234 Narbo·

110 3285 216 3361 nensi
237 3302 275 3362 et
293 3285 485 3393 Bajocensi
504 3306 549 3365 ut
574 3318 685 3395 supra
710 3289 909 3376 excusatis,
933 3287 1034 3397 apud
1052 3305 1214 3364 sanctam
1234 3284 1463 3365 Genovelam
1483 3287 1522 3361 in

109 3415 248 3520 capella
274 3418 388 3525 sancti
411 3418 561 3526 Ellegii,
585 3436 623 3495 et
646 3420 790 3497 revenit
814 3448 937 3498 coram
959 3420 1102 3495 eisdem
1126 3416 1291 3495 dominis
1310 3414 1523 3492 commissa·

108 3544 172 3621 riis
187 3544 309 3623 dictus
324 3545 512 3626 Gerardus
529 3550 635 3627 testis
652 3551 701 3629 ad
719 3538 993 3654 perficiendum
1011 3547 1154 3624 dictum
1171 3575 1301 3634 suum,
1316 3543 1420 3651 quod
1439 3571 1524 3650 pro-

109 3691 192 3777 pter
210 3674 303 3750 hore
320 3677 533 3754 tarditatem
551 3708 628 3756 non
645 3695 793 3785 poterat
810 3678 939 3783 perfici
964 3677 1061 3753 dicta
1084 3678 1146 3754 die
1167 3678 1284 3753 Lune.
1309 3674 1524 3780 Requisitus

110 3828 223 3904 super
243 3827 320 3876 auu
344 3818 383 3877 et
405 3831 451 3884 xv
476 3806 656 3896 articulis,
685 3808 732 3884 de
758 3807 990 3912 apparicione
1016 3823 1054 3882 et
1077 3804 1297 3883 adoracione
1326 3803 1411 3892 cati,
1439 3817 1521 3888 etc„

109 3928 304 4033 respondit
323 3957 361 4004 se
382 3931 497 4006 nichil
515 3933 625 4020 scire,
647 3962 716 4009 nec
736 3934 920 4012 audivisse
940 3934 1029 4022 dici,
1052 3963 1121 4010 nec
1140 3933 1259 4010 credit
1279 3961 1358 4010 esse
1376 3960 1471 4007 vera.

165 4058 276 4144 item,
293 4057 494 4164 requisitus
510 4088 623 4164 super
641 4087 805 4140 art-xxm
825 4061 1004 4169 articulis,
1025 4063 1131 4168 quod
1146 4089 1223 4138 non
1239 4060 1442 4137 credebant
1456 4062 1519 4138 Sa·

110 4203 342 4263 crumentum
366 4187 489 4264 altaris
515 4204 553 4264 et
580 4189 686 4294 quod
718 4190 927 4266 sacerdotes
951 4190 1186 4268 obmitebant
1207 4219 1251 4266 ve
1273 4190 1321 4266 ba
1342 4189 1520 4281 Cononis,

109 4316 304 4422 respondit
317 4345 357 4392 se
372 4317 488 4393 nichil
507 4317 616 4405 scire,
637 4346 707 4394 nec
724 4317 908 4396 audivisse
925 4319 1015 4406 dici,
1038 4346 1108 4396 nec
1127 4320 1278 4398 credere
1295 4320 1468 4397 content'a
1482 4319 1522 4395 in

111 4449 220 4524 dictis
239 4448 403 4526 articulis
423 4477 502 4526 esse
521 4479 616 4527 vera.
1224 4460 1226 4464 ⁸
1448 4458 1452 4465 ’

165 4579 276 4665 Item,
294 4579 495 4685 requisitus
509 4610 622 4687 super
637 4608 829 4661 naussum
850 4581 1029 4675 articulis,
1052 4585 1157 4689 qnod
1176 4609 1333 4688 magnus
1350 4579 1524 4687 Magister

108 4724 235 4813 posset
261 4707 450 4786 absolvere
471 4739 490 4786 a
510 4713 684 4816 peccatis,
706 4712 900 4819 respondit
919 4742 958 4790 se
978 4713 1094 4789 nichil
1113 4713 1225 4799 scire,
1251 4740 1320 4788 nec
1339 4709 1522 4789 audivisse

61 4934 63 4937 Ι
111 4838 199 4925 dici,
223 4867 291 4915 nec
311 4842 463 4917 credere
489 4858 661 4921 contenta
680 4842 721 4919 in
741 4843 849 4920 dictis
869 4844 1037 4923 articulis
1058 4872 1136 4922 esse
1155 4871 1252 4920 vera.
1350 4878 1353 4883 ·

193 4971 297 5038 »noers
310 4996 363 5039 oss
374 4997 628 5042 renarrans-1.
1356 4976 1396 5038 28
