4080 6052
305 540 378 614 sao
689 518 887 608 Procas
911 533 1005 606 nes
1032 533 1332 606 rnupmans.

302 712 390 759 eum
414 705 545 757 vovere
570 694 607 753 et
624 677 759 783 jurare>
775 701 887 782 super
907 673 1109 780 quemdam
1136 673 1277 753 librum
1298 686 1474 780 apertum
1499 667 1725 755 castitatem,

303 809 584 895 obedienciam,
611 807 731 883 vivere
753 806 833 883 sine
852 805 1026 912 proprio,
1053 820 1092 880 et
1112 832 1258 884 servare
1282 804 1407 882 bonos
1431 826 1528 876 usus
1555 815 1595 874 et
1619 797 1728 874 bonas

304 939 598 1020 consuetudines
618 938 782 1028 ordinis,
800 954 837 1014 et
855 936 961 1043 quod
981 962 1057 1012 nou
1077 953 1175 1013 esset
1195 935 1235 1013 in
1250 935 1335 1013 loco
1350 934 1389 1010 in
1410 960 1493 1039 quo
1513 928 1649 1035 aliquis
1667 957 1724 1004 ex-

305 1071 550 1149 heredaretur
564 1067 703 1174 injuste
718 1096 788 1144 nec
804 1068 842 1143 in
862 1095 938 1173 quo
958 1063 1066 1143 fieret
1084 1066 1220 1145 salsum
1231 1065 1444 1174 judicium,
1466 1079 1509 1139 et
1530 1060 1637 1168 quod
1653 1087 1722 1136 non

306 1201 515 1307 acquireret
530 1196 654 1274 ordini
674 1197 714 1274 in
735 1196 946 1304 prejudicio
966 1194 1138 1287 alterius,
1163 1213 1201 1272 et
1219 1196 1323 1302 quod
1344 1223 1424 1271 uon
1445 1207 1616 1299 portaret
1635 1188 1727 1266 litte·

306 1361 364 1409 ras
385 1331 525 1406 clausas
554 1326 710 1435 alicujus
730 1327 905 1405 secularis
930 1326 1088 1439 quarum
1112 1343 1285 1405 tenorem
1309 1326 1519 1432 ignoraret.
1548 1324 1726 1427 Postque

306 1461 487 1567 imposuit
509 1476 546 1535 et
565 1457 743 1536 affiblavit
762 1459 796 1535 ei
820 1457 1044 1535 mantellum
1064 1487 1109 1535 ex
1132 1457 1351 1537 auctoritate
1375 1454 1548 1562 Magistri
1571 1453 1724 1540 ordinis,

308 1593 355 1669 ad
376 1594 560 1701 b‘onorem
580 1589 650 1664 Dei
671 1604 709 1664 et
731 1587 840 1667 beate
867 1588 1003 1677 Marie3
1028 1588 1165 1695 etipse
1189 1604 1226 1664 et
1243 1587 1375 1664 fratres
1393 1600 1559 1663 astantes
1577 1582 1724 1660 fuerunt

308 1725 432 1828 ipsum
453 1718 607 1797 osculati
634 1718 673 1794 in
699 1745 776 1795 ore.
804 1717 891 1810 Quo
908 1717 1025 1807 lacto,
1050 1718 1142 1795 dixit
1163 1717 1198 1796 ei
1222 1716 1344 1825 quod,
1368 1716 1398 1793 si
1431 1715 1563 1821 aliquis
1581 1730 1722 1819 peteret

309 1855 355 1930 ab
374 1881 419 1929 eo
438 1851 590 1957 quando
615 1866 724 1926 natus
745 1847 881 1936 fuerat,
907 1849 1154 1956 responderet
1172 1848 1277 1955 quod
1301 1848 1401 1926 dicta
1423 1847 1487 1923 die
1504 1844 1724 1951 recepcionis

309 2013 393 2074 sue,
414 1982 501 2088 quia
518 2011 561 2057 ea
576 1980 637 2056 die
657 1979 860 2087 reliquerat
875 1978 1063 2057 mundum
1080 1997 1118 2056 et
1136 1979 1326 2087 ingressus
1344 1977 1471 2056 fuerat
1489 1975 1725 2082 religionem

310 2132 348 2190 et
365 2111 538 2187 instruxit
556 2109 647 2185 eum
660 2127 754 2215 quot
772 2111 882 2187 Pater
899 2127 1013 2188 noster
1030 2108 1172 2186 diceret
1186 2137 1254 2217 pro
1269 2109 1375 2186 boris
1394 2109 1492 2194 suis,
1517 2124 1557 2183 et
1575 2104 1728 2213 qualiter

309 2260 456 2348 regeret
479 2268 518 2317 se
540 2240 577 2315 in
600 2239 749 2330 ordine,
777 2256 814 2314 et
838 2241 941 2344 quod
957 2241 1100 2347 jaceret
1121 2269 1206 2316 cum
1231 2238 1359 2348 caligis
1383 2256 1422 2315 et
1446 2238 1584 2344 pannis
1604 2236 1726 2324 lineis,

309 2400 384 2448 una
400 2369 556 2449 cordula
568 2369 711 2445 cinctus
730 2397 842 2473 quam
857 2385 1115 2474 preparaverat
1134 2370 1213 2474 ipse
1230 2370 1346 2447 testis.
1369 2369 1625 2445 Postmodum
1643 2366 1729 2443 dixit
1772 2452 1775 2459 ,

311 2502 344 2578 ei
359 2501 520 2592 ibidem,
539 2517 576 2576 et
595 2499 634 2574 in
649 2499 841 2604 presencia
856 2499 1134 2605 predictorum,
1154 2502 1258 2607 quod
1278 2501 1485 2608 abnegaret
1501 2499 1679 2585 lbesum3
1695 2512 1731 2573 et

311 2662 395 2709 cum
418 2632 496 2737 ipse
516 2630 622 2707 testis
636 2629 798 2705 multum
813 2630 1026 2718 restitisset,
1048 2627 1221 2719 finaliter,
1237 2629 1369 2708 audito
1383 2660 1402 2706 a
1421 2630 1528 2708 dicto
1542 2643 1728 2735 receptore

311 2762 416 2869 quod
436 2762 509 2838 hoc
530 2759 692 2837 debebat
712 2759 793 2836 fieri
816 2759 1026 2871 secundnm
1047 2760 1359 2839 consuetudinem
1384 2761 1554 2850 ordinis,
1576 2760 1725 2866 abnega-

311 2895 362 2970 vit
378 2895 533 2970 Jbesum
553 2921 617 2969 ore
636 2920 713 2969 non
727 2891 859 2983 corde,
879 2908 923 2968 ut
943 2892 1047 2969 dixit.
1065 2893 1213 2970 Deinde
1229 2892 1396 3000 precepit
1410 2893 1448 2970 ei
1462 2893 1571 2999 quod
1584 2907 1726 2998 spueret

312 3051 426 3127 super
449 3022 651 3126 quamdam
675 3050 825 3098 crucem
845 3020 1027 3128 ligneam,
1051 3021 1185 3099 factam
1211 3024 1257 3099 de
1278 3022 1446 3128 quodam
1470 3023 1607 3101 bac‘ulo
1627 3021 1727 3110 lisso,

312 3150 455 3226 ibidem
480 3151 658 3254 positam,
689 3152 818 3226 dicens
844 3151 967 3255 quod,
994 3153 1204 3229 secundum
1234 3153 1371 3229 dictam
1394 3154 1727 3236 consuetudinem,

312 3282 385 3358 hoc
408 3310 494 3356 eum
517 3278 636 3355 facere
660 3281 874 3384 oportebat,
899 3282 987 3386 quia
1007 3312 1139 3361 omnes
1158 3285 1220 3360 alii
1242 3287 1289 3360 de
1311 3284 1445 3360 ordine
1470 3283 1674 3371 faciebant;
1697 3301 1730 3358 et

312 3431 401 3488 tunc
424 3414 502 3517 ipse
526 3412 630 3488 testis
650 3412 751 3517 spuit
771 3441 846 3488 non
873 3440 982 3516 supra
1003 3418 1070 3491 sed
1089 3417 1194 3522 juxta
1216 3416 1353 3491 dictam
1380 3445 1535 3492 crucem.
1562 3417 1731 3490 Postmo-

313 3545 404 3619 dum
419 3543 511 3618 dixit
525 3541 558 3617 ei
578 3543 697 3647 quod,
716 3543 745 3618 si
764 3543 919 3620 haberet
933 3545 1094 3621 calorem
1111 3546 1340 3636 naturalem,
1361 3563 1498 3652 poterat
1513 3543 1724 3648 refrigerari

314 3691 350 3747 et
371 3673 566 3748 carnaliter
586 3673 818 3749 commisceri
838 3704 922 3750 cum
943 3672 1119 3753 fratribus
1141 3677 1300 3768 ordiniS,
1324 3696 1362 3754 et
1379 3678 1445 3782 ipsi
1462 3705 1546 3751 cum
1571 3703 1637 3763 eo,
1655 3676 1728 3750 boc

313 3821 438 3879 tamen
452 3831 528 3879 non
542 3803 644 3891 lecit,
666 3834 734 3879 nec
755 3805 873 3881 credit
888 3807 989 3910 quod
1012 3807 1050 3882 in
1067 3808 1199 3884 ordine
1220 3809 1339 3884 lieret.
1361 3810 1473 3897 ltem,
1494 3807 1586 3883 dixit
1606 3808 1729 3882 llendo

314 3929 417 4040 quod
435 3935 522 4009 alias
538 3934 727 4011 consessus
744 3935 879 4022 luerat,
902 3954 1007 4014 metu
1019 3954 1312 4029 tormentorum,
1334 3969 1372 4016 se
1392 3939 1508 4016 luisse
1526 3938 1728 4016 osculatum

315 4065 457 4140 dictum
478 4083 708 4170 receptorem
731 4066 769 4140 in
790 4085 935 4156 ventre,
955 4071 1059 4174 quod
1075 4087 1200 4146 tamen
1222 4100 1297 4145 non
1316 4069 1437 4147 fuerat
1453 4100 1605 4160 vernm3
1622 4099 1729 4175 quam

314 4223 401 4271 eum
428 4195 474 4270 de
502 4196 573 4272 boc
601 4225 666 4272 sua
694 4198 924 4273 consciencia
949 4200 1205 4289 remordebat3
1237 4202 1304 4278 sed
1326 4204 1497 4306 predicta
1526 4201 1731 4307 dequibus

314 4353 425 4428 supra
446 4325 619 4430 deposuit
634 4344 737 4402 erant
757 4356 858 4411 vera,
881 4345 922 4403 ut
945 4329 1048 4404 dixit.
1078 4331 1207 4408 Credit
1228 4331 1331 4437 quod
1354 4335 1570 4408 sacerdotes
1594 4332 1731 4408 ordinis

316 4454 440 4530 debite
461 4455 710 4546 celebrarent,
732 4474 769 4531 et
788 4459 890 4562 quod
910 4456 1041 4536 fratres
1056 4462 1117 4535 alii
1135 4463 1331 4539 crederent
1345 4463 1607 4539 ecclesiasticis
1623 4490 1733 4537 sacra·

316 4585 469 4672 mentis,
495 4586 631 4691 quibus
656 4587 732 4690 ipse
760 4587 948 4692 credebat.
981 4590 1184 4668 Dicebatur
1204 4595 1259 4668 eis
1289 4593 1392 4699 quod
1423 4593 1569 4700 absque
1592 4621 1732 4670 excom·

317 4714 572 4790 municacione
590 4745 665 4817 non
681 4735 852 4821 poterant
868 4719 994 4824 egredi
1011 4720 1057 4797 de
1077 4723 1220 4800 ordine.
1244 4724 1486 4802 Clandestine
1504 4724 1731 4830 recipieban-

315 4860 388 4931 tur,
412 4869 453 4915 ex
469 4870 544 4945 quo
565 4846 683 4920 credit
704 4848 808 4950 quod
830 4848 992 4954 aliquam
1019 4851 1200 4929 baberent
1222 4855 1473 4958 suspicionem
1498 4873 1632 4932 contra
1660 4881 1723 4936 eos,
