4080 6052
309 546 381 622 sur
697 516 892 612 procus
918 535 1013 607 uus
1040 468 1339 605 revinces.

307 715 376 793 per
398 684 577 763 eumdem
597 679 772 771 modum,
795 694 833 754 et
851 674 957 783 quod
976 672 1174 753 crederent
1195 670 1456 750 ecclesiasticis
1473 672 1741 764 sacramentis,

310 835 347 895 et
366 814 472 923 quod
489 840 622 890 eorum
641 808 852 888 sacerdotes
865 804 993 883 debite
1008 802 1258 894 celebrarent,
1282 801 1417 908 etipse
1437 800 1540 880 bene
1559 801 1742 881 credebat

311 946 420 1022 dictis
448 936 697 1019 sacramentis.
726 936 880 1015 Audivit
903 935 977 1011 dici
997 932 1104 1042 quod
1121 948 1362 1040 preceptores
1391 930 1476 1009 laici
1493 930 1737 1011 absolvebant

311 1105 333 1150 a
345 1072 464 1180 penis.
476 1069 619 1149 Juravit
629 1067 803 1146 ordinem
821 1093 899 1142 non
916 1063 1032 1151 exire,
1054 1079 1094 1141 et
1112 1060 1235 1141 credit
1254 1061 1360 1169 quod
1376 1061 1440 1139 alii
1455 1061 1648 1170 jurarent3
1667 1064 1736 1141 sed

312 1232 388 1281 non
405 1202 500 1278 vidit
518 1198 635 1277 alium
646 1198 773 1305 recipi.
788 1195 1030 1275 Clandestine
1044 1192 1335 1298 recipiebantur,
1352 1221 1487 1299 exque
1503 1192 1737 1301 creditquod

313 1349 410 1411 esset
436 1330 598 1437 suspicio
639 1344 769 1406 contra
801 1355 879 1405 eos.
906 1326 990 1403 Non
1025 1323 1146 1401 credit
1168 1321 1276 1430 quod
1298 1322 1497 1401 carnaliter
1522 1324 1739 1403 commisce

314 1478 460 1548 rentur,
492 1487 563 1536 nec
582 1455 687 1563 quod
706 1455 780 1533 boc
803 1455 993 1535 diceretur
1012 1452 1173 1545 eisdem,
1199 1479 1269 1529 nec
1287 1452 1393 1558 quod
1412 1452 1606 1531 haberent
1622 1455 1739 1560 capite

314 1591 530 1700 ydolorum,
547 1616 618 1665 nec
630 1584 736 1693 quod
749 1585 918 1674 cordule,
931 1613 1019 1661 cum
1031 1582 1171 1691 quibus
1182 1582 1428 1692 cingebantur
1441 1612 1560 1690 supra
1572 1580 1737 1663 camisias

316 1751 402 1799 cum
428 1719 568 1825 quibus
590 1715 782 1823 jacebant,
800 1731 997 1821 tangerent
1017 1713 1116 1791 dicta
1143 1712 1273 1819 capita.
1294 1713 1366 1790 Per
1383 1732 1658 1791 sacramentum
1678 1714 1737 1791 in-

311 1849 540 1959 jungebatur
551 1847 655 1954 quod
673 1874 750 1922 non
770 1844 979 1923 revelarent
997 1861 1139 1923 secreta
1158 1841 1409 1949 capitulorum
1424 1870 1497 1920 nec
1511 1844 1674 1923 modum
1686 1872 1739 1922 re

317 1979 523 2087 cepcionis3
539 1976 570 2054 si
585 1975 827 2066 revelassent,
844 1974 963 2053 credit
976 1974 1083 2081 quod
1096 1973 1221 2081 puniti
1235 1971 1409 2063 luissent;
1423 1972 1569 2080 absque
1588 1973 1743 2053 licencia

318 2138 395 2188 non
425 2124 599 2214 poterant
628 2105 699 2183 nisi
729 2103 906 2183 fratribus
934 2102 1078 2182 ordinis
1104 2102 1287 2182 confiteri.
1309 2102 1553 2212 Negligentes
1568 2104 1741 2193 riserunt,

318 2238 407 2345 quia
428 2265 506 2314 non
525 2250 768 2313 correxerunt
784 2263 935 2313 errores
960 2262 1029 2313 nec
1047 2233 1368 2312 denunciaverunt
1386 2234 1568 2313 Ecclesie.
1591 2235 1743 2315 Audivit

321 2369 395 2446 dici
415 2365 521 2474 quod
544 2365 774 2445 eleemosine
799 2381 837 2444 et
855 2364 1088 2472 hospitalitas
1105 2364 1145 2441 in
1161 2366 1295 2443 ordine
1319 2363 1470 2443 luerent
1487 2367 1682 2456 restricte,
1707 2387 1745 2447 et

319 2497 425 2604 quod
450 2524 584 2574 eorum
623 2495 797 2603 capitulis
824 2495 921 2573 clam
951 2494 1190 2573 tenebantur.
1215 2495 1349 2573 Credit
1374 2495 1482 2603 quod
1515 2513 1625 2577 totus
1652 2499 1744 2577 ordo

321 2643 499 2705 servasset
521 2624 628 2734 quod
654 2654 813 2733 magnus
831 2627 1009 2734 Magister
1029 2654 1116 2705 cum
1136 2642 1323 2704 conventu
1344 2627 1557 2719 statuisset,
1581 2646 1623 2709 et
1642 2630 1743 2737 quod

320 2759 476 2869 grandia
494 2756 665 2835 scandala
681 2773 813 2833 contra
830 2754 1005 2833 ordinem
1028 2771 1119 2833 sunt
1135 2773 1282 2846 exorta,
1305 2757 1409 2864 quod
1431 2784 1583 2837 errores
1601 2758 1742 2837 coufes-

321 2889 390 2965 sati
417 2917 487 2994 per
508 2917 600 2965 eum
622 2902 751 2965 essent
778 2887 858 2964 uoti
881 2884 1061 2965 fratribus
1086 2886 1233 2965 ordinis
1259 2887 1327 2965 sed
1352 2915 1429 2966 non
1458 2887 1561 2981 aliis,
1577 2905 1616 2966 et
1636 2890 1742 2996 quod

324 3045 482 3125 magnus
495 3016 670 3122 Magister
689 3033 728 3093 et
744 3015 808 3092 alii
825 3015 972 3123 aliquos
984 3042 1129 3094 errores
1143 3015 1302 3094 confessi
1317 3017 1394 3095 sint
1404 3033 1538 3095 oontm
1554 3017 1741 3107 ordinem,
1820 3077 1825 3091 .

324 3146 372 3222 ad
397 3147 505 3252 cujus
533 3145 804 3223 deffensionem
831 3175 870 3223 se
895 3145 1105 3234 obtulerat,
1130 3147 1199 3224 sed
1220 3149 1465 3254 postmodum
1495 3149 1745 3228 incontinenti

324 3305 363 3353 se
388 3294 601 3353 retraxerat.

380 3406 594 3514 Requisitus
613 3408 643 3483 si
665 3408 717 3483 sic
739 3408 963 3510 deposuerat
983 3437 1113 3514 prece,
1136 3427 1331 3515 precepto,
1349 3412 1502 3496 timore,
1522 3412 1579 3487 vel
1594 3439 1739 3496 amore,

324 3537 379 3611 vel
414 3537 522 3623 odio,
556 3536 614 3612 vel
647 3537 809 3612 comodo
837 3538 1036 3643 temporali
1070 3538 1199 3616 habito
1225 3539 1284 3615 vel
1314 3539 1505 3629 habendo,
1542 3541 1742 3646 rospondit

324 3666 426 3772 quod
450 3695 545 3756 non,
567 3665 634 3741 sed
661 3694 729 3770 pro
748 3667 901 3744 veritate
924 3669 1093 3746 dicenda.
1117 3671 1187 3747 Cui
1208 3669 1280 3747 luit
1307 3671 1517 3777 injunctum
1542 3671 1649 3776 quod
1666 3698 1743 3747 nou

324 3798 506 3875 revelaret
531 3797 626 3872 banc
653 3825 760 3872 suam
793 3797 1073 3902 deposicionem
1101 3826 1299 3906 quousque
1325 3802 1585 3878 attestaciones
1604 3800 1747 3877 fuerint

322 3927 523 4033 publicare.
545 3927 658 4013 Item,
675 3926 767 4002 dixit
785 3930 891 4032 quod
911 3930 958 4006 de
984 3931 1161 4035 predictis
1175 3931 1367 4009 erroribus
1385 3932 1467 4024 fuit,
1487 3933 1624 4009 eadem
1644 3933 1748 4039 septi·

325 4081 453 4144 mana,
465 4056 657 4134 confessus
673 4055 775 4134 fratri
789 4058 989 4165 Radulpho
1010 4062 1216 4168 Lotoringo
1232 4061 1450 4170 presbytero
1471 4062 1573 4140 dicte
1594 4062 1746 4146 domus,

326 4205 363 4263 et
382 4187 577 4265 absolutus
598 4215 665 4292 per
683 4215 791 4277 eum,
814 4188 981 4295 injuncta
1002 4191 1035 4266 ei
1058 4191 1280 4296 penitencia
1301 4193 1405 4297 quod
1425 4193 1622 4301 jejunaret
1640 4192 1745 4269 certis

329 4316 479 4404 diebus,
493 4346 569 4393 non
591 4318 723 4395 recolit
738 4336 844 4424 quot.

383 4448 473 4523 Acta
493 4447 647 4525 fuerunt
661 4450 731 4526 hec
752 4449 861 4527 dictis
883 4450 943 4526 die
965 4468 1002 4528 et
1021 4451 1121 4543 loco,
1135 4455 1372 4559 presentibus
1392 4456 1571 4562 magistro
1591 4455 1746 4537 Amisia,

328 4604 387 4650 me
416 4576 672 4656 Floriamonte
688 4580 904 4669 Dondedei,
923 4598 961 4658 et
976 4581 1059 4660 aliis
1073 4585 1228 4662 notariis
1245 4615 1355 4691 supra
1373 4584 1509 4662 ultimo
1530 4585 1745 4662 nominatis.

385 4803 560 4926 l’osthec,
571 4838 632 4914 die
640 4840 764 4919 Sabati
775 4847 961 4950 sequenti,
971 4872 1045 4951 que
1054 4843 1193 4923 luitxur
1201 4847 1283 4923 dies
1291 4847 1379 4923 dicti
1392 4846 1741 4932 mensisFebruarii,
