4080 6052
535 522 609 599 ssa
922 508 1119 601 Pnocts
1146 527 1240 598 uus
1266 524 1571 597 rennuens.

533 685 606 756 tur,
629 651 789 772 postque
807 669 973 774 precepit
993 668 1027 745 ei
1045 667 1149 775 quod
1165 682 1318 771 spueret
1337 692 1451 769 super
1469 664 1671 771 quamdam
1692 691 1843 740 crucem
1859 681 1958 742 vete-

534 824 627 885 rem,
638 795 813 903 ligneam,
825 825 990 902 parvam,
1002 798 1236 904 pictamque
1249 812 1327 877 erat
1336 823 1451 901 super
1460 793 1651 900 quoddam
1662 820 1860 871 scamnum
1873 811 1958 871 ante

535 955 616 1015 eos,
631 927 749 1004 nescit
762 955 831 1032 per
852 956 968 1035 quem
983 928 1149 1016 allatam,
1174 943 1211 1004 et
1227 925 1307 1031 ipse
1321 925 1421 1031 spuit
1438 952 1513 1002 non
1528 942 1642 1031 s'uper
1653 922 1721 1001 sed
1728 923 1838 1031 juxta
1856 951 1955 1010 eam,

535 1056 623 1162 quia
649 1055 743 1132 dixit
773 1057 1029 1134 thesaurarius
1053 1056 1157 1164 quod
1189 1054 1386 1161 oportebat
1407 1052 1565 1132 obedire
1587 1081 1688 1133 eum.
1709 1053 1956 1132 Postmodum

531 1184 700 1291 precepit
717 1185 752 1262 ei
770 1186 878 1291 quod
897 1185 1099 1292 abnegaret
1111 1185 1256 1278 Deum,
1275 1200 1313 1261 et
1331 1184 1478 1290 negavit
1504 1211 1586 1272 ore,
1615 1211 1691 1263 non
1712 1182 1844 1272 corde,
1870 1183 1956 1289 quia

537 1332 641 1397 estet
657 1344 807 1422 semper
818 1315 891 1393 luit
909 1316 1035 1395 bonus
1043 1315 1294 1406 Christianus,
1317 1331 1361 1392 ut
1375 1314 1484 1400 dixit,
1501 1330 1540 1390 et
1548 1313 1657 1391 valde
1675 1312 1803 1413 doluit
1816 1312 1865 1391 de
1882 1341 1958 1418 pre

538 1443 664 1532 dictis,
687 1461 724 1521 et
742 1445 859 1551 magis
877 1446 1058 1523 voluisset
1079 1445 1212 1522 eadem
1232 1443 1293 1523 die
1312 1443 1489 1522 habuisse
1508 1443 1642 1521 tibiam
1660 1441 1956 1583 fractam-[fam

536 1573 624 1678 quia
643 1572 781 1649 lecerat
797 1601 909 1680 supra
926 1575 1039 1666 dieta,
1067 1591 1103 1651 et
1127 1572 1312 1652 noluisset
1333 1590 1425 1650 tunc
1448 1600 1617 1677 unquam
1641 1570 1780 1650 vidisse
1805 1574 1875 1649 nec
1896 1599 1958 1647 co·

535 1701 705 1809 gnovisse
729 1701 893 1808 aliquem
923 1704 971 1780 de
991 1703 1233 1809 Templariis‚
1255 1719 1293 1780 et
1312 1703 1437 1779 adhuc
1455 1701 1568 1779 vellet
1584 1702 1699 1777 idem.
1722 1700 1818 1779 Dixit
1837 1702 1955 1777 eciam

536 1829 642 1936 quod
661 1831 750 1908 dicti
767 1832 1021 1910 thesaurarius
1036 1850 1075 1910 et
1090 1832 1275 1938 presbiter
1288 1831 1444 1910 luerunt
1458 1859 1548 1908 eum
1562 1831 1718 1909 osculati
1732 1847 1817 1937 post
1829 1857 1958 1936 recep-

537 1960 685 2039 cionem
705 1960 744 2036 in
764 1989 846 2054 ore,
868 1978 905 2037 ct
927 1961 1020 2039 dixit
1044 1963 1078 2040 ei
1105 1962 1226 2041 dictus
1251 1960 1507 2039 thesaurarius
1531 1961 1635 2067 quod
1660 1959 1827 2037 debebat
1846 1987 1958 2066 super

539 2088 728 2189 camisiam
755 2118 860 2166 suam
885 2106 1034 2195 portare
1053 2090 1257 2196 quamdam
1281 2090 1497 2182 cordulam
1519 2088 1685 2196 aliaque
1706 2106 1955 2194 posseutesse

540 2216 740 2295 inhonesta
751 2247 829 2296 non
850 2218 983 2328 recolit
1002 2220 1243 2299 intervenisse
1264 2221 1303 2297 in
1324 2249 1391 2298 sua
1410 2223 1646 2325 recepcione,
1674 2236 1717 2295 ut
1736 2218 1842 2295 dixit.

595 2348 706 2438 Item,
723 2349 783 2463 de·
794 2351 978 2429 contentis
991 2351 1030 2427 in
1047 2356 1094 2429 v¹⁰
1114 2368 1152 2428 et
1169 2376 1282 2446 xrvru
1299 2350 1546 2458 sequentibus
1565 2348 1762 2453 respondit
1780 2348 1880 2426 ultra
1899 2348 1956 2425 illa

539 2502 615 2583 que
634 2505 747 2585 supra
767 2479 860 2556 dixit
877 2508 917 2557 se
939 2480 1056 2559 nichil
1073 2481 1183 2575 scire,
1210 2456 1283 2561 hoc
1308 2496 1460 2585 excepto
1485 2479 1591 2587 quod
1612 2479 1690 2585 ipse
1710 2477 1813 2555 bene
1833 2478 1957 2556 crede·

538 2603 602 2682 bat
620 2608 860 2687 sacramentis
881 2587 1020 2701 altaris}
1043 2626 1081 2687 et
1099 2609 1218 2687 credit
1236 2607 1343 2716 quod
1361 2608 1422 2685 alii
1442 2608 1654 2699 crederent,
1676 2606 1796 2701 eciam
1812 2607 1877 2686 ille
1895 2606 1958 2721 qui

540 2738 680 2843 recepit
697 2767 801 2827 eum,
822 2766 891 2814 uec
910 2739 1030 2821 credit
1048 2727 1153 2846 quod
1172 2726 1347 2848 Magister
1366 2755 1403 2815 et
1419 2739 1481 2816 alii
1495 2737 1587 2846 layci
1603 2755 1760 2852 possent
1769 2737 1956 2814 absolvere

541 2866 744 2967 apeccatis.

597 2993 709 3085 Item,
736 3014 909 3074 contenta
928 2999 976 3083 ¹in
1001 3027 1125 3076 xxxuu
1152 3017 1190 3076 et
1217 2999 1387 3106 quinque
1419 2997 1665 3104 sequentihus
1694 2996 1887 3105 respondit
1916 3025 1954 3072 se

541 3121 694 3198 credere
718 3146 920 3217 veraesse,
942 3129 1009 3204 sed
1028 3129 1217 3207 nesciebat
1235 3130 1266 3207 si
1286 3128 1447 3236 suspicio
1472 3128 1568 3207 mala
1595 3146 1674 3207 erat
1706 3145 1834 3207 contra
1861 3126 1958 3205 ordi·

543 3276 631 3336 nem
651 3270 804 3358 propter
822 3256 1001 3359 predicta.

596 3381 713 3471 Item,
733 3411 847 3489 super
875 3385 1059 3461 contentis
1083 3386 1121 3461 in
1149 3414 1194 3463 xx
1222 3403 1259 3461 et
1284 3402 1410 3463 xx11110'
1430 3386 1677 3494 sequentibus
1702 3386 1895 3490 respondit
1917 3414 1956 3460 se
2010 3469 2017 3487 ‚

543 3509 638 3586 ultra
667 3540 740 3618 que
766 3513 951 3620 *deposuit
982 3515 1098 3591 nichil
1132 3516 1240 3608 scire,
1268 3518 1339 3592 hoc
1365 3534 1517 3622 excepto
1549 3517 1656 3621 quod
1678 3517 1714 3591 in
1738 3513 1956 3619 recepcione

543 3639 624 3745 ejus
648 3639 718 3716 suit
744 3643 886 3718 dictum
908 3673 976 3750 per
1005 3663 1239 3751 receptorem
1261 3647 1366 3752 quod
1391 3646 1543 3752 quando
1566 3644 1677 3752 probi
1703 3643 1876 3721 homines
1904 3672 1958 3718 or·

543 3770 641 3847 dinis
660 3771 829 3848 venirent
852 3790 889 3849 et
914 3793 1081 3853 carerent
1104 3776 1224 3868 lectis,
1250 3776 1354 3882 quod
1378 3777 1560 3882 reciperet
1579 3804 1644 3853 eos
1663 3775 1760 3867 bene
1783 3792 1823 3851 et
1842 3775 1958 3851 curia-

542 3901 629 3977 liter
647 3901 686 3976 in
707 3900 803 3978 lecto
824 3932 903 3978 suo.

599 4032 709 4120 Item,
736 4060 850 4138 super
874 4035 1056 4111 contentis
1081 4035 1120 4111 in
1145 4062 1216 4116 cxv
1247 4052 1285 4112 et
1315 4061 1398 4112 xxxx
1424 4034 1670 4142 sequentibus
1700 4033 1898 4140 respondit
1918 4015 1955 4109 'se

543 4160 657 4236 nichil
678 4160 769 4237 scire
792 4161 890 4239 ultra
910 4164 972 4239 illa
993 4193 1066 4270 que
1083 4193 1196 4271 supra
1216 4164 1406 4270 deposuit,
1428 4165 1496 4242 sed
1522 4192 1590 4270 per
1614 4182 1891 4241 sacramentum
1907 4163 1957 4238 in·

538 4289 768 4396 jungebatur
788 4293 841 4368 eis
858 4294 962 4399 quod
991 4323 1067 4371 uon
1097 4294 1306 4372 revelarent
1335 4311 1476 4370 secreta
1509 4294 1669 4386 ordinis3
1694 4294 1816 4371 nescit
1838 4310 1955 4370 taxum

544 4419 704 4524 qualiter
722 4422 844 4528 puniti
867 4422 1023 4500 luissent
1042 4424 1072 4500 si
1092 4424 1328 4513 revelassent,
1351 4452 1420 4501 nec
1446 4423 1723 4501 confitebantur
1746 4422 1829 4501 sine
1851 4422 1957 4499 licen·

543 4551 613 4639 cia,
636 4550 705 4626 nisi
721 4551 896 4629 fratribus
917 4553 1074 4646 ordinis,
1098 4571 1135 4630 et
1153 4555 1361 4661 prudenter
1380 4553 1544 4660 egissent
1559 4554 1588 4630 si
1609 4554 1778 4659 predicta
1789 4552 1956 4631 correrio

545 4696 627 4752 sent
647 4696 684 4752 et
702 4680 865 4758 Ecclesia
886 4685 1182 4763 denunciassent.

601 4807 711 4895 ltem,
739 4807 785 4883 ad
808 4837 901 4888 xcvu
925 4815 1120 4920 respondit
1146 4815 1252 4922 quod
1278 4814 1496 4893 ellemosine
1523 4813 1716 4922 generales
1741 4810 1880 4892 liebant
1901 4828 1955 4886 ter
