4080 6052
408 471 416 493 ⁸
496 519 812 611 events-ors
838 533 1141 608 reuertens.
1450 528 1523 600 ns

108 701 184 758 tres
205 681 292 757 dicti
309 679 466 768 ordinis,
481 698 520 757 et
533 707 714 786 responso
725 670 762 754 ei
774 670 916 784 pluries
937 679 1041 784 quod
1062 677 1160 753 bene
1172 672 1421 758 deliberaret,
1436 672 1525 776 quia

109 812 287 918 grandem
316 836 397 885 rem
422 810 589 915 petebat,
616 827 654 886 et
675 808 785 916 -quod
810 826 1001 914 oporteret
1030 835 1117 883 eum
1145 804 1318 880 abdicare
1340 830 1360 877 a
1385 827 1424 875 se
1439 826 1526 904 pro-

109 942 226 1046 priam
246 941 494 1032 voluntatem‚
516 957 554 1016 et
577 939 696 1015 multa
713 939 807 1014 dura
830 955 867 1014 et
882 964 1009 1043 aspera
1029 937 1229 1020 sustinere,
1260 930 1399 1035 etipse
1421 929 1526 1004 testis

110 1071 262 1146 dixisset
276 1071 380 1175 quod
399 1070 526 1146 omnia
551 1071 768 1159 sustineret,
797 1068 958 1147 [inoliter
979 1067 1066 1144 fecit
1085 1094 1174 1142 eum
1191 1088 1322 1138 vovere
1343 1077 1381 1135 et
1397 1059 1525 1164 jurare

110 1199 580 1306 supraquemdamlibrnm
595 1201 820 1306 castitatem,
837 1198 1116 1286 obedienciam,
1135 1196 1257 1270 vivere
1265 1191 1346 1267 sine
1356 1188 1524 1296 proprio,

110 1359 253 1406 servare
271 1328 392 1405 bonos
407 1358 498 1406 usus
518 1349 556 1407 et
577 1330 695 1407 bonas
717 1328 1008 1406 consuetudines
1023 1326 1184 1416 ordinis,
1210 1342 1247 1399 et
1264 1348 1341 1397 non
1353 1318 1526 1397 ¹revelare

110 1477 250 1535 secreta
274 1459 540 1563 capitulorum,
559 1461 675 1536 eciam
696 1459 772 1536 illis
793 1458 970 1535 iratribus
985 1460 1049 1563 qui
1074 1483 1149 1532 non
1170 1453 1378 1529 adfuissent
1396 1449 1435 1523 in
1455 1449 1525 1527 eis.

110 1605 146 1663 et
164 1589 267 1694 quod
281 1617 348 1692 pro
364 1616 472 1693 posse
488 1618 558 1666 suo
569 1591 716 1695 juvaret
730 1590 778 1665 ad
793 1587 1064 1694 accptirendum
1077 1590 1230 1662 Terram
1246 1580 1429 1659 Sanctam.
1442 1580 1528 1653 Post

108 1740 182 1823 que
199 1719 305 1794 dedit
329 1718 362 1793 ei
387 1718 628 1806 mantellum,
647 1736 684 1795 et
705 1719 784 1824 ipse
802 1720 907 1795 testis
927 1718 997 1794 suit
1020 1714 1207 1792 osculatus
1228 1711 1404 1801 eumdem
1422 1735 1526 1782 rece-

109 1863 256 1951 ptorem
278 1848 315 1920 in
337 1875 401 1923 ore
417 1866 455 1922 et
470 1850 511 1922 in
527 1866 680 1951 pectore
701 1874 814 1951 super
830 1864 965 1934 vestes,
991 1864 1028 1920 et
1052 1845 1145 1919 alios
1162 1841 1293 1917 iratres
1312 1853 1472 1913 astantes
1489 1836 1525 1911 in

110 2002 186 2050 ore.
208 1950 453 2052 Postmodum
473 1977 561 2052 dicti
582 1976 715 2052 fratres
733 1975 920 2052 Antonius
935 1994 972 2051 et
993 1977 1100 2080 Hugo
1117 1974 1164 2049 de
1180 1974 1268 2048 Lau
1288 1972 1395 2045 Petra
1412 1964 1527 2040 duxe-

110 2123 198 2182 runt
213 2107 335 2211 ipsum
352 2123 487 2182 testem
502 2132 618 2212 prope
634 2107 771 2196 fontes,
791 2128 829 2183 et
849 2106 971 2183 dictus
988 2105 1173 2182 Antonius
1187 2099 1354 2206 precepit
1371 2097 1404 2173 ei
1421 2096 1527 2200 quod

109 2236 309 2341 abnegaret
330 2253 388 2311 ter
408 2237 584 2326 lbesum,
607 2237 735 2313 dicens
759 2236 864 2343 quod
882 2237 954 2313 boc
977 2252 1056 2311 erat
1074 2263 1118 2309 ex
1142 2249 1280 2308 statuto
1302 2227 1464 2310 ordinis;
1489 2241 1526 2299 et

110 2384 197 2441 tunc
210 2365 289 2470 ipse
299 2366 406 2441 testis
419 2366 611 2473 abnegavit
622 2367 845 2442 terlbesum
860 2393 925 2442 ore
941 2393 1016 2440 non
1030 2363 1158 2452 corde,
1176 2377 1215 2437 et
1229 2356 1410 2435 intellexit
1422 2355 1526 2461 quod

108 2523 176 2599 per
195 2496 351 2571 Jbesum
373 2495 623 2602 intelligerent
643 2496 732 2571 dicti
747 2495 932 2572 Antonius
954 2510 991 2569 et
1012 2495 1123 2598 Hugo
1139 2492 1296 2569 lbesum
1309 2486 1524 2571 Christum,

110 2641 147 2700 et
169 2625 246 2728 ipse
262 2627 367 2701 testis
383 2626 484 2701 idem
500 2626 660 2702 credidit
681 2643 718 2702 et
733 2624 856 2703 adhuc
873 2624 1002 2701 credit.
1024 2626 1154 2699 Postea
1171 2619 1338 2726 precepit
1354 2617 1388 2692 ei
1404 2616 1525 2691 dictus

110 2756 292 2831 Antonius
314 2773 357 2832 ut
379 2773 531 2861 spueret
547 2770 606 2832 ter
627 2784 738 2861 supra
752 2772 912 2868 terram,
935 2772 973 2832 et
993 2755 1071 2859 ipse
1092 2754 1194 2858 spuit
1210 2769 1283 2837 tem
1305 2775 1381 2824 non
1399 2764 1524 2822 tamen

110 2902 187 2960 erat
206 2884 258 2960 ibi
287 2884 409 2992 aliqua
436 2915 541 2973 crux,
569 2916 637 2963 nec
665 2887 795 2965 fuitei
824 2886 968 2964 dictum
991 2881 1284 2991 expresse-quod
1312 2895 1463 2984 spueret
1485 2877 1524 2949 in

111 3014 328 3118 despectum
350 3014 483 3102 Jhesu3
501 3033 538 3092 et
559 3017 678 3091 credit
693 3016 795 3122 quod
820 3044 951 3093 omnes
969 3016 1050 3101 alii,
1070 3015 1134 3121 qui
1152 3013 1307 3089 fuerunt
1328 3007 1466 3112 recepti
1487 3006 1524 3079 in
1563 3006 1572 3021 ⁶

110 3143 210 3219 dicto
230 3144 362 3218 ordine
383 3144 524 3249 ubique
543 3163 628 3250 post
647 3147 903 3253 recepcionem
919 3146 1088 3252 ejusdem
1105 3143 1225 3228 testis,
1243 3139 1398 3216 fecerint
1410 3135 1525 3212 abne·

109 3273 300 3377 gecionem
325 3289 363 3349 et
384 3274 616 3378 spuicionem
647 3276 847 3380 predictas,
879 3278 946 3352 sed
976 3278 1022 3352 de
1048 3272 1209 3378 illisqui
1233 3271 1299 3347 diu
1325 3283 1524 3370 antequam

109 3403 187 3506 ipse
213 3403 317 3480 testis
343 3404 499 3482 suerunt
527 3408 683 3512 recepti,
712 3434 788 3483 non
813 3407 934 3483 credit
961 3407 1064 3512 quod
1090 3408 1179 3492 hoc,
1205 3416 1357 3508 propter
1383 3395 1525 3472 multos

108 3533 247 3637 probos
263 3535 435 3610 homines
449 3537 514 3640 qui
533 3537 573 3611 in
597 3537 729 3614 ordine
749 3538 919 3625 luerunt,
944 3536 1022 3639 ipse
1043 3551 1167 3609 tameo
1183 3559 1258 3607 non
1280 3528 1399 3604 credit
1413 3526 1524 3601 fuisse

108 3663 254 3766 primus
276 3665 340 3766 qui
361 3666 528 3767 predicta
552 3666 679 3742 illicita
702 3667 842 3742 fecerit.
867 3665 991 3741 Nescit
1012 3691 1080 3739 nec
1098 3660 1238 3738 audivit
1263 3659 1335 3735 dici
1359 3685 1429 3735 nec
1444 3684 1525 3733 cre·

111 3790 166 3864 dit
186 3790 289 3894 quod
312 3788 447 3866 fierent
473 3793 807 3897 dogmatizaciones
831 3794 960 3870 illicite
983 3810 1020 3873 et
1043 3791 1224 3897 vituperia
1247 3789 1382 3876 crucis,
1411 3812 1523 3894 quam

110 3919 148 3993 in
178 3919 238 3994 die
266 3919 422 3997 Veneris
450 3939 572 3997 sancta
602 3922 733 3999 devote
762 3939 799 3999 et
827 3940 1040 4000 reverenter
1069 3920 1294 4007 adorabant3
1322 3948 1392 3996 nec
1419 3918 1525 4023 quod

110 4047 309 4147 adorarent
334 4067 476 4142 catum,
503 4080 572 4127 nec
598 4054 701 4157 quod
727 4053 856 4130 fratres
882 4054 1024 4129 ordinis
1048 4072 1173 4131 essent
1196 4049 1380 4128 increduli
1407 4048 1524 4125 eccle-

110 4179 264 4255 siasticis
290 4182 543 4271 sacramentis,
571 4184 709 4287 quibus
736 4185 814 4289 ipse
837 4184 934 4261 bene
954 4185 1148 4274 credebat,
1171 4211 1240 4259 nec
1262 4183 1365 4289 quod
1390 4206 1522 4258 eorum

109 4311 321 4385 sacerdotes
354 4329 481 4387 contra
505 4311 664 4390 sormam
695 4314 858 4391 Ecclesie
883 4315 1131 4406 celebrarent,
1160 4342 1229 4390 nec
1259 4312 1362 4418 quod
1390 4340 1522 4390 eorum

108 4437 191 4512 laici
218 4439 455 4517 absolverent
475 4442 533 4517 vel
552 4461 705 4548 possent
726 4445 916 4522 absolvere
936 4475 957 4520 a
978 4446 1153 4550 peccatis,
1175 4472 1244 4522 nec
1265 4441 1370 4549 quod
1388 4443 1526 4520 fierent

109 4568 234 4643 oscula
254 4570 324 4645 alia
339 4601 453 4676 quam
470 4572 534 4648 illa
549 4573 597 4650 de
614 4575 751 4681 quibus
766 4604 876 4681 supra
893 4576 1085 4681 deposuit,
1101 4602 1172 4652 nec
1184 4575 1290 4681 quod
1304 4574 1445 4651 crimen
1466 4601 1525 4650 so·

111 4696 332 4774 domiticum
358 4720 634 4805 perpetrarent,
668 4733 738 4782 nec
764 4705 866 4811 quod
898 4705 1066 4781 dicerent
1089 4705 1143 4782 eis
1165 4708 1236 4783 hoc
1262 4706 1425 4796 licitum,
1455 4735 1524 4782 nec

110 4828 213 4930 quod
236 4827 417 4906 haberent
440 4831 498 4907 vel
522 4833 721 4912 adorarent
745 4834 872 4943 ydola,
900 4862 971 4911 nec
993 4835 1097 4940 quod
1120 4835 1291 4926 cordule,
1318 4834 1457 4941 quibus
1481 4864 1523 4910 ex
