4080 6052
690 505 893 600 verrones
918 516 1338 604 nssrnnr‘uruss
1653 532 1726 608 aas

303 670 461 759 ordine,
480 665 688 775 specialiter
706 694 747 747 ru
766 664 866 753 dieta
882 665 1000 743 donno
1016 663 1069 745 de
1080 665 1281 774 .Soyciaeo,
1298 666 1339 745 in
1358 694 1432 774 qua
1451 682 1509 744 ter
1524 668 1565 744 in
1585 670 1730 751 bebdo-

304 801 418 879 madn
440 798 580 877 dabant
598 793 1057 904 eiemos'nnsbequentes
1076 772 1378 877 tribusimidibus
1399 824 1646 904 personarum
1671 802 1729 879 vel

307 934 419 1021 eiroe3
435 928 771 1008 olamtanebnntur
782 926 968 1035 capitulis,
980 942 1025 1003 ut
1036 927 1412 1022 audiviedteinnedit
1424 930 1531 1036 quod
1543 931 1583 1006 in
1597 930 1728 1009 ordine

307 1063 440 1140 fuisset
451 1059 756 1166 serentum-qnod
772 1086 932 1164 magnus
944 1057 1124 1167 Magister
1136 1076 1429 1139 cumoonventu
1445 1059 1670 1152 ordinasset,
1692 1081 1731 1138 et

306 1194 415 1299 quod
440 1189 611 1270 seandala
638 1205 768 1267 contre
788 1188 963 1267 ordinem
989 1186 1066 1265 sint
1090 1205 1221 1266 exorta
1249 1206 1404 1296 propter
1429 1187 1498 1266 illa
1517 1189 1564 1266 de
1592 1189 1731 1296 quibus

309 1319 432 1433 agitur
449 1340 576 1401 sonna
591 1349 697 1434 euin,
711 1317 853 1398 audivit
866 1319 957 1407 diei,
966 1317 1035 1397 sed
1050 1319 1170 1397 nescit
1181 1318 1301 1408 aliter,
1318 1336 1497 1430 magnum
1509 1319 1731 1427 Magistrum

305 1472 348 1530 et
361 1454 455 1532 alios
471 1452 616 1558 aliquos
629 1476 793 1541 errores,
810 1449 929 1526 nescit
941 1476 1054 1555 quos,
1064 1465 1197 1530 eontra
1209 1449 1384 1530 ordinem
1398 1449 1513 1529 finisse
1529 1450 1728 1532 confessos.

304 1632 307 1637 -
363 1582 577 1689 Requisitus
610 1581 641 1658 si
667 1579 722 1657 sic
752 1579 976 1687 deposuerat
1000 1607 1133 1687 prece,
1156 1599 1366 1688 -preoepto,
1396 1581 1552 1673 timore,
1583 1611 1727 1669 amore,

306 1714 413 1803 odio,
433 1713 493 1790 vel
519 1711 719 1818 temporali
749 1711 913 1790 eomodo
940 1710 1072 1789 habito
1100 1712 1159 1789 ael
1184 1713 1386 1802 babendo,
1409 1714 1606 1820 respondit
1624 1715 1732 1820 quod

305 1870 402 1933 non,
424 1844 492 1920 sed
516 1870 585 1950 pro
603 1841 758 1919 veritate
779 1841 955 1929 dicenda;
980 1841 1139 1919 enituit
1160 1842 1374 1949 injunctum
1398 1872 1468 1950 per
1488 1843 1642 1921 eosdem
1665 1844 1732 1922 do-

308 1975 431 2051 minos
445 1972 735 2060 commissarios,
758 1972 797 2047 in
810 1971 949 2047 virtute
963 1971 1108 2077 prestiti
1119 1972 1325 2080 juramenti
1342 2002 1412 2079 per
1427 1975 1608 2062 eundem,
1625 1976 1731 2082 quod
1751 2042 1755 2050 .

309 2132 385 2181 non
403 2104 586 2180 revelaret
597 2103 693 2180 bane
714 2129 820 2178 suam
837 2100 1129 2210 deposicionem,
1145 2132 1348 2211 quousque
1368 2105 1628 2184 attesteciones
1648 2105 1729 2183 fue-

309 2236 384 2314 rint
401 2234 602 2342 publicate.
639 2271 643 2279 ·
1653 2296 1657 2303 .

365 2366 455 2444 Acta
484 2364 641 2441 fuerunt
671 2364 743 2440 heo
773 2361 835 2439 (be
867 2380 906 2458 et
937 2361 1021 2440 loeo
1047 2362 1248 2468 predictis,
1278 2364 1518 2469 presentibus
1554 2366 1730 2471 magistro

308 2495 466 2584 Amisio,
487 2523 547 2570 me
564 2493 819 2571 Floriamonte
833 2491 1047 2580 Dondedei,
1064 2506 1103 2569 et
1112 2491 1200 2569 aliis
1217 2492 1372 2572 notariis
1385 2522 1499 2600 supra
1511 2493 1648 2573 ultimo
1660 2525 1730 2574 no-

308 2647 469 2706 minatis.

363 2891 452 2965 Post
476 2888 567 2973 hec,
597 2885 658 2963 die
688 2883 819 2964 Martis
846 2882 1039 2989 sequenti,
1065 2884 1107 2959 in
1134 2883 1337 3004 erastinum
1363 2883 1451 2962 desti
1474 2888 1729 2965 -conversionis

308 3019 424 3095 saneti
450 3016 572 3107 Pauli,
596 3042 671 3123 que
691 3013 765 3091 init
783 3037 868 3091 xnvr
891 3012 973 3090 dies
995 3012 1088 3089 dicti
1112 3013 1253 3090 mensis
1269 3015 1452 3109 tannarii,
1466 3038 1729 3097 ‘Muellerum

307 3148 398 3225 dicti
419 3147 563 3225 domini
583 3144 883 3252 uruhiepiscupus
897 3160 942 3220 et
960 3142 1023 3221 alii
1039 3143 1189 3221 domini
1207 3145 1449 3225 commissarii
1469 3147 1509 3225 in
1525 3149 1645 3228 domo
1664 3151 1729 3227 ab·

309 3279 405 3357 batis
420 3276 640 3355 monasterii
660 3274 882 3353 Molinensis
905 3275 976 3351 sita
996 3273 1160 3352 Parisius
1174 3276 1280 3385 juxta
1301 3277 1495 3356 ecelesiam
1513 3296 1726 3358 sanctorum

307 3411 443 3488 Cosme
472 3424 512 3485 at
530 3407 724 3495 Damiani,
752 3423 792 3484 et
814 3405 972 3484 feserunt
984 3406 1142 3485 adducti
1175 3408 1223 3484 sd
1244 3408 1477 3514 presenoinm
1502 3410 1728 3489 eorumdem

303 3569 374 3647 pro
389 3539 550 3619 testibus
572 3537 706 3616 fratres
728 3537 945 3644 subscripti,
969 3535 1145 3614 videlicet
1163 3536 1298 3616 brues
1312 3539 1472 3648 Egidius
1488 3540 1729 3648 d'Oysirnont

306 3672 492 3778 presbiter
509 3668 792 3761 Ambianensis,
814 3665 1046 3746 Guiltelmus
1071 3666 1118 3745 de
1138 3668 1263 3746 Platea
1286 3669 1519 3750 levneensis
1539 3672 1725 3764 serviens,

308 3803 474 3879 Thomas
491 3803 539 3878 de
553 3800 724 3878 Jemville
743 3796 930 3907 presbiter
939 3796 1423 3892 Ambianensis,'Robertus
1444 3803 1491 3879 de
1507 3801 1642 3908 {Erinys
1663 3802 1729 3879 Sa·

307 3933 502 4022 nonensis,
517 3930 707 4008 iohannes
728 3929 775 4008 de
791 3927 1023 4007 bolamoun
1041 3927 1294 4019 beivacensis,
1317 3930 1507 4009 iohannes
1522 3932 1577 4009 de
1601 3930 1727 4008 snnnto

308 4063 414 4140 Justo
431 4059 663 4140 Belvacensis
688 4058 897 4138 diocesium
912 4058 1135 4148 servientes,
1156 4060 1223 4168 qui
1238 4059 1460 4167 juraverunt
1475 4060 1584 4138 tuens
1602 4089 1727 4139 saero-

305 4195 441 4272 snnotis
455 4191 665 4303 Evangeliis
686 4191 811 4268 dicere
827 4189 978 4297 pienam
994 4207 1037 4268 et
1051 4218 1195 4269 meram
1212 4191 1410 4270 ueritatem
1428 4193 1467 4268 in
1482 4192 1639 4300 negooio
1652 4193 1727 4273 istu

307 4326 516 4402 secundam
537 4322 698 4401 formam
711 4320 917 4428 juramenti
935 4319 1097 4399 aliorum
1117 4321 1462 4435 testium-superius
1475 4323 1724 4432 registrntarn,
1757 4355 1761 4361 ·

308 4454 511 4559 expositam
532 4471 570 4530 et
582 4452 849 4562 uudgarinetam
869 4450 1030 4540 eisdem
1051 4480 1129 4559 qua
1142 4452 1307 4567 qnidprn
1320 4454 1538 4561 juramento
1553 4470 1724 4560 receptu,

306 4584 460 4663 recessit
472 4584 596 4661 dictus
611 4581 791 4660 domnus
801 4580 1071 4669 Narbonensis,
1083 4598 1127 4658 et
1139 4610 1264 4661 eoram
1281 4581 1364 4660 aliis
1379 4582 1544 4660 dominis
1558 4584 1726 4661 sommis-

304 4715 411 4792 soriis
427 4713 725 4800 remanentibus,
804 4700 805 4704 *
1172 4702 1176 4712 ¹

360 4847 492 4923 Dictus
515 4843 629 4922 frater
654 4845 819 4921 Thomas
837 4842 885 4919 de
913 4841 1091 4922 Jarnvuile
1111 4844 1299 4952 presbiter
1324 4844 1498 4937 earisteus,
1519 4845 1724 4969 requisitus

1527 4982 1574 5043 56.
