4080 6052
485 544 681 637 rnocts
709 562 803 634 nns
830 562 1128 669 rnurtrnss.
1443 569 1514 641 557

101 715 171 788 cita
202 737 315 815 quam
350 706 595 791 contrarium,
632 722 668 780 et
700 702 804 810 quod
834 704 950 783 eciam
984 703 1122 782 fierent
1158 706 1196 780 in
1234 708 1517 810 recepcionibus

100 843 259 919 aliorum
281 837 338 914 vel
358 852 458 943 post;
481 836 589 944 plura
609 835 656 911 dc
681 828 868 912 contentis
891 834 931 911 in
952 835 1060 912 dictis
1079 863 1143 913 xm
1170 836 1335 913 articulis
1358 835 1451 914 dixit
1476 867 1536 913 se-

98 971 254 1047 nescire.

154 1103 267 1189 Item,
302 1099 519 1204 requisitus·
534 1114 800 1203 superasset
824 1097 1002 1175 omnibns
1030 1098 1293 1204 sequentibus,
1321 1076 1516 1203 respondit

98 1259 137 1308 se
158 1231 277 1308 nichil
300 1230 393 1307 scire
410 1228 509 1305 ultra
525 1229 630 1333 quod
648 1256 758 1333 supra
777 1230 998 1335 deponitur,
1022 1229 1096 1305 hoc
1123 1244 1274 1334 excepto
1296 1229 1399 1334 quod
1418 1229 1514 1305 benc

99 1360 275 1437 credebat
302 1358 556 1436 ecclesiasticis
584 1352 840 1445 sacramentis,
866 1374 904 1434 et
932 1358 1052 1434 credit
1078 1358 1182 1462 quod
1212 1357 1274 1432 alii
1295 1356 1425 1434 fratres
1456 1388 1517 1435 or-

100 1491 198 1567 dinis
216 1491 314 1567 bene
332 1489 545 1577 crederent,
569 1505 610 1564 et·
624 1491 730 1594 quod
747 1515 878 1564 eorum
899 1488 1110 1564 sacerdotes
1130 1486 1257 1565 debite
1272 1488 1514 1567 celebrarent.

97 1621 338 1726 Preceptorcs
374 1618 458 1696 laici
488 1617 690 1723 aliquando
723 1617 966 1695 remittebant
996 1645 1113 1722 penas
1150 1633 1187 1691 et
1217 1617 1429 1723 disciplinas
1463 1649 1518 1695 or-

99 1752 211 1839 dinis,
226 1751 292 1827 sed
309 1778 387 1827 non
406 1748 663 1835 absolvebant,
680 1777 749 1824 nce
765 1748 884 1824 credit
901 1747 1004 1852 quod
1019 1765 1172 1852 possent
1185 1747 1377 1824 absolvere
1398 1777 1517 1854 apec-

97 1880 199 1957 catis.
229 1880 363 1957 Statim
390 1907 458 1984 pro
479 1877 654 1982 professis
676 1877 926 1963 habebantur.
949 1875 1190 1953 Clandestine
1221 1877 1513 1982 recipiebantur,

99 2038 142 2085 ex
157 2037 234 2115 quo
256 2008 376 2085 credit
395 2008 498 2114 quod
519 2024 616 2084 esset
632 2007 794 2111 suspicio
815 2024 943 2084 contra
971 2034 1052 2094 cos3
1072 2033 1148 2082 non
1176 2007 1295 2082 credit
1314 2010 1418 2113 quod
1438 2038 1516 2086 car-

99 2140 234 2217 naliter
251 2138 595 2229 commiscerentur,
617 2166 687 2213 nec
698 2137 803 2242 quod
813 2135 997 2214 baberent
1010 2136 1133 2245 ydola,
1154 2166 1222 2214 nec
1235 2140 1339 2243 quod
1360 2141 1516 2218 cordule

98 2299 183 2347 cum
205 2270 345 2375 quibus
362 2269 606 2375 cingebantur
625 2296 742 2372 supra
754 2268 923 2343 camisias
944 2284 1140 2374 tangerent
1159 2269 1278 2374 capita
1295 2270 1514 2376 ydolorum3

99 2401 230 2477 credit·
246 2400 350 2506 quod
378 2399 536 2508 graviter
561 2398 685 2503 puniti
717 2397 875 2475 luissent
903 2399 968 2504 qui
1000 2397 1224 2474 revelassent
1252 2418 1391 2476 secreta
1418 2403 1516 2506 capi·
1557 2389 1562 2399 ¹

98 2531 283 2621 tulorum,
314 2529 372 2608 vel
408 2530 475 2637 qni
510 2529 721 2607 noluissent
755 2528 876 2607 lacere
909 2527 1036 2605 illicita
1076 2530 1298 2635 supradicta.
1335 2531 1516 2609 Sacerdo-

99 2661 201 2738 tibus
225 2661 368 2737 ordinis
404 2659 593 2736 debebant
623 2657 810 2748 confiteri,
838 2676 876 2736 et
899 2676 1074 2764 poterant
1105 2660 1277 2737 confiteri
1304 2659 1421 2737 eciam
1446 2662 1518 2738 lra-

97 2792 217 2868 tribus
237 2791 460 2869 Carmelitis.
483 2791 542 2866 llli
563 2790 625 2895 qui
644 2790 813 2866 sciebant
827 2789 1140 2866 errores-luerunt
1156 2791 1404 2899 negligentes,
1429 2796 1517 2900 quia
1562 2773 1565 2777 ⁸

99 2949 175 2997 non
193 2938 445 2998 ‘correxerunt
474 2948 633 2997 cosnec
665 2921 986 2996 denunciaverunt
1007 2920 1184 2997 Ecclesie.
1219 2921 1451 3001 Elcmosinas
1481 2943 1518 3000 et

100 3051 391 3158 hospitalitatem
420 3051 515 3126 vidit
545 3049 812 3127 convenienter
839 3050 922 3126 lieri
947 3068 985 3126 et
1014 3052 1149 3128 servari
1184 3052 1223 3127 in
1252 3052 1430 3131 domibus
1456 3084 1517 3132 or·
1577 3150 1584 3167 ι

101 3181 199 3257 dinis
223 3182 264 3256 in
285 3180 425 3286 quibus
442 3179 515 3256 luit
535 3198 786 3272 conversatus,
806 3198 859 3272 et,
883 3207 925 3257 ex
943 3199 1119 3286 precepto
1138 3183 1374 3287 superiorum
1395 3203 1433 3262 et
1451 3204 1518 3263 sta-

100 3312 191 3388 tutis
220 3312 377 3402 ordinis,
398 3311 587 3388 debebant
612 3312 717 3397 dare,
739 3338 867 3388 amore
891 3293 978 3400 De'i,
1007 3312 1195 3388 decimam
1222 3331 1366 3419 partem
1397 3318 1513 3420 panis.

99 3441 206 3519 Clam
232 3443 405 3547 capitulis
429 3442 667 3530 tenebantur,
692 3442 823 3519 dedic
853 3459 992 3519 tamen.
1021 3443 1135 3534 Quod
1160 3470 1317 3550 magnus
1343 3445 1518 3552 Magister

100 3602 185 3649 cum
210 3590 395 3650 conventu
415 3573 641 3659 ordinasset,
664 3572 794 3648 luisset
813 3589 999 3648 servatum
1021 3573 1060 3645 in
1077 3572 1230 3661 ordine,
1249 3590 1377 3649 contra
1402 3602 1516 3678 quem

100 3731 202 3779 nunc
235 3705 388 3810 grandia
430 3702 600 3779 scandala
628 3719 716 3778 sunt
746 3718 887 3786 exorta,
917 3719 955 3775 et
985 3701 1104 3779 credit
1133 3703 1238 3808 quod
1267 3704 1396 3782 illicita
1428 3734 1517 3782 con-

101 3831 232 3907 sessata
259 3860 327 3937 per
355 3860 443 3908 eum
471 3847 595 3909 essent
614 3848 703 3907 nota
724 3827 900 3907 lratribus
929 3828 1090 3916 ordinis,
1117 3833 1184 3908 sed
1213 3860 1290 3911 non
1320 3837 1514 3912 extraneis.

100 3961 145 4038 Et
168 3962 275 4068 quod
304 3989 460 4069 magnus
489 3961 663 4069 Magister
687 3959 805 4036 etalii
837 3959 983 4068 aliquos
1012 3987 1158 4038 errores
1182 3963 1340 4040 conlcssi
1365 3964 1518 4042 luerunt

102 4110 229 4169 contra
245 4092 436 4183 ordinem,
458 4091 506 4168 ad
522 4093 628 4199 cnjus
644 4090 903 4168 defensionem
923 4091 1001 4197 ipse
1021 4091 1127 4168 testis
1144 4120 1182 4169 se
1202 4093 1406 4182 obtulerat,
1430 4098 1517 4202 quia

101 4251 178 4300 non
201 4240 280 4299 erat
305 4240 395 4300 tunc
421 4222 473 4298 ita
497 4221 597 4298 bene
626 4221 829 4298 instructus
854 4221 902 4297 de
927 4221 1104 4327 predictis
1124 4222 1317 4300 erroribus
1341 4226 1437 4302 sicut
1464 4245 1518 4302 est

102 4381 218 4444 nnnc,
239 4371 277 4430 et
295 4353 384 4459 quia
406 4352 569 4429 habebat
587 4350 691 4428 aliud
708 4351 908 4452 consilium
934 4378 1048 4458 quam
1073 4351 1189 4430 habet
1204 4355 1244 4430 in
1263 4357 1439 4461 presenti.

120 4521 121 4525 ¹
158 4484 370 4589 Requisitus
404 4484 435 4559 si
468 4483 521 4559 sic
549 4484 774 4588 deposuerat
799 4508 926 4587 prece,
942 4500 1152 4589 precepto,
1188 4484 1342 4574 timore,
1374 4516 1516 4577 amore,

103 4613 209 4701 odio,
232 4613 290 4689 vel
313 4613 511 4721 temporali
539 4615 700 4692 comodo
724 4613 852 4691 habito
872 4615 930 4691 vel
957 4614 1149 4706 habendo,
1191 4619 1385 4724 respondit
1414 4619 1518 4726 quod

103 4771 196 4834 non,
218 4745 285 4837 sed
309 4773 378 4850 pro
401 4746 552 4822 veritate
579 4744 748 4822 dicenda.
779 4745 851 4823 Cui
872 4745 944 4822 luit
960 4746 1171 4852 injunctum
1186 4737 1290 4855 quod
1314 4778 1402 4827 non·
1417 4778 1518 4827 reve-

103 4872 195 4955 laret
221 4874 318 4950 hanc
343 4902 449 4952 suam
473 4874 753 4981 deposicion'em
777 4899 976 4982 quousque
996 4876 1254 4956 attestaciones
1278 4876 1420 4957 luerint
1446 4908 1516 4985 pu-

208 5010 678 5074 rnoclsnnsraurr.1uns.-1.
1331 5018 1372 5080 68
