4080 6052
686 546 883 639 rnocts
910 564 1004 636 oss
1030 558 1330 640 rsurmctts.
1643 566 1713 640 an

303 708 407 812 quod
429 706 477 782 ad
499 705 672 782 ordinem
700 707 997 795 cartusiensem,
1024 723 1216 811 tamquam
1245 708 1305 782 ad·
1320 707 1520 793 arciorem,
1548 727 1721 811 poterant

304 866 342 913 se
368 835 567 914 transferre
594 835 640 969 doe
664 835 819 913 licencia
847 836 1062 941 superioris.
1088 837 1330 915 Clandestine
1357 836 1650 942 recipiebantur,
1678 868 1721 915 ex

304 994 381 1071 quo
404 984 482 1043 erat
501 966 663 1071 suspicio
683 985 811 1044 contra
835 995 910 1043 eos.
937 968 1020 1044 Non
1040 967 1160 1044 credit
1181 968 1286 1075 quod
1309 968 1493 1045 haberent
1511 968 1569 1043 vel
1592 969 1722 1044 adora·

304 1114 390 1173 rent
421 1097 548 1204 ydola,
577 1125 646 1173 nec
671 1100 774 1202 quod
805 1097 959 1174 cordnle
986 1097 1127 1203 quibus
1150 1099 1405 1206 cingebantur,
1436 1118 1528 1203 quas
1559 1126 1722 1175 assume-

306 1227 397 1303 bant
424 1227 525 1304 unde
553 1227 743 1316 volebant,
771 1218 968 1334 tangerent
999 1216 1117 1333 capita
1143 1229 1356 1335 ydolorum.
1384 1230 1465 1305 Non
1492 1228 1624 1304 recolit
1645 1227 1721 1304 'sibi

307 1355 420 1434 luisse
448 1358 654 1434 inhibitum
680 1359 785 1463 quod
809 1387 884 1434 non
912 1357 1155 1434 confiteretur
1185 1360 1255 1435 nisi
1283 1358 1538 1435 sacerdotibus
1568 1358 1722 1434 ordinis.

308 1489 454 1565 Fratres
469 1489 628 1564 scientes
648 1513 793 1566 errores
817 1487 972 1563 suerunt
992 1487 1239 1592 negligentes,
1267 1489 1355 1593 quia
1380 1514 1457 1563 non
1486 1507 1727 1564 correxerunt

309 1645 373 1694 eos
397 1645 467 1693 nec
489 1618 808 1708 denunciaverunt
826 1617 1003 1694 Ecclesie.
1032 1618 1086 1693 Ex
1103 1634 1280 1723 precepto
1305 1619 1559 1724 superiorum,
1589 1619 1730 1695 elemo-

308 1748 388 1825 sine
413 1765 451 1824 et
469 1746 701 1853 hospitalitas
719 1744 985 1823 convenienter
1000 1743 1085 1822 fieri
1105 1764 1143 1823 et
1158 1748 1293 1822 servari
1311 1746 1502 1824 debebant
1517 1748 1556 1821 in
1577 1749 1725 1834 ordine,

310 1895 348 1953 et
370 1879 444 1955 hoc
463 1878 555 1954 vidit
577 1879 693 1953 eciam
714 1877 902 1954 observari
917 1877 958 1951 in
974 1875 1153 1952 domibus
1174 1876 1317 1953 ordinis
1332 1877 1369 1952 in
1387 1877 1526 1981 quibus
1539 1877 1613 1953 suit
1628 1908 1729 1955 com-

311 2024 498 2096 moratus3
521 2035 591 2082 nec
609 2007 682 2083 luit
707 2008 741 2082 ei
769 2006 912 2082 dictum
933 2034 1005 2082 nec
1023 2007 1165 2083 audivit
1184 2008 1257 2083 dici
1277 2007 1359 2084 aliis
1377 2008 1481 2111 quod
1496 2010 1730 2113 acquirerent

312 2165 381 2243 per
404 2136 517 2213 nelas.
546 2134 698 2214 Audivit
725 2137 799 2213 dici
825 2137 929 2242 quod
953 2135 1050 2213 clam
1076 2165 1209 2215 eorum
1238 2139 1412 2243 capitulia
1434 2139 1670 2229 tenebantur,
1694 2157 1731 2215 ct

312 2267 515 2373 aliquando
542 2284 695 2373 propter
721 2267 871 2372 negocia
898 2267 1135 2357 occurrencia
1157 2267 1376 2371 tempestive
1390 2270 1639 2375 tenebantur,
1665 2272 1730 2346 sed

315 2428 392 2477 non
410 2398 552 2475 audivit
576 2398 649 2474 dici
664 2398 770 2505 quod
793 2397 934 2474 familia
952 2397 1215 2503 expelleretur,
1234 2425 1304 2475 nec
1323 2399 1427 2504 quod
1448 2399 1602 2476 excubie
1621 2430 1733 2507 pone

314 2546 457 2605 rentur.
480 2532 599 2605 Totus
621 2529 716 2605 ordo
739 2543 920 2605 servasset
937 2528 1044 2634 quod
1066 2556 1225 2634 magnus
1244 2527 1420 2633 Magister
1439 2556 1525 2605 cum
1547 2548 1732 2607 conventu

316 2661 518 2751 statuisset;
541 2687 642 2736 nunc
666 2660 821 2767 grandia
849 2659 1041 2748 scandala,
1067 2659 1229 2765 suspicio
1251 2675 1289 2734 et
1308 2658 1460 2735 infamia
1481 2677 1610 2736 contra
1631 2661 1733 2737 ordi-

317 2817 403 2865 nem
420 2806 509 2866 sunt
524 2806 660 2866 exorta.
683 2789 814 2868 Credit
833 2790 939 2894 quod
954 2789 1158 2867 confessata
1171 2818 1240 2894 per
1258 2817 1346 2865 eum
1367 2806 1494 2867 essent
1506 2807 1594 2867 nota
1612 2791 1733 2868 fratri-

316 2921 388 2995 bus
404 2919 561 3006 ordinis,
585 2937 623 2996 et
636 2921 741 3024 quod
761 2920 822 2995 alii
842 2918 975 2997 iratres
988 2921 1113 3027 aliqua
1126 2919 1285 2998 confessi
1305 2920 1446 2997 luerint
1460 2937 1588 2997 contra
1610 2922 1733 3027 ipsum

318 3048 510 3137 ordinem,
536 3051 585 3126 ad
612 3049 719 3156 cujus
746 3049 1006 3127 defensionem
1024 3080 1062 3128 se
1079 3077 1157 3128 non
1175 3048 1376 3141 obtulerat.

376 3180 590 3285 Requisitus
606 3181 636 3256 si
651 3181 704 3256 sic
719 3181 945 3287 deposuerat
960 3210 1088 3289 prece,
1102 3198 1294 3287 precepto,
1309 3182 1461 3268 timore,
1478 3182 1579 3272 odio,
1592 3210 1733 3266 amore,

319 3311 377 3388 vel
402 3311 526 3417 aliquo
548 3311 748 3417 temporali
773 3313 934 3390 comodo
962 3312 1089 3390 habito
1118 3313 1177 3389 vel
1197 3313 1389 3400 habendo,
1416 3312 1611 3418 respondit
1631 3314 1737 3418 quod

320 3472 413 3530 non,
434 3444 501 3520 sed
516 3472 583 3549 pro
608 3444 762 3524 veritate
790 3444 958 3521 dicenda.
983 3444 1056 3523 Cui
1073 3443 1147 3520 luit
1169 3443 1381 3550 injunctum
1403 3443 1509 3549 quod
1526 3469 1602 3518 non
1619 3444 1738 3519 revel-

320 3575 413 3652 laret
429 3576 525 3651 hanc
545 3603 650 3652 suam
677 3575 975 3681 deposicionem,
1003 3601 1202 3679 quousque
1228 3573 1484 3650 attestaciones
1508 3571 1649 3649 luerint
1668 3602 1738 3677 pu-

320 3704 468 3781 blicate.

381 3965 408 4039 F
410 3972 508 4038 ra'ter
525 3965 657 4045 Petrus
675 3964 723 4039 de
739 3981 866 4042 sancto
885 3952 1078 4042 Marencio
1092 3965 1270 4055 serviens,
1288 3966 1548 4043 Ambianensis
1564 3967 1737 4051 diocesis,

324 4095 429 4173 testis
453 4122 565 4199 supra
582 4094 747 4200 juratus,
774 4096 1021 4203 quadraginta
1041 4096 1210 4202 quinque
1233 4124 1419 4173 annorum
1441 4097 1499 4173 vel
1525 4097 1636 4181 circa,
1664 4125 1741 4173 non

325 4225 513 4303 defferens
534 4226 758 4303 mantellum
779 4227 938 4313 ordinis,
965 4226 1054 4332 quia
1078 4227 1202 4332 ipsum
1226 4226 1417 4305 dimiserat
1438 4245 1523 4334 post
1537 4219 1743 4304 ¹concilium

326 4360 530 4445 Remense3
558 4358 803 4463 postmodum
831 4357 969 4434 fecerat
994 4357 1161 4434 sibiradi
1181 4357 1354 4446 barbam,
1378 4386 1464 4434 cum
1490 4388 1565 4466 quo
1588 4359 1745 4465 inquisi-

326 4505 409 4562 tum
435 4487 571 4574 fuerat,
594 4488 790 4566 absolutus
813 4504 851 4564 et
875 4487 1138 4565 reconciliatus
1160 4516 1229 4594 per
1254 4488 1398 4567 dictum
1424 4489 1745 4595 archiepiscopum

328 4619 571 4705 Remensem,
598 4616 704 4695 lectis
730 4635 767 4694 et
795 4617 994 4724 diligenter
1016 4618 1088 4696 sibi
1126 4618 1300 4724 expositis
1325 4619 1501 4696 omnibus
1525 4635 1564 4696 et
1592 4618 1747 4725 singulis

329 4747 511 4836 articulis,
526 4749 722 4854 respondit
736 4776 775 4826 se
791 4748 934 4826 nescire
952 4750 999 4825 de
1018 4750 1072 4826 eis
1085 4749 1157 4826 nisi
1172 4750 1277 4854 quod
1289 4750 1460 4854 sequitur
1474 4782 1483 4826 ε
1499 4751 1680 4857 quianon
1696 4749 1747 4822 vi-

331 4876 436 4954 derat
460 4881 575 4986 recipi
601 4881 642 4958 in
666 4881 819 4971 ordine,
850 4880 923 4957 nisi
945 4879 1099 4960 fratrem
1126 4879 1375 4960 Guillelmum
1399 4881 1436 4959 le
1463 4884 1644 4960 Normant
1672 4906 1748 4956 ser·
