4080 6052
496 540 695 637 reocts
720 559 816 633 nas
841 560 1144 634 renuamus.
1458 566 1531 637 ιιι

133 716 139 724 ’
167 706 256 784 Acta
274 703 428 783 filerunt
444 704 516 782 bec
532 702 701 812 predicta
719 700 782 780 die
801 700 919 792 lovis,
938 701 977 778 in
995 702 1138 807 prefata
1157 701 1316 807 capella,
1332 730 1401 808 per
1414 704 1534 784 dictos

111 836 286 916 dominos
298 833 586 924 commissarios,
600 830 841 940 presentibus
854 859 916 909 me
928 831 1184 911 Floriamonte
1199 832 1416 921 Dondedei,
1433 833 1535 914 Guil-

110 966 225 1044 lelmo
245 964 436 1071 Radulphi
457 981 497 1043 et
514 963 695 1043 omnibus
714 960 798 1066 aliis
813 961 970 1066 notariis
989 959 1277 1067 suprascriptis.

166 1229 257 1306 Post
274 1228 365 1321 hec,
381 1227 443 1305 die
457 1225 616 1307 Veneris
630 1225 821 1334 sequenti,
836 1243 912 1336 qne
932 1225 1005 1306 tuit
1023 1252 1107 1306 χιιι
1126 1226 1208 1305 dies
1227 1226 1370 1305 mensis·
1382 1226 1531 1335 Aprilis.

112 1374 369 1437 convenemnt
387 1358 428 1433 in
448 1357 547 1436 dicta
566 1356 708 1463 capella
727 1355 818 1434 dicti
836 1355 983 1436 domini
1004 1356 1268 1450 commissarii,
1292 1376 1446 1465 excepto
1465 1360 1534 1437 do-

112 1490 215 1566 mino
229 1488 436 1597 bajocensi,
456 1506 501 1567 ut
518 1487 774 1596 supradictum
790 1505 862 1577 est,
879 1504 1068 1577 excusato,
1086 1487 1236 1563 etrenit
1249 1487 1392 1565 ibidem
1407 1518 1533 1567 coram

111 1621 180 1710 eis,
204 1637 248 1698 ut
276 1621 485 1726 deponeret
507 1619 653 1699 dictum
676 1640 811 1712 sunm,
831 1620 1030 1726 Huguetus
1054 1618 1101 1695 de
1127 1617 1259 1706 Buris,
1286 1618 1533 1725 lingonensis

110 1752 289 1842 diocesis,
318 1752 424 1830 testis
454 1780 569 1858 supra
591 1752 757 1860 juratus,
788 1767 828 1827 et
855 1776 932 1828 non
967 1746 1160 1826 deferebat
1187 1749 1361 1827 habitum
1389 1750 1533 1829 ordinis

109 1882 275 1988 Templi,
296 1882 365 1961 sed
385 1881 579 1961 deserebat
594 1898 709 1988 super
724 1878 887 1959 tunieale
910 1879 958 1958 de
981 1879 1132 1958 burello
1157 1880 1274 1986 griseo
1302 1896 1339 1956 et
1366 1881 1532 1958 tunicam

111 2011 159 2089 de
182 2040 307 2117 panno
331 2011 463 2100 livido,
490 2011 633 2089 habens
661 2009 818 2089 barbam
844 2038 980 2099 rasam,
1008 2009 1230 2087 mantellum
1260 2018 1386 2086 autem
1411 2039 1533 2118 nuper

112 2138 296 2245 abjecerat
324 2168 450 2217 coram
475 2141 654 2246 predictis
678 2139 842 2218 dominis
869 2116 1133 2219 commissariis
1160 2168 1237 2217 una
1267 2126 1355 2247 cum
1380 2141 1533 2221 duobus

110 2269 272 2351 testibus
294 2299 407 2377 supra
432 2269 668 2358 examinatis,
690 2287 728 2347 et
748 2267 991 2348 Guausredus
1010 2270 1058 2346 de
1077 2272 1223 2347 Tentan
1245 2268 1295 2376 [i]
1312 2272 1378 2377 qui
1400 2260 1550 2350 omnes'

110 2417 273 2507 quatuor
296 2399 540 2477 morabantur
562 2399 602 2476 in
631 2425 709 2475 uno
732 2397 816 2477 loco
841 2397 954 2504 capti,
975 2398 1179 2504 requisitus
1197 2416 1338 2506 quanto
1361 2417 1531 2507 tempore

110 2529 232 2608 fuerat
252 2531 292 2607 in
317 2530 416 2608 dicto
436 2529 570 2608 ordine
589 2528 758 2635 Templi,
781 2543 820 2605 et
843 2527 933 2618 ubi,
957 2556 1075 2635 aquo
1095 2545 1133 2605 et
1158 2528 1319 2635 qualiter
1341 2548 1530 2637 receptus,

109 2661 304 2768 respondit
322 2660 427 2768 quod
442 2677 527 2738 ante
541 2659 757 2765 capcionem
775 2684 909 2736 eorum
925 2657 1050 2735 luerat
1064 2687 1133 2764 per
1144 2659 1342 2751 trienium,
1360 2676 1399 2738 et
1411 2659 1533 2737 fuerat

109 2773 280 2899 receptus
300 2792 339 2869 in
359 2791 475 2868 domo
494 2789 637 2868 ordinis
657 2805 782 2866 vocata
800 2789 1044 2878 Fontanetos,
1059 2789 1305 2897 Lingonensis
1320 2789 1493 2882 diocesis,
1510 2824 1531 2868 a

109 2923 220 3001 fratre
243 2925 284 3001 P.
306 2922 354 3001 de
379 2922 506 3014 Buris,
533 2918 646 3000 fratre
665 2918 848 2999 serviente
867 2938 1085 3029 preceptore
1109 2921 1207 2999 dicte
1231 2923 1386 3010 domus,
1414 2951 1530 3030 quem

110 3052 203 3131 dixit
220 3081 321 3131 nunc
342 3052 416 3129 vita
431 3052 584 3130 {initiam
603 3078 702 3142 esse,
722 3050 887 3130 adiciens
901 3051 1045 3129 dictum
1061 3050 1215 3129 fratrem
1231 3054 1286 3144 Ρ.,
1306 3053 1373 3159 qui
1390 3055 1531 3160 recepit

111 3211 200 3259 eum
219 3183 260 3266 in
279 3184 442 3289 quadam
462 3182 602 3288 capella
621 3182 719 3260 dicte
741 3182 898 3272 domus,¹
916 3212 1006 3260 cum·
1027 3183 1130 3260 idem
1153 3184 1259 3262 testis
1278 3186 1440 3262 exuisset
1457 3187 1529 3264 sibi

110 3341 242 3390 omnes
260 3330 381 3392 vestes
404 3341 498 3420 quas
521 3312 729 3407 deserebat,
752 3312 916 3421 exceptis
941 3314 1090 3392 camisia
1114 3333 1152 3392 et
1175 3314 1529 3404 bracis,'tradidisse

108 3443 179 3521 sibi
203 3460 322 3522 vestes
343 3443 488 3555 ordinis
511 3456 549 3522 et
569 3443 810 3536 mantellum
835 3460 873 3521 et
894 3445 1001 3550 quod
1023 3444 1226 3523 inmediate
1246 3445 1319 3521 fuit
1342 3444 1529 3523 oscidatus

109 3574 276 3651 eundem
293 3591 446 3665 testem,
466 3574 590 3681 primo
614 3575 654 3653 in
674 3602 757 3664 ore,
774 3574 941 3653 secundo
961 3574 1001 3651 in
1022 3574 1217 3663 umbilico,
1239 3573 1350 3653 tertio
1367 3573 1407 3650 in
1424 3575 1529 3683 spina

109 3703 228 3794 dorsi,
246 3733 359 3810 supra
377 3703 503 3782 locum
522 3733 602 3812 qno
629 3703 797 3782 defertur
820 3704 982 3797 bracale,
1004 3704 1131 3782 dicens
1153 3705 1260 3812 qnod
1284 3705 1387 3782 idem
1417 3704 1530 3783 frater

107 3832 148 3907 P.
172 3832 305 3909 levavit
321 3850 442 3912 vestes
461 3835 531 3940 ipsi
554 3835 640 3912 testi
667 3853 752 3912 ante
770 3853 809 3912 et
825 3853 945 3948 retro,
964 3836 1116 3943 quando
1135 3833 1209 3913 suit
1229 3863 1320 3914 eum
1340 3835 1528 3914 osculatus

109 3962 149 4037 in
167 3960 348 4067 umbilico
366 3979 404 4038 et
421 3963 464 4038 in
481 3963 587 4068 spina
599 3965 700 4043 dorsi
717 3939 906 4072 predictis

164 4096 279 4183 Item,-
294 4093 389 4171 dixit
406 4093 529 4200 quod,
545 4111 629 4199 post
644 4096 841 4200 premissa,
857 4097 1103 4176 incontinenti
1121 4098 1224 4175 idem
1243 4038 1356 4174 frater
1377 4100 1416 4175 P.
1432 4115 1529 4174 attu-

108 4224 151 4301 lit
170 4223 376 4331 quamdam
401 4250 570 4314 cmeem‚
598 4240 636 4300 et
661 4226 829 4330 precepit
854 4226 980 4303 eidem
1003 4228 1088 4305 testi
1114 4227 1220 4335 quod
1244 4244 1396 4333 spueret
1414 4256 1530 4335 super

109 4355 244 4432 dictam
264 4382 430 4446 crucem,
453 4370 492 4432 et
511 4383 594 4431 eam
612 4354 847 4435 conculcaret
866 4356 1046 4463 pedibus,
1066 4375 1104 4434 et
1128 4359 1233 4464 quod
1254 4357 1455 4465 abnegaret
1469 4377 1528 4435 ter

105 4485 285 4574 Jhesum3
304 4503 342 4562 et
361 4509 450 4563 cum·
466 4485 545 4592 ipse
563 4486 668 4564 testis
685 4485 734 4563 de
752 4486 861 4565 dictis
878 4487 1015 4566 osculis
1036 4488 1206 4565 umbilici
1227 4505 1265 4565 et
1284 4489 1389 4595 spine
1408 4489 1525 4575 dorsi,

108 4631 144 4689 et
168 4612 374 4693 dotalibus
396 4615 582 4721 preceptis
602 4616 812 4709 miraretur,
830 4635 876 4696 ut
897 4618 1004 4708 dixit,
1026 4635 1064 4697 et
1086 4619 1335 4698 reluctaretur
1351 4647 1390 4697 se
1410 4619 1526 4697 lactu-

109 4772 192 4820 rum
213 4745 321 4852 quod
342 4745 464 4825 dictus
488 4744 603 4823 irater
626 4749 666 4825 P.
686 4749 916 4855 precipiebat
938 4749 1080 4840 eidem,
1103 4751 1206 4829 idem
1230 4749 1342 4827 frater
1365 4751 1405 4827 P.
1433 4751 1525 4828 dixit

111 4876 211 4981 quod
231 4875 428 4984 oportebat
444 4904 534 4956 eum
550 4874 671 4957 faeere
692 4879 920 4986 supradicta,
936 4880 1025 4988 quia
1043 4880 1116 4960 boc
1135 4897 1214 4960 erat
1233 4882 1280 4959 de
1299 4881 1449 4988 punctis
1465 4909 1526 4956 or-
