4148 6052
709 520 1357 616 enoctsnnsrnuemsns.
1599 565 1602 571 ·
1669 546 1743 620 aas

324 655 403 791 plis
413 701 536 762 vocate
553 685 721 770 Foresta,
741 682 899 761 diocesis
916 681 1190 773 Ambianensis,
1205 685 1444 791 presentibus
1463 682 1640 763 fratribus
1656 688 1745 764 Ber-

325 816 442 892 „arao
461 793 597 905 casn,
619 814 768 892 andrea
792 813 991 891 uestram
1029 815 1291 906 servientibus,
1317 835 1354 894 a
1373 816 1554 895 uscham
1585 816 1632 892 ae
1649 816 1746 895 vina

324 947 436 1053 Regia
454 944 681 1053 presbitero,
693 945 741 1022 de
750 972 917 1050 quorum
930 944 1002 1020 vita
1014 943 1073 1022 vel
1088 963 1208 1023 morte
1223 975 1300 1022 non
1318 945 1432 1031 habet
1462 945 1744 1033 certitudinem,
1762 1008 1764 1012 Α
1813 963 1821 977 ’

323 1076 362 1150 in
385 1076 488 1152 bunc
511 1075 670 1153 modum
688 1106 697 1150 ε
716 1102 802 1150 nam
824 1102 911 1150 cum
935 1051 1187 1180 requisitisset
1208 1102 1345 1180 panem
1368 1092 1406 1152 et
1428 1103 1564 1181 aquam
1584 1075 1743 1165 ordinis,

324 1205 428 1281 llexis
439 1203 614 1311 genibus,
627 1204 666 1279 in
680 1202 777 1278 dicta
789 1203 944 1309 capella,
957 1219 994 1279 et
1006 1220 1177 1310 receptor
1186 1203 1443 1310 respondisset
1451 1203 1556 1310 quod
1565 1203 1745 1312 grandem

325 1361 406 1410 rem
436 1333 603 1439 petebat,
629 1350 667 1410 et
689 1331 840 1413 videbat
865 1360 929 1410 eos
954 1333 1052 1410 bene
1077 1334 1247 1424 indutos,
1268 1334 1366 1410 bene
1393 1334 1562 1411 calciatos
1589 1351 1628 1411 et
1648 1332 1746 1411 bene

325 1464 524 1569 equitatos,
552 1463 619 1540 sed
648 1462 838 1539 nesciebat
863 1461 928 1538 illa
959 1490 1033 1567 que
1061 1480 1166 1539 erant
1195 1463 1418 1538 intrinsecus
1439 1463 1539 1538 inter
1566 1491 1646 1555 cos,
1678 1492 1748 1542 nec

324 1620 526 1699 oneraque
541 1592 739 1699 oportebat
757 1591 884 1668 subire
903 1591 1086 1681 eundem,
1106 1609 1144 1669 et
1158 1592 1263 1698 quod
1279 1592 1377 1668 bene
1392 1591 1619 1670 deliberaret
1634 1623 1748 1700 super

323 1723 530 1828 premissis,
561 1739 600 1798 et
626 1722 705 1826 ipse
731 1721 837 1797 testis
865 1719 1119 1825 respondisset
1138 1749 1177 1796 se
1197 1737 1368 1824 paratum
1395 1723 1521 1797 omnia
1543 1723 1745 1815 sustinere,

323 1851 484 1929 finaliter
503 1868 674 1955 receptor
696 1847 784 1926 lecit
799 1877 887 1925 eum
900 1849 1028 1954 jurare
1044 1876 1159 1953 super
1175 1848 1367 1955 quoddam
1382 1850 1547 1942 missale,
1565 1852 1670 1957 quod
1690 1854 1747 1928 di-

326 1997 426 2057 ceret
446 1982 479 2056 ei
501 1980 695 2055 veritatem
715 1978 761 2053 de
777 1978 850 2055 hiis
876 2005 951 2082 que
977 1993 1122 2082 peteret
1144 1976 1191 2054 ab
1213 2006 1275 2066 eo,
1299 1996 1337 2054 et
1355 1980 1468 2085 peciit
1487 1979 1534 2058 ab
1555 2010 1600 2059 eo
1618 1983 1648 2059 si
1670 2001 1747 2059 erat

325 2111 572 2218 conjugatus,
587 2107 646 2184 vel
664 2136 808 2195 servus,
829 2104 887 2182 vel
907 2105 1012 2182 alteri
1030 2105 1203 2213 religioni
1225 2106 1285 2214 vel
1304 2107 1441 2187 debitis
1461 2109 1667 2218 obligatus,
1689 2112 1746 2189 vel

325 2266 478 2346 corpore
500 2238 673 2324 viciatus3
702 2264 779 2342 quo
804 2234 1056 2341 respondente
1077 2238 1182 2344 quod
1201 2265 1295 2329 non,
1323 2237 1409 2315 lecit
1429 2269 1517 2316 eum
1537 2246 1670 2320 vovere
1690 2272 1748 2318 ca-

324 2370 505 2473 stitatem,
526 2367 801 2454 obedienciam,
822 2383 859 2442 et
877 2366 1005 2444 vivere>
1017 2366 1097 2444 sine
1109 2367 1281 2473 proprio,
1297 2384 1335 2444 et
1351 2368 1533 2473 imposuit
1552 2369 1623 2446 sibi
1644 2399 1747 2447 man·

325 2500 476 2591 tellum,
493 2500 618 2604 etipse
632 2513 670 2574 et
680 2495 812 2574 fratres
824 2512 984 2574 astantes
1000 2496 1155 2577 osculati
1172 2495 1329 2575 luerunt
1343 2527 1431 2575 eum
1447 2499 1486 2574 in
1505 2525 1581 2576 ore.
1598 2499 1746 2578 Deinde

326 2632 447 2709 dictus
470 2630 577 2707 testis
599 2629 664 2704 ivit
685 2628 733 2705 ad
759 2627 1040 2716 dormitorium,
1061 2628 1110 2704 ad
1123 2628 1397 2705 extrahendum
1410 2628 1482 2706 sibi
1502 2646 1622 2707 vestes
1641 2659 1748 2708 secu·
1784 2696 1788 2703 .

325 2759 436 2852 lares,
451 2758 549 2837 etad
573 2757 810 2836 induendum
834 2773 955 2834 vestes
974 2757 1137 2851 ordinis,
1155 2759 1400 2864 postmodum
1413 2758 1561 2836 iverunt
1577 2759 1624 2837 ad
1638 2789 1748 2866 pran-

326 2892 450 2981 dium3
488 2919 565 2997 quo
597 2905 766 2994 sumpto,
793 2886 907 2964 frater
933 2889 1146 2965 Bemardus
1177 2890 1403 2995 Burgondus
1433 2889 1606 2982 nacione,
1640 2892 1747 2998 cujus

326 3048 534 3127 cognomen
559 3020 719 3126 ignorat,
750 3019 816 3125 qui
845 3016 1065 3097 interfuerat
1089 3019 1170 3126 ejus
1192 3020 1421 3127 recepcioni,
1449 3020 1556 3098 duxit
1583 3049 1672 3098 eum
1700 3022 1748 3097 ad

327 3149 529 3256 quamdam
547 3176 747 3238 cameram,
762 3177 837 3254 qua
848 3145 1009 3240 firmata,
1028 3149 1195 3256 precepit
1208 3150 1241 3225 ei
1258 3151 1364 3255 quod
1375 3151 1575 3258 abnegaret
1588 3152 1746 3228 Jbesum

327 3279 537 3370 Christum,
558 3295 595 3355 et
617 3278 800 3383 cumipse
819 3279 925 3356 testis
944 3277 1190 3385 responderet
1211 3306 1250 3356 se
1272 3279 1345 3356 boc
1372 3279 1613 3358 nullomodo
1637 3279 1749 3380 lactu-

326 3439 429 3500 rum,
444 3409 567 3486 dictus
577 3407 690 3486 frater
702 3408 916 3486 Remardus
934 3407 1027 3487 dixit
1044 3409 1079 3487 ei
1100 3409 1205 3516 quod
1223 3409 1420 3516 oportebat
1434 3437 1522 3485 eum
1536 3407 1656 3487 lacere
1670 3436 1748 3513 pre-

328 3540 442 3631 dicta,
475 3540 563 3647 quia
592 3541 671 3646 ipse
695 3540 745 3617 ita
774 3539 912 3617 fecerat
936 3539 974 3615 in
1003 3541 1222 3645 recepcione
1247 3568 1329 3631 sua,
1357 3556 1394 3616 et
1417 3515 1508 3616 tunc
1535 3539 1613 3644 ipse
1643 3539 1748 3614 testis

327 3668 521 3775 abnegavit
548 3670 705 3747 lbesum
736 3670 930 3748 Christum
962 3696 1027 3745 ore
1058 3697 1136 3745 non
1164 3668 1288 3744 corde.
1319 3668 1466 3747 Deinde
1491 3669 1611 3747 dictus
1636 3665 1749 3745 frater

327 3796 539 3874 Bernardus
556 3797 724 3902 precepit
740 3797 775 3872 ei
797 3796 902 3902 quod
921 3811 1075 3902 spueret
1093 3825 1205 3902 supra
1220 3795 1423 3902 quamdam
1443 3827 1595 3876 crucem
1617 3796 1749 3873 metal-

329 3926 463 4016 linam,
489 3953 602 4031 quam
626 3925 730 4001 idem
759 3924 973 4001 Bernardus
995 3923 1147 4002 tenebat
1171 3927 1210 4001 in
1234 3953 1349 4001 manu
1373 3954 1456 4016 sua,
1484 3944 1521 4004 et
1544 3927 1623 4032 ipse
1643 3927 1749 4003 testis

328 4057 430 4162 spuit
457 4084 533 4133 non
557 4083 668 4161 supra
687 4054 754 4132 sed
761 4055 869 4162 juxta
893 4054 1029 4131 dictam
1051 4048 1201 4133 crucem
1216 4056 1415 4133 interram.
1431 4058 1562 4134 Postea
1583 4057 1750 4163 precepit

329 4186 362 4263 ei
387 4186 490 4292 quod
512 4185 745 4263 oscularetur
766 4212 856 4261 eum
878 4183 917 4262 in
942 4211 1032 4277 ano;
1056 4184 1123 4262 sed
1146 4186 1225 4293 ipse
1245 4186 1351 4265 testis
1370 4185 1494 4275 noluit
1517 4187 1591 4264 hoc
1608 4185 1746 4276 lacere;

330 4313 466 4392 deinde
489 4316 581 4393 dixit
595 4315 630 4392 ei
645 4313 751 4421 quod
769 4332 915 4422 poterat
935 4314 1130 4393 carnaliter
1144 4316 1377 4393 commisceri
1392 4345 1479 4393 cum
1495 4314 1673 4393 fratribus
1687 4344 1749 4393 or-

330 4445 445 4536 dinis,
472 4461 510 4521 et
532 4446 608 4551 pati
631 4444 737 4552 quod
760 4444 831 4551 ipsi
858 4445 1192 4524 commiscerentur
1219 4475 1306 4523 cum
1334 4475 1396 4537 eo;
1426 4446 1500 4524 boc
1520 4464 1647 4523 tamen
1672 4474 1748 4524 non

329 4574 434 4661 lecit,
452 4603 522 4651 nec
539 4574 611 4651 luit
629 4574 849 4680 requisitus,
873 4602 944 4651 nec
966 4576 1051 4664 scit,
1081 4603 1151 4654 nec
1175 4576 1317 4654 audivit
1335 4577 1440 4683 quod
1455 4577 1588 4654 fratres
1605 4576 1749 4657 ordinis

330 4704 609 4782 committerent
636 4722 830 4811 peccatum
849 4704 1076 4813 predictum.
1093 4683 1181 4784 Post
1198 4734 1272 4814 que
1296 4707 1514 4787 immediate
1532 4708 1685 4786 recessit
1701 4706 1748 4784 de

331 4832 428 4910 dicta
446 4831 559 4912 domo
580 4833 619 4910 in
639 4863 713 4941 qua
727 4853 900 4943 receptus
910 4835 1043 4931 luerat,
1057 4853 1096 4916 et
1116 4853 1252 4915 extunc
1266 4866 1344 4917 non
1360 4836 1432 4916 suit
1449 4839 1488 4915 in
1503 4867 1558 4927 ea,
1576 4837 1749 4917 necvidit
