4080 6052
349 503 415 568 112
727 473 921 566 proces
947 491 1040 562 nus
1063 489 1366 562 rsursrans.
1480 587 1483 591 ἡ

397 641 484 715 Post
500 638 586 724 hec,
604 635 665 711 die
682 634 808 711 Martis
825 631 1012 738 sequenti,
1029 658 1103 736 que
1121 629 1192 706 fuit
1208 629 1340 706 ultima
1357 629 1440 706 dies
1454 629 1596 705 mensis
1614 631 1761 720 Marcii,

343 769 496 845 fuerunt
517 764 665 842 adducti
689 763 735 839 ad
760 745 990 867 presenciam
1017 760 1203 836 dictorum
1225 761 1466 837 dominorum
1489 760 1763 838 commissario·-

343 928 444 986 rum,
467 898 506 971 in
528 893 665 1000 capella
690 892 891 968 adherente
917 891 1013 966 dicte
1043 890 1128 966 aule
1157 891 1371 996 episcopali,
1393 889 1631 995 supradictus
1649 889 1761 967 frater

343 1025 580 1134 Raymondus
605 1024 651 1098 de
674 1019 1046 1129 Vassinhiacormiles
1069 1020 1343 1097 Lemovicensis
1358 1018 1539 1108 diocesis,
1563 1019 1604 1094 iu
1628 1020 1759 1097 habitu

344 1157 515 1243 seculari,
534 1181 610 1228 non
628 1150 857 1255 Templario,
878 1151 925 1225 de
946 1178 1023 1255 quo
1043 1149 1184 1225 dictum
1204 1149 1328 1237 fuerat
1341 1177 1386 1224 ex
1400 1165 1505 1253 parte
1525 1149 1759 1255 Templario·

344 1314 429 1361 rum
447 1302 484 1361 et
503 1298 674 1388 presente
695 1279 937 1356 multitudine
957 1279 1141 1384 ipsorum,
1160 1278 1201 1353 in
1218 1278 1410 1383 presencia
1430 1277 1620 1353 dictorum
1640 1278 1758 1356 domi·

344 1444 480 1491 norum
501 1410 856 1494 commissariorum,
884 1408 987 1513 quod
1011 1407 1222 1512 ipsehater
1244 1406 1485 1514 Raymondus
1502 1407 1704 1485 tenebatur
1721 1411 1758 1485 iu

345 1544 505 1650 quadam
530 1542 634 1617 fovea
658 1540 854 1616 inhonesta
878 1566 946 1643 per
969 1538 1126 1644 regales,
1149 1555 1187 1614 et
1211 1537 1314 1643 quod
1339 1537 1683 1615 dictumordinen·
1696 1541 1760 1623 de-

345 1672 497 1767 fendere
515 1671 674 1756 volebat,
695 1670 725 1745 si
743 1667 991 1744 adduceretur
1006 1696 1130 1744 coram
1148 1667 1247 1772 ipsis.
1265 1667 1343 1760 Qui
1360 1666 1617 1772 Raymondus‚
1636 1696 1759 1746 coram

346 1801 452 1878 dictis
472 1801 635 1876 dominis
660 1797 920 1874 commissoriis
945 1798 1127 1873 adductus
1152 1813 1190 1872 et
1213 1823 1384 1901 presens,
1406 1796 1500 1871 dixit
1521 1795 1627 1901 quod.
1641 1796 1758 1887 hene,

348 1949 385 2007 et
400 1932 555 2011 honeste
574 1947 611 2004 et
628 1926 836 2004 seeundum
849 1926 1077 2003 voluntatem
1094 1954 1199 2002 suam
1216 1925 1426 2013 tenebatur,
1444 1942 1482 2001 et
1497 1924 1761 2029 pmqidebatur

348 2060 492 2145 eidem,
519 2077 556 2133 et
584 2056 787 2160 requisitus
816 2054 846 2130 si
876 2054 1020 2132 volebat
1048 2056 1221 2132 ordinem
1250 2052 1454 2130 defendere
1482 2052 1759 2159 supradictum,

346 2184 538 2290 respondit
556 2183 660 2288 quod
679 2211 770 2272 non,
789 2183 964 2289 adjiciens
981 2184 1085 2289 quod
1103 2210 1181 2259 non
1196 2183 1399 2281 dimisisset
1409 2181 1590 2260 habitum
1597 2183 1757 2272 ordinis,

349 2315 378 2389 si
396 2314 573 2391 voluisset
591 2341 678 2389 eum
697 2313 911 2390 defendere.
1169 2408 1173 2415 ⁶

404 2444 511 2532 ltem,
529 2442 640 2521 frater
659 2424 815 2521 Mathias
838 2443 884 2520 de
907 2444 1072 2548 Stangno
1088 2444 1320 2521 Turonensis
1337 2443 1507 2519 diocesis.
1522 2442 1600 2536 Qui
1615 2469 1761 2550 respon·

349 2573 404 2650 dit
424 2574 641 2679 requisitus,
666 2602 705 2649 se
727 2572 821 2648 velle
844 2572 1046 2647 defendere
1069 2573 1242 2647 ordinem
1267 2588 1530 2649 memoratum.
1549 2573 1780 2678 Requisitus

349 2720 392 2778 ut
409 2703 631 2807 exprimeret
648 2701 835 2804 quidquid
855 2700 1001 2777 volebat
1024 2700 1148 2776 dicere
1170 2702 1218 2777 ad
1240 2701 1499 2779 defensionem
1520 2702 1664 2779 ordinis
1679 2729 1761 2807 pre·

350 2832 453 2917 dicti,
475 2829 668 2934 respondit
696 2831 768 2905 hoc
792 2829 916 2905 solum
941 2829 1044 2933 quod
1069 2858 1263 2935 nunquam
1282 2831 1423 2908 viderat
1446 2832 1486 2906 in
1511 2831 1611 2908 dicto
1631 2831 1761 2908 ordine

350 2959 419 3033 nisi
439 2957 599 3045 honum,
624 2976 661 3033 et
680 2959 782 3063 quod
802 2960 916 3035 nichil
937 2959 1039 3035 aliud
1063 2960 1209 3036 volebat
1233 2988 1302 3036 nec
1325 2961 1466 3038 sciehat
1490 2961 1615 3038 dicere
1633 2963 1681 3038 ad
1698 2962 1762 3036 de-

352 3086 558 3162 fensionem
576 3086 716 3163 ordinis
734 3088 945 3192 supradicti.

406 3217 514 3303 ltem,
534 3216 573 3291 in
594 3215 727 3291 eodem
745 3216 827 3292 loco
848 3216 919 3292 fuit
939 3218 1153 3295 ordinatum
1172 3247 1241 3324 per
1258 3220 1447 3325 predictos
1462 3221 1641 3298 dominos
1666 3249 1782 3297 com··

352 3344 536 3421 missarios
554 3363 592 3420 et
610 3363 827 3450 preceptum
847 3347 962 3422 michi
980 3347 1221 3424 Floriamonti
1239 3349 1438 3426 Dondedei
1458 3368 1496 3425 et
1513 3349 1594 3425 aliis
1611 3350 1763 3424 notariis

351 3474 464 3578 hujus
485 3503 693 3580 processus,
717 3477 821 3581 quod
842 3476 1086 3580 personaliter
1110 3480 1371 3555 accederemus
1392 3479 1438 3555 ad
1462 3477 1540 3553 loca
1562 3477 1600 3550 in
1622 3475 1762 3580 quihus

352 3578 613 3680 detinebantur
634 3605 852 3710 Templarii,
880 3606 946 3710 qui
976 3605 1036 3681 die
1068 3606 1192 3683 Sahati
1217 3608 1387 3711 proximo
1413 3605 1585 3712 preterita
1614 3604 1764 3681 fuerant

352 3762 475 3810 coram
499 3735 640 3809 eisdem
666 3735 827 3810 dominis
856 3736 1116 3813 commissariis
1143 3738 1181 3812 in
1203 3738 1377 3815 viridario
1400 3734 1629 3840 supradicto,
1657 3752 1766 3810 etex

351 3881 453 3966 parte
474 3864 641 3968 ipsorum
665 3864 906 3938 dominorum
928 3864 1267 3941 commissariorum
1293 3863 1598 3973 signifficaremus
1623 3863 1764 3940 eisdem

352 3995 454 4098 quod
471 3994 585 4099 parati
603 4011 708 4070 erant
726 3995 891 4099 recipere
910 4011 947 4068 et
967 3995 1096 4071 audire
1114 3996 1443 4101 procuratores„si
1454 4022 1550 4101 quos
1566 3994 1766 4072 constitue-

353 4141 449 4214 rant,
474 4142 587 4229 prout
613 4125 660 4200 ad
687 4125 787 4230 ipsos
806 4123 1038 4228 Templarios
1056 4126 1243 4229 pertinere
1262 4143 1409 4231 poterat
1436 4124 1484 4200 ad
1510 4107 1764 4200 defensionem

355 4249 494 4326 ordinis
514 4253 677 4358 Templi,
700 4270 738 4330 et
757 4253 887 4348 audire
908 4252 1160 4342 defensiones,
1182 4255 1211 4331 si
1235 4283 1327 4360 quas
1346 4280 1557 4360 proponere
1575 4249 1764 4337 uolebant,

354 4379 559 4456 secundum
573 4385 675 4487 quod
688 4384 726 4458 in
740 4382 837 4457 dicta
850 4380 911 4456 die
925 4381 1048 4459 Sahati
1062 4383 1183 4460 fuerat
1195 4384 1363 4460 oblatum
1379 4383 1522 4460 eisdem
1533 4380 1763 4485 Templariis.

354 4506 440 4582 Fuit
459 4508 610 4612 insuper
629 4513 844 4588 ordinatum
865 4525 906 4587 ¹et
928 4505 1146 4616 preceptum
1170 4540 1238 4618 per
1260 4513 1380 4590 dictos
1399 4512 1573 4588 dominos
1596 4509 1766 4586 commis·

356 4633 483 4717 sarios,
505 4637 657 4737 quodsi
678 4638 765 4715 dicti
787 4635 1006 4740 Templarii,
1031 4640 1089 4717 vel
1117 4670 1249 4719 eorum
1272 4642 1404 4748 aliqui,
1431 4639 1606 4746 volebant
1627 4633 1765 4742 ahquid
1851 4632 1852 4640 ¹

358 4754 478 4831 dicere
494 4785 562 4862 pro
577 4760 791 4841 defensione
805 4765 894 4841 dieti
910 4765 1066 4858 ordinis,
1083 4773 1187 4877 quod
1201 4771 1297 4849 illud
1315 4771 1563 4848 scriberemus
1581 4767 1642 4844 rel
1654 4760 1765 4842 seribi
