4148 6052
327 545 397 614 roo
709 519 903 615 procus
928 537 1024 610 nus
1050 537 1352 610 murmuras.

323 681 393 757 nisi
410 679 517 786 qnod
533 679 741 756 visitatores
759 695 797 755 et
810 693 1051 784 preceptores
1064 676 1163 754 bene
1175 674 1422 782 imponebant
1431 700 1551 780 penas
1563 672 1747 755 fratribus

321 808 480 914 predicti
499 807 641 885 ordinis
647 867 668 924 ’.
677 808 725 885 de
743 807 978 891 comedendo
996 805 1045 881 ad
1059 822 1201 882 terram
1217 832 1333 910 super
1348 801 1551 881 mantellos
1565 832 1669 883 suos.

378 940 490 1024 Item,
508 963 623 1042 super
640 952 726 1014 xrx⁰
741 935 900 1014 articulo
919 953 957 1012 et
975 934 1057 1012 aliis
1074 933 1322 1042 sequentibus
1336 961 1459 1040 usque
1478 932 1528 1011 ad
1544 961 1673 1013 mun
1685 964 1747 1013 re·

323 1068 499 1174 quisitus3
520 1067 719 1173 respondit
738 1067 779 1143 id
797 1066 903 1173 quod
921 1092 1035 1172 supra
1054 1082 1093 1141 et
1110 1064 1228 1142 nichil
1246 1064 1347 1171 plus.

380 1200 491 1286 Item,
507 1225 622 1304 super
634 1225 759 1277 xxxnu
772 1196 931 1275 articulo
946 1214 985 1273 et
997 1194 1080 1273 aliis
1096 1194 1343 1303 sequentibus
1359 1222 1481 1301 usque
1498 1193 1548 1274 ad
1560 1222 1610 1274 ιι
1627 1197 1749 1305 requi

324 1330 434 1423 situs,
455 1329 650 1435 respondit
667 1328 773 1436 quod
795 1327 875 1433 ipse
896 1325 945 1405 ad
963 1326 1182 1403 mandatum
1202 1325 1305 1402 illins
1323 1326 1390 1432 qui
1407 1325 1552 1432 recepit
1576 1355 1669 1406 eum
1683 1327 1747 1435 ju·

323 1460 416 1536 ravit
434 1487 549 1566 super
568 1460 772 1566 quemdam
789 1456 933 1535 librum
948 1458 1062 1564 quod-
1073 1457 1154 1563 ipse
1169 1456 1313 1534 dictum
1328 1441 1503 1536 ordinem
1513 1486 1594 1536 non
1610 1459 1745 1549 exiret,

325 1607 363 1667 et
379 1591 498 1668 credit
515 1591 620 1697 quod
636 1619 768 1667 omnes
785 1588 848 1665 alii
864 1588 933 1696 qui
949 1588 1225 1694 recipiebantur
1236 1587 1282 1664 -in
1299 1587 1400 1665 dicto
1418 1587 1553 1666 ordine
1572 1588 1676 1668 idem
1694 1590 1749 1668 sa·

324 1739 467 1809 cerunt,
497 1722 642 1827 etipse
671 1723 744 1799 hoc
778 1719 871 1797 vidit
898 1719 946 1796 de
972 1719 1142 1825 predicto
1170 1717 1283 1796 lratre
1311 1719 1423 1796 Petro
1451 1719 1501 1796 de
1528 1719 1747 1799 Chatenbac

324 1851 476 1957 quando
504 1848 578 1927 fuit
604 1867 793 1956 receptus,
825 1866 863 1926 et
890 1848 996 1956 quod
1023 1848 1148 1927 statim
1171 1847 1442 1954 reputabantur
1464 1876 1536 1954 pro
1554 1847 1743 1955 professis.

324 1983 435 2068 Item,
458 1979 551 2056 dixit
568 1980 673 2086 quod
692 1979 931 2085 recepciones
946 1978 1135 2057 dictorum
1150 1976 1308 2055 fratrum
1324 1976 1467 2054 liebant
1481 1978 1745 2071 clamdestine,

326 2109 467 2185 scilicet
488 2108 615 2216 januis
642 2106 789 2185 sortiter
815 2107 966 2196 clausis,
995 2125 1034 2185 et
1060 2106 1175 2184 nullis
1203 2106 1442 2213 presentibus
1467 2107 1540 2185 nisi
1566 2107 1747 2189 fratribus

327 2239 417 2316 dicti
438 2239 592 2316 ordinis.
614 2239 830 2345 Requisitus
853 2237 1016 2345 qualiter
1040 2239 1109 2316 scit
1134 2240 1227 2326 hoc,
1245 2238 1441 2344 respondit
1459 2237 1566 2345 quod
1584 2241 1677 2348 quia
1694 2241 1746 2319 vi·

327 2370 382 2446 dit
403 2368 451 2445 de
471 2398 510 2446 se
531 2368 612 2446 fieri
635 2386 673 2446 et
691 2369 827 2446 servari
848 2369 887 2444 in
906 2369 1126 2475 recepcionc
1146 2397 1215 2445 sua
1234 2385 1273 2444 et
1292 2367 1381 2445 dicti
1400 2365 1524 2445 lratris
1542 2368 1586 2447 P.
1606 2370 1657 2448 de
1676 2372 1747 2450 Cu-

325 2501 495 2588 tenhaco,
515 2516 554 2575 et
571 2498 691 2575 credit
707 2499 812 2606 quod
830 2500 967 2577 codem
983 2499 1098 2578 modo
1114 2497 1231 2576 fiebat
1249 2514 1287 2576 et
1302 2497 1518 2575 servabatur
1534 2497 1575 2575 in
1592 2500 1745 2593 ordinm

327 2631 420 2708 dixit
439 2630 557 2709 eciam
580 2630 687 2737 quod
706 2659 751 2707 ex
771 2630 1000 2708 clandestina
1023 2631 1242 2737 recepcionc
1262 2626 1335 2707 suit
1357 2629 1562 2708 vehemens
1580 2632 1746 2738 suspicio

327 2760 616 2839 contradictum
636 2761 811 2837 ordinem
830 2789 852 2837 a
870 2761 959 2838 satis
978 2761 1100 2867 longis
1118 2761 1366 2867 temporibus.
1398 2820 1403 2831 .

382 2892 493 2980 Item,
510 2918 624 2995 super
642 2918 687 2968 η
708 2892 865 2968 articulo
886 2908 924 2967 et
941 2891 1024 2968 aliis
1043 2891 1289 2997 sequentibus
1308 2921 1429 2998 usque
1449 2890 1497 2970 ad
1516 2919 1599 2974 xuvr
1616 2897 1746 3003 requi-

326 3021 436 3108 situs,
457 3021 653 3126 respondit
670 3022 775 3128 quod
798 3048 995 3128 nunquam
1018 3022 1163 3100 audivit
1186 3021 1266 3099 dari
1284 3020 1389 3099 illam
1408 3021 1620 3118 licenciam,
1640 3028 1744 3132 quod

327 3179 427 3227 unus
450 3179 536 3226 cum
561 3150 634 3228 alio
655 3169 785 3257 posset
808 3151 867 3228 vel
887 3151 1044 3229 deberet
1066 3181 1106 3230 se
1126 3151 1321 3229 carnaliter
1340 3152 1604 3245 commiscere;
1626 3155 1746 3234 immo

328 3281 447 3357 credit
469 3283 574 3387 quod
602 3300 700 3359 esset
724 3282 985 3390 gravissimum
1007 3300 1203 3389 peccatum
1223 3300 1261 3360 et
1278 3282 1401 3360 facere
1423 3300 1462 3359 et
1478 3284 1570 3389 pisti.
1591 3284 1746 3364 Audiuit

325 3429 451 3488 tamen
467 3413 552 3504 dici,
574 3412 672 3490 bene
692 3431 780 3490 sunt
797 3415 929 3491 decem
947 3414 1045 3506 anni,
1060 3416 1166 3520 quod
1180 3415 1280 3492 ultra
1292 3444 1397 3493 mare
1412 3415 1528 3523 aliqui
1542 3415 1676 3496 fratres
1690 3420 1746 3495 in·

326 3561 384 3618 ter
403 3571 442 3618 se
463 3544 747 3620 committebant
766 3544 860 3620 illud
881 3562 1090 3651 peccatum,
1110 3574 1186 3622 non
1203 3562 1330 3623 tamen
1347 3546 1467 3622 credit
1482 3548 1589 3652 quod
1604 3550 1676 3626 hoc
1695 3549 1746 3625 sit

327 3672 374 3748 dc
399 3671 554 3748 licencia
573 3672 738 3778 Magistri
760 3700 830 3750 nec
849 3673 896 3750 dc
923 3689 1062 3752 statuto
1081 3674 1226 3753 ordinis
1252 3676 1468 3783 supradicti.
1488 3678 1744 3784 Requisitusa

326 3803 466 3910 quibus
486 3803 563 3880 boc
583 3803 726 3879 audivit
745 3804 836 3896 dici,
858 3806 1054 3910 respondit
1081 3807 1187 3912 quod
1211 3837 1232 3884 a
1255 3807 1483 3914 quibuisdm
1511 3808 1746 3889 secularibus

327 3951 363 4010 ct
388 3935 506 4012 eciam
530 3934 577 4012 ab
597 3935 786 4041 aliquibus
811 3934 990 4014 fratribus
1015 3936 1105 4013 dicti
1134 3937 1292 4032 ordinis,
1316 3940 1382 4046 qui
1405 3938 1557 4017 luerunt
1579 3957 1619 4017 et
1640 3969 1747 4018 rene

326 4083 409 4141 rant
425 4066 473 4142 de
491 4066 591 4143 ultra
606 4094 727 4153 mare,
745 4066 792 4143 dc
810 4094 975 4173 quorum
993 4066 1213 4145 nominibus
1229 4096 1306 4146 non
1324 4068 1554 4161 recordatur,
1573 4086 1619 4148 ut
1638 4070 1742 4148 dixit.

382 4195 492 4283 Item,
510 4224 624 4302 super
638 4223 722 4275 xuvr
737 4213 776 4272 et
790 4196 872 4274 aliis
886 4197 1132 4302 sequentibus
1147 4198 1313 4274 articulis
1331 4227 1452 4304 usquc
1468 4199 1518 4276 ad
1531 4226 1601 4278 nxv
1618 4200 1745 4306 requi-

326 4322 436 4413 situs,
458 4328 653 4433 respondit
671 4329 778 4434 quod
797 4328 876 4432 ipse'
902 4328 1021 4405 nescit
1038 4357 1108 4406 nec
1130 4328 1225 4405 vidit
1243 4329 1341 4405 illud
1358 4329 1533 4435 ydolum,
1554 4357 1625 4407 nec
1647 4329 1746 4408 illud

326 4454 462 4560 capud,
485 4485 555 4533 nec
575 4459 718 4536 audivit
742 4458 815 4533 dici
836 4458 942 4563 quod
961 4475 1086 4536 esseut
1105 4459 1144 4535 in
1169 4459 1301 4536 ordine
1325 4459 1397 4535 nisi
1417 4477 1504 4564 post
1526 4460 1744 4566 capcionem

328 4610 475 4674 corum,
490 4612 561 4660 nec
579 4587 695 4662 eciam
713 4587 834 4664 credit
851 4587 923 4662 nisi
940 4605 1124 4692 quantum
1140 4606 1179 4665 ct
1194 4605 1309 4694 prout
1326 4589 1534 4694 supradixit
1550 4590 1600 4666 de
1615 4570 1745 4667 cordu-

326 4711 389 4798 lis3
405 4711 453 4787 de
471 4712 554 4787 aliis
571 4717 756 4809 contentis
772 4717 812 4792 in
830 4716 939 4793 dictis
956 4717 1133 4810 articulis,
1153 4717 1247 4795 dixit
1264 4746 1303 4795 se
1320 4716 1440 4827 [noui]
1457 4719 1621 4825 amplius
1634 4721 1739 4798 scire.

382 4839 492 4928 Item,
509 4868 623 4946 super
638 4868 705 4921 mv
721 4862 759 4921 et
774 4846 856 4924 aliis
875 4848 1121 4952 sequentibus
1141 4849 1306 4928 articulis
1322 4878 1442 4956 usque
1459 4850 1508 4927 ad
1526 4876 1638 4931 nxxru
1657 4850 1746 4929 arti·
