4080 6052
690 532 889 625 esoces
914 551 1010 623 oss
1034 551 1337 624 rsursruns
1648 551 1722 624 sao

281 723 286 731 ·
304 698 363 776 vel
383 694 604 774 informatus
623 709 667 770 ut
682 692 734 768 sic
748 691 973 798 deponeret,
992 692 1188 798 respond-it
1204 693 1309 799 quod
1323 718 1417 781 non,
1441 707 1479 766 et
1497 689 1569 767 luit
1585 691 1725 771 inhibi-

304 847 388 907 tum
405 826 476 905 sibi
500 853 570 931 per
590 824 709 902 dictos
727 815 908 900 ¹dominos
929 823 1203 901 commissarios
1229 822 1333 929 quod
1354 849 1432 899 non
1454 820 1634 898 revelaret
1660 822 1725 898 de-

303 960 537 1066 posicionem
554 984 663 1034 suam
682 955 889 1061 predictam
908 954 989 1030 aliis
1006 981 1206 1060 quousque
1225 950 1368 1031 luserint
1385 953 1584 1060 publicato.

360 1091 451 1167 Acta
465 1087 623 1165 fuerunt
635 1086 706 1164 hec
723 1084 901 1190 predictis
917 1085 978 1160 die
998 1084 1112 1174 Jovis,
1134 1101 1173 1161 et
1192 1085 1232 1160 in
1249 1082 1414 1190 cappella
1428 1083 1596 1188 predicta
1610 1085 1724 1160 sancti

304 1218 447 1326 Elligii,
467 1215 708 1323 presentibus
727 1214 904 1322 magistro
922 1214 1083 1304 Amisio,
1105 1243 1166 1291 me
1186 1214 1440 1292 Floriamonte
1464 1212 1663 1290 Dondedei
1689 1230 1727 1289 et

308 1347 389 1426 aliis
408 1348 562 1425 notariis
580 1373 690 1452 supra
709 1343 881 1451 proximo
901 1343 1114 1421 nominatis.

293 1680 298 1689 .
364 1611 452 1686 Post
476 1610 565 1697 hec,
589 1607 651 1685 die
670 1606 827 1686 Veneris
852 1607 1041 1712 sequenti,
1061 1634 1135 1713 que
1160 1606 1232 1685 fuit
1252 1620 1328 1686 v111·
1348 1606 1429 1684 dies
1453 1605 1594 1681 mensis
1618 1605 1724 1694 Maii,

307 1756 563 1817 convenerunt
583 1739 621 1814 in
643 1738 741 1815 dicta
761 1736 901 1844 capella
921 1738 1037 1815 sancti
1055 1737 1189 1845 Ellegii
1209 1738 1368 1844 predicti
1389 1737 1533 1814 domini
1554 1736 1728 1812 commis-

306 1872 408 1959 sarii,
431 1871 594 1977 exceptis
615 1870 779 1947 dominis
797 1867 1027 1946 Narbonensi
1049 1886 1088 1945 et
1105 1869 1316 1978 Bajocensi,
1337 1897 1448 1974 supra
1474 1868 1668 1954 excusatis,
1691 1884 1729 1943 et

305 1999 379 2077 fuit
393 2000 578 2078 adductus
597 1999 645 2075 ad
658 1999 890 2104 presenciam
906 1998 1146 2091 eorumdem,
1161 2016 1205 2076 ut
1218 1999 1425 2104 deponeret
1437 1998 1581 2073 dictum
1597 2026 1726 2085 suum,

308 2127 470 2206 Gilletus
497 2128 544 2205 de
567 2129 752 2235 Encreyo,
778 2128 974 2205 Remensis
1000 2129 1173 2219 diocesis,
1196 2128 1235 2204 in
1259 2128 1393 2205 habitu
1418 2128 1593 2220 seculari,
1614 2127 1729 2205 barba

308 2286 424 2345 rasus,
436 2257 542 2334 testis
554 2253 667 2361 supra
671 2256 834 2363 juratus,
843 2257 968 2343 etatis,
981 2273 1026 2331 ut
1036 2256 1145 2347 dixit,
1158 2284 1204 2333 nx
1214 2284 1399 2333 annorum
1408 2257 1468 2334 vel
1481 2258 1576 2333 circa
1589 2258 1636 2333 de
1646 2285 1730 2363 pre·

309 2388 423 2477 senti;
439 2384 592 2491 quando
608 2412 695 2462 vero
711 2384 862 2462 intravit
876 2384 1050 2461 ordinem
1066 2385 1159 2461 dixit
1175 2384 1280 2490 quod
1295 2402 1376 2460 erat
1387 2413 1424 2473 s,
1442 2402 1480 2461 et
1492 2386 1597 2489 quod
1609 2383 1731 2461 luerat

309 2534 480 2623 receptus
501 2516 540 2591 in
565 2513 718 2592 fratrem
745 2515 968 2591 servientem
997 2514 1169 2621 ejusdem
1189 2514 1349 2601 ordinis,
1375 2531 1412 2591 et
1441 2531 1519 2591 erat
1548 2514 1734 2592 laborator

309 2674 484 2754 agrorum
506 2661 543 2720 et
563 2660 689 2721 custos
714 2644 945 2719 animalium.
968 2644 1184 2749 Requisitus
1209 2644 1239 2720 si
1261 2642 1350 2722 alias
1369 2644 1492 2721 fuerat
1509 2645 1730 2752 inquisitum

309 2806 395 2853 cum
416 2773 521 2852 eoin
541 2775 696 2881 negocio
722 2773 1040 2880 Templariorum,
1070 2774 1265 2879 respondit
1291 2774 1397 2881 quod
1426 2776 1480 2852 sic
1505 2775 1667 2852 Parisios
1693 2777 1732 2851 in

308 2904 467 3010 Templo
492 2931 561 3009 per
579 2902 711 2980 fratres
730 2903 986 2979 Predicatores
1007 2920 1045 2980 et
1066 2902 1310 3008 postmodum
1330 2899 1400 2980 alia
1420 2905 1498 2982 vice
1519 2933 1589 3011 per
1612 2904 1733 2982 domi-

308 3064 402 3112 num
420 3035 638 3140 episcopum
655 3033 901 3110 Parisiensem
920 3033 959 3108 in
976 3032 1060 3109 aula
1074 3062 1152 3125 sua,
1170 3050 1208 3111 et
1224 3034 1317 3111 dixit
1332 3035 1437 3141 quod
1453 3034 1575 3112 luerat
1592 3066 1731 3143 suppo-

300 3166 404 3242 ·situs
424 3161 686 3268 questionibus
705 3163 746 3237 in
761 3161 922 3267 Templo
941 3163 1054 3267 paulo
1073 3181 1159 3269 post
1177 3164 1393 3270 capcionem
1411 3165 1729 3271 Templariomm3

312 3312 349 3371 et
368 3293 543 3399 expositis
563 3291 740 3370 omnibus
755 3309 794 3369 et
809 3290 967 3400 singulis
986 3292 1148 3370 articulis
1168 3292 1257 3381 sibi,
1273 3292 1468 3401 respondit
1487 3310 1530 3370 ut
1547 3295 1728 3401 sequitur.

366 3424 408 3500 ln
423 3424 555 3529 primis
564 3423 770 3530 requisitus
783 3450 899 3529 super
912 3425 1044 3530 primis
1060 3451 1096 3505 tv
1110 3423 1286 3515 articulis,
1303 3423 1350 3500 de
1367 3424 1628 3530 abnegacione,
1641 3442 1730 3515 etc,

311 3554 505 3662 respondit
523 3583 562 3632 se
582 3553 698 3632 fuisse
716 3570 910 3660 receptum
929 3555 969 3630 in
989 3555 1089 3632 dicto
1109 3554 1242 3632 ordine
1262 3554 1302 3629 in
1323 3554 1460 3631 diocesi
1480 3556 1674 3645 Remensi,
1693 3555 1732 3628 in

312 3685 425 3763 domo
436 3684 525 3760 dicti
538 3685 681 3761 ordinis
692 3701 819 3771 vocata
831 3684 1089 3777 Serenicourt,
1100 3713 1168 3790 per
1180 3682 1332 3760 fratrem
1345 3684 1554 3761 lohannem
1568 3685 1614 3762 de
1631 3683 1733 3763 Cella

311 3830 570 3920 preceptorem
590 3814 686 3890 dicte
707 3812 860 3900 domus,
882 3814 922 3890 in
942 3815 1002 3891 die
1024 3807 1195 3892 omnium
1215 3815 1436 3892 Sanctorum
1454 3815 1604 3891 instanti
1623 3833 1734 3892 erunt

313 3968 391 4024 v1111
404 3943 508 4033 anni,
521 3959 559 4019 et
573 3942 666 4019 dixit
681 3943 786 4048 quod
800 3944 952 4050 quando
967 3945 1039 4022 luit
1055 3963 1242 4050 receptus,
1262 3944 1432 4021 fecerunt
1446 3973 1535 4021 eum
1550 3947 1676 4021 venire
1687 3947 1734 4023 ad

313 4072 493 4180 capellam
508 4072 606 4151 dicte
624 4072 774 4166 domus,
793 4091 832 4151 et
848 4072 982 4152 clausis
993 4075 1120 4184 januis
1136 4073 1209 4151 suit
1224 4090 1433 4179 aportatum
1448 4102 1568 4150 unum
1585 4077 1733 4154 missale

314 4223 352 4283 et
363 4221 562 4313 appertum
575 4231 700 4282 coram
716 4230 772 4291 eo,
786 4219 826 4280 et
837 4203 909 4281 luit
920 4206 1081 4311 petitum
1092 4206 1194 4282 abeo
1210 4205 1241 4282 si
1257 4222 1335 4281 erat
1348 4205 1567 4313 conjugatus
1577 4205 1633 4283 vel
1646 4208 1734 4285 alias

312 4337 459 4445 ligatus,
470 4353 605 4413 etcum
616 4334 872 4451 respondisset
882 4335 986 4441 quod
997 4363 1086 4425 non,
1099 4335 1166 4413 sed
1178 4335 1283 4443 quod
1292 4335 1475 4414 habuerat
1486 4336 1578 4414 duas
1589 4366 1734 4426 uxores,

313 4465 385 4542 luit
412 4464 445 4541 ei
474 4464 617 4542 dictum
641 4492 711 4571 per
737 4463 879 4542 dictum
904 4465 1057 4544 fratrem
1082 4466 1292 4544 lobannem
1322 4466 1369 4543 de
1396 4465 1500 4544 Cella
1526 4466 1631 4574 quod
1659 4468 1737 4575 ipse

313 4592 473 4671 deberet
485 4594 606 4672 vivere
623 4612 735 4685 caste,
755 4594 835 4672 sine
852 4597 1005 4704 proprio
1019 4613 1057 4674 et
1071 4596 1143 4674 sub
1161 4595 1379 4675 obediencia
1398 4597 1634 4704 superiorum
1651 4626 1736 4676 suo-

312 4751 417 4814 rum,
441 4739 479 4799 et
497 4724 664 4830 predicta
677 4723 816 4832 juravit
834 4754 949 4832 super
968 4727 1112 4804 dictum
1134 4726 1293 4803 missale.
1315 4725 1461 4804 Deinde
1485 4727 1598 4832 peciit
1621 4727 1667 4805 ab
1689 4758 1733 4806 eo

314 4852 440 4933 dictus
463 4853 578 4934 frater
600 4858 788 4936 lohannes
813 4858 843 4934 si
869 4857 1045 4937 credebat
1067 4860 1106 4936 in
1131 4857 1241 4936 illum
1269 4859 1376 4967 cujus
1399 4860 1667 4937 rememoratio
1697 4876 1733 4934 et

400 4992 569 5057 succisor-s
580 5015 751 5059 rsursrsss.
764 5017 838 5057 -ι,
1524 4997 1560 5056 32
