4080 6052
697 494 891 589 raocss
918 513 1012 587 nas
1039 517 1371 634 renarrans..
1660 529 1729 598 119

311 655 357 733 in
374 655 474 739 dicto
498 653 688 745 viridario,
717 653 816 730 dicta
839 653 901 730 die
925 654 1067 746 Sabati,
1093 657 1267 734 videlicet
1285 657 1416 736 fratres
1433 659 1560 739 Guido
1580 662 1634 738 du
1654 666 1733 742 Me—

311 785 364 864 nil
390 802 587 893 preceptor
607 785 655 862 de
687 785 841 870 Somus,
871 785 1065 865 Dionisius
1088 787 1135 864 de
1159 789 1292 867 Savere
1320 786 1527 895 presbyter,
1552 790 1665 867 Oddo
1684 794 1731 868 de

310 915 528 1004 Grenulhii,
561 915 789 997 Guillelmus
822 914 869 992 de
898 917 1021 1032 Benay
1059 919 1268 1026 presbyter,
1301 920 1513 1026 Stephanus
1542 919 1731 1003 Niconde

308 1047 570 1135 Duostreville,
591 1048 732 1154 Symon
748 1046 784 1123 la
800 1047 912 1137 Font,
931 1049 1117 1128 Rohertns
1135 1051 1182 1127 de
1201 1052 1382 1157 Sanceyo,
1400 1051 1614 1156 Stephanus
1632 1051 1732 1131 Vno

308 1177 433 1283 quier,
456 1178 497 1253 Ρ.
516 1176 681 1266 Gresilh,
702 1176 928 1255 Guillelmus
946 1179 993 1255 de
1011 1181 1189 1287 Stampis,
1208 1180 1397 1258 lohannes
1415 1182 1468 1258 du
1485 1180 1643 1288 Meynil,
1664 1182 1733 1258 Ar-

285 1335 291 1347 ·
308 1307 476 1413 riulphus
493 1308 570 1386 deu
589 1309 792 1414 Pergoche,
815 1308 1036 1415 Radulphus
1052 1298 1254 1417 Dungalel,
1274 1310 1515 1390 Gunulredus
1531 1311 1728 1400 Basiliam,

308 1437 348 1513 P.
369 1437 416 1514 de
439 1436 582 1528 Belvas,
606 1439 780 1518 Matheus
803 1439 849 1515 de
873 1439 1171 1519 Chuellodeville
1197 1440 1244 1517 de
1265 1440 1502 1529 Cormalbes,
1528 1440 1738 1538 Guuardus‘

308 1568 480 1675 Boyleve,
501 1571 542 1647 P.
565 1570 611 1647 de
634 1570 803 1676 Chenay,
823 1569 1043 1678 Arnulphus
1059 1573 1229 1676 Domput
1248 1589 1285 1650 ot
1302 1570 1535 1678 ¹Guillelmus
1555 1570 1601 1646 de
1624 1570 1732 1649 Guil-

306 1698 422 1779 heval.
446 1701 522 1793 Qui
540 1700 710 1807 requisiti
728 1718 772 1778 ut
788 1701 1044 1808 suprascripti,
1063 1702 1341 1808 responderunt
1359 1702 1464 1808 quod
1486 1701 1623 1779 nolunt
1644 1728 1731 1777 con·
1828 1779 1831 1786 ,

306 1829 459 1909 stituere
476 1849 736 1937 procuratores
753 1831 802 1908 ad
818 1831 1075 1911 defensionem
1096 1833 1255 1922 ordinis,
1275 1833 1342 1910 sed
1364 1832 1470 1938 quod
1485 1830 1647 1938 quilibet
1663 1859 1731 1935 per

306 1986 347 2035 se
366 1961 446 2040 vult
467 1960 670 2041 defendere
690 1962 863 2041 ordinem
886 1964 1157 2070 supradictum,
1182 1981 1295 2070 prout
1317 1963 1387 2038 sibi
1409 1961 1599 2039 videbitur
1620 1949 1730 2067 eipe-

308 2087 401 2164 dire.
418 2090 506 2202 Acta
519 2090 674 2169 luerunt
687 2093 757 2169 hec
770 2092 877 2168 dictis
892 2092 954 2169 die
972 2110 1009 2169 et
1020 2092 1128 2182 locis,
1143 2093 1381 2201 presentibus
1399 2121 1460 2167 me
1477 2091 1729 2168 Floriamonte

306 2217 506 2295 Dondedei
531 2237 568 2296 et
589 2220 670 2297 aliis
692 2222 846 2297 notariis
869 2223 1144 2328 suprascriptis,
1168 2225 1240 2300 hoc
1262 2223 1360 2299 salvo
1385 2221 1488 2328 quod
1513 2221 1601 2298 dicti
1624 2220 1731 2302 Guil-

306 2346 443 2426 lelrnns
469 2368 507 2426 et
531 2352 642 2456 Hngo
671 2378 748 2427 non
773 2349 1027 2429 interfuerunt
1058 2352 1131 2428 hiis
1163 2381 1236 2457 que
1269 2351 1366 2433 lacta
1387 2352 1542 2428 luerunt
1567 2352 1605 2428 in
1633 2352 1728 2426 dicta

306 2477 420 2559 domo
435 2479 482 2555 de
500 2483 606 2557 Losa.

361 2740 447 2817 Post
458 2741 544 2827 hec,
560 2740 621 2816 die
634 2739 809 2828 Mercurii
823 2739 1014 2845 sequenti,
1026 2766 1101 2846 que
1115 2738 1187 2816 suit
1197 2741 1318 2844 prima
1332 2740 1412 2816 dies
1424 2740 1565 2816 mensis
1576 2740 1726 2845 Aprilis,

306 2887 389 2948 ante
417 2872 595 2960 Primam,
617 2871 838 2948 accessimus
856 2870 904 2947 ad
925 2870 1115 2947 abbaciam
1140 2887 1262 2947 sancte
1287 2868 1476 2964 Genevele
1496 2868 1725 2957 Parisiensis,

307 3000 370 3081 ubi
406 3001 670 3080 detinebantur
699 3028 746 3078 xx
771 2999 975 3106 Templarii
1005 3028 1050 3081 ex
1080 3000 1153 3079 illis
1184 3001 1250 3106 qui
1279 3001 1376 3078 dicta
1407 3000 1468 3076 die
1499 3000 1622 3078 Sabati
1646 2999 1728 3077 sue·

307 3147 390 3210 rant
407 3131 446 3205 in
470 3131 569 3215 dicto
586 3130 778 3217 viridario,
797 3130 969 3208 videlicet
990 3129 1120 3209 fratres
1143 3130 1277 3209 lterius
1303 3132 1350 3208 de
1378 3130 1575 3209 Loburhac
1601 3131 1724 3220 miles,

306 3261 345 3335 P.
373 3260 421 3335 de
447 3260 584 3366 Lugni',
612 3260 735 3337 Helias
770 3259 816 3335 de
843 3259 1045 3338 Calhistrac
1073 3261 1279 3368 presbyter,
1313 3260 1487 3341 Metheus
1515 3261 1562 3341 de
1591 3261 1726 3340 Alneto

304 3383 509 3497 presbyter,
540 3390 664 3466 Hebes
688 3388 890 3497 Aymerici,
916 3389 1143 3468 Guillehnus
1164 3390 1325 3495 Vigerii,
1353 3390 1569 3496 Aymericus
1598 3391 1723 3476 Booti,

305 3519 530 3599 Guillelmus
549 3520 738 3607 Lanzalot,
758 3519 886 3598 Guido
908 3520 955 3597 de
977 3522 1112 3609 Corso,
1131 3519 1359 3598 Guillelmns
1377 3520 1529 3607 Barloti,
1555 3519 1726 3625 Reginal-

305 3651 376 3730 dus
399 3651 447 3729 de
469 3653 625 3740 Bondis,
647 3651 822 3732 Galterus
844 3652 891 3728 de
911 3651 1043 3739 Picon,
1070 3650 1259 3728 lohannes
1284 3650 1331 3726 de
1353 3649 1541 3738 Annonia,
1565 3651 1604 3726 P.
1625 3651 1672 3725 de
1693 3649 1728 3725 la

304 3784 448 3870 Rocha,
470 3783 682 3886 Stephanus
695 3777 889 3876 ‘Quintinh
915 3781 1106 3860 Gerardus
1125 3781 1172 3873 de
1192 3781 1228 3857 la
1245 3781 1490 3869 Terlandera,
1515 3780 1727 3884 Stephanus

306 3912 353 3988 de
370 3911 612 4002 Ellemosina,
630 3913 859 3989 Laurencius
873 3912 982 4017 Bolin
1000 3931 1038 3990 et
1052 3913 1263 4018 Stephanus
1277 3899 1324 3989 de
1345 3912 1457 4000 Bissi,
1477 3912 1597 4017 quise
1617 3909 1728 3987 obtu-

305 4042 425 4119 lerant
440 4041 487 4118 ad
502 4040 759 4117 defensionem
771 4041 925 4119 ordinis.
943 4043 1018 4135 Qui
1032 4043 1268 4146 interrogati,
1286 4059 1329 4117 ut
1344 4040 1405 4115 alii
1424 4064 1552 4145 supra,
1574 4067 1727 4145 respon-

307 4173 444 4252 derunt
471 4170 575 4278 quod
601 4198 678 4247 non
703 4169 997 4247 deliberaverant
1025 4171 1148 4246 adbuc
1177 4198 1291 4274 super
1312 4168 1616 4274 procuratoribus
1640 4197 1726 4246 con-

307 4302 516 4389 stituendis,
533 4329 602 4409 pro
616 4329 661 4379 eo
675 4301 780 4408 quod
791 4301 1004 4407 prepositus
1016 4300 1237 4378 Pictavensis
1250 4318 1287 4377 et
1297 4300 1486 4377 lohannes
1500 4300 1548 4377 de
1560 4298 1727 4378 lamvilla

307 4459 385 4509 non
400 4432 650 4509 veneruntad
670 4425 734 4509 eos
751 4461 838 4508 cum
856 4431 1083 4538 quibusdam
1099 4429 1276 4508 fratribus
1291 4431 1379 4507 dicti
1398 4429 1557 4518 ordinis,
1579 4430 1644 4536 qni
1662 4431 1728 4506 de-

306 4562 448 4640 bebant
464 4562 518 4638 ire
538 4561 789 4669 persingulas
806 4591 984 4653 cameras,
1004 4563 1052 4639 ad
1072 4561 1387 4639 deliberacionem
1409 4589 1528 4666 super
1539 4561 1729 4667 premissis

307 4693 530 4771 habendam.
552 4697 696 4772 Tamen
716 4694 917 4802 supradicti
937 4695 1065 4802 viginti
1085 4692 1288 4800 Templarii
1316 4693 1505 4782 dixerunt,
1526 4691 1631 4799 quod
1657 4692 1727 4798 ipsi

310 4823 489 4902 faciebant
519 4843 556 4903 et
590 4825 864 4903 constituebant
896 4843 1157 4932 procuratores
1187 4852 1275 4901 suos
1303 4823 1433 4901 fratres
1464 4822 1725 4902 Gunulredum
