4080 6052
524 571 597 648 ssu
912 548 1107 642 ruocns
1131 564 1225 637 oss
1251 561 1548 635 rennuens

449 717 453 724 “
520 731 623 792 verat
641 709 832 816 aliquibus
859 709 906 786 de
925 707 1083 791 ordine,
1106 720 1191 780 ante
1215 702 1432 808 capcionem
1453 728 1601 787 eorum,
1633 698 1698 775 illa
1729 698 1781 774 de
1807 698 1950 805 quibus

523 845 629 950 prius
652 838 874 946 inquisitum
902 838 1040 924 luerat,
1066 831 1262 938 respondit
1289 830 1394 938 quod
1418 857 1515 919 non,
1539 842 1611 907 noc
1632 827 1950 935 sciehareaprjo

527 1003 630 1062 nem,
647 997 717 1049 nec
737 969 929 1045 audiverat
945 967 1016 1044 nisi
1035 992 1104 1071 per
1118 980 1196 1040 tres
1212 962 1294 1040 dies
1307 979 1393 1039 ante
1412 960 1629 1066 capcionem
1646 986 1801 1037 eorum.
1813 960 1949 1064 llequi·

527 1104 619 1180 situs
639 1126 754 1205 quare
772 1098 932 1174 exiverat
950 1097 1093 1173 dictum
1110 1092 1303 1183 ordinem,
1321 1091 1516 1197 respondit
1535 1088 1947 1196 quodpropterlerita·

527 1251 606 1309 tem
625 1254 754 1318 susm,
772 1227 862 1333 quia
880 1244 958 1304 erat
978 1228 1017 1303 in
1036 1223 1152 1301 nimia
1172 1221 1271 1301 edun
1286 1221 1297 1329 [
1310 1220 1471 1327 mediol]
1491 1222 1531 1299 in
1551 1219 1753 1327 religione.

583 1358 801 1466 Requisitus
816 1358 850 1433 si
863 1358 919 1433 sic
931 1356 1156 1461 deposuerat
1166 1378 1295 1458 prece,
1309 1368 1505 1457 precepto,
1518 1351 1673 1436 timore,
1683 1375 1834 1437 amore,
1848 1348 1947 1436 odio,

528 1492 586 1568 rel
606 1487 804 1593 temporali
822 1486 982 1564 comodo
1000 1485 1129 1562 habito
1147 1482 1208 1561 vel
1226 1481 1420 1570 habendo,
1431 1480 1633 1586 respondit
1644 1478 1757 1584 quod
1771 1505 1867 1569 non,
1885 1478 1955 1555 sed

529 1648 598 1727 pro
617 1618 770 1695 veritate
792 1616 961 1695 dicenda.
989 1615 1061 1692 Cui
1089 1611 1161 1690 luit
1186 1613 1397 1719 injunctum
1417 1611 1522 1718 quod
1543 1637 1621 1688 non
1645 1608 1839 1687 revelaret-
1853 1608 1948 1685 banc

530 1776 636 1825 surm
659 1747 941 1852 deposicionem
962 1771 1161 1850 quousque
1188 1742 1444 1820 attestaciones
1471 1741 1612 1817 literim
1635 1737 1835 1843 publimte.
1855 1736 1946 1814 Acta

509 1877 683 1955 'bierunt
701 1876 773 1953 hec
792 1876 854 1953 die
874 1893 913 1953 et
930 1875 1014 1952 loco
1033 1872 1226 1979 predictis,
1247 1874 1484 1978 presentibus
1504 1870 1685 1976 magistro
1706 1868 1860 1953 Ambio,
1886 1894 1946 1944 me

530 2006 783 2082 Floriamonte
803 2003 1018 2089 Dondedei,
1048 2020 1087 2078 et
1104 2001 1187 2079 aliis
1213 2001 1367 2079 notariis
1387 2029 1498 2106 supra
1514 2000 1688 2104 proximo
1708 1998 1921 2077 nominatis.

588 2269 675 2343 Post
700 2266 787 2351 hec,
821 2265 883 2340 dic
901 2263 1031 2340 Martis
1060 2261 1249 2366 sequenti,
1279 2289 1353 2366 que
1388 2259 1461 2337 luit
1485 2288 1545 2338 xvi
1578 2259 1660 2336 dies
1688 2260 1782 2335 dicti
1815 2260 1950 2336 mensis

533 2394 745 2484 Februarii,
775 2393 848 2470 fuit
876 2392 1060 2469 adductus
1092 2391 1138 2467 ad
1177 2388 1408 2495 presenciam
1444 2388 1668 2467 eorumdem
1707 2389 1950 2467 dominorum

534 2523 892 2612 commissariorum,
904 2522 944 2597 in
963 2520 1078 2598 domo
1090 2520 1256 2625 predicta
1270 2517 1426 2597 fratrum
1438 2521 1646 2609 Mincium,
1662 2518 1782 2597 frater
1790 2521 1951 2597 Thomas

533 2653 705 2746 Quintini
722 2652 902 2738 serviens,
916 2650 1127 2754 Bajocensis
1139 2649 1316 2740 diocesis,
1334 2650 1439 2727 testis
1458 2676 1571 2754 supra
1583 2651 1754 2755 juretus,
1771 2667 1816 2727 ut
1839 2651 1951 2754 depo

535 2800 643 2859 neret
661 2783 805 2860 dictum
827 2808 960 2870 suum,
991 2779 1308 2885 quadragenarius
1325 2779 1385 2855 vel
1405 2780 1518 2870 circa,
1539 2808 1618 2857 non
1639 2781 1826 2859 defferens
1841 2807 1947 2855 man·

535 2912 670 2988 tellum
691 2910 850 3000 ordinis,
871 2910 959 3015 quia
989 2910 1113 3014 ipsum
1141 2899 1334 2987 dimis'erat
1357 2911 1397 2987 iu
1422 2893 1580 2988 concilio
1599 2910 1825 2997 Senonensi3
1848 2926 1949 3015 post·

536 3040 696 3118 modum
726 3040 807 3117 radi
834 3039 971 3117 lecerat
996 3039 1078 3117 sibi·
1096 3038 1263 3117 barbam.
1295 3041 1371 3133 Qui
1394 3040 1467 3118 fuit
1492 3058 1722 3146 protestatus
1741 3040 1848 3147 quod
1871 3068 1948 3117 non

535 3171 698 3247 intendit
713 3171 887 3249 recedere
912 3199 933 3245 a
953 3170 1192 3276 deposicione
1219 3196 1287 3275 per
1310 3197 1400 3246 eum
1426 3169 1518 3247 lacta
1543 3200 1668 3249 coram
1690 3172 1848 3250 domino
1875 3173 1949 3276 epi·

535 3329 648 3406 scopo
664 3302 877 3388 Parisiensi,
891 3302 956 3407 qui
972 3300 1128 3377 absolvit
1147 3316 1185 3375 et
1202 3301 1458 3379 reconciliavit
1473 3305 1664 3380 eumdem.
1682 3304 1805 3380 Lectis
1825 3321 1950 3379 autem

536 3450 573 3507 et
593 3431 791 3538 diligenter
816 3432 989 3537 expositis
1015 3429 1085 3506 sibi
1108 3429 1285 3506 omnibus
1305 3449 1342 3506 et
1371 3433 1527 3537 singulis
1547 3433 1724 3522 articulis,
1754 3434 1949 3536 respondit

536 3562 582 3636 ad
607 3589 671 3638 eos
699 3591 738 3639 se
760 3563 901 3638 nescire
933 3561 979 3636 de
1006 3561 1190 3637 contentis
1215 3560 1255 3635 in
1280 3561 1333 3638 eis
1361 3564 1431 3639 nisi
1460 3567 1567 3669 quod
1596 3565 1768 3669 sequitur.
1797 3562 1949 3637 Scilicet

537 3693 640 3795 quod
663 3693 742 3797 ipse
765 3708 937 3796 receptus
963 3690 1085 3767 fuerat
1104 3691 1142 3765 in
1168 3691 1308 3796 capella
1333 3694 1469 3769 domus
1488 3693 1639 3799 Templi
1667 3694 1713 3771 de
1737 3691 1948 3768 Brectiville

536 3821 570 3896 le
593 3821 707 3899 Rebel
723 3821 819 3897 dicte
831 3822 989 3898 diocesis
1001 3822 1229 3927 BajocensiS‚
1248 3823 1342 3899 circa
1358 3823 1497 3902 instans
1509 3823 1649 3902 festum
1664 3823 1763 3901 beati
1773 3824 1952 3900 lobannis

536 3968 647 4028 erunt
666 3979 688 4028 x
709 3953 796 4030 anni
814 3951 872 4028 vel
892 3953 1000 4043 circa,
1022 3980 1089 4057 per
1108 3953 1324 4058 Philippum
1345 3955 1458 4061 Agate
1486 3957 1729 4045 servientem,
1756 3973 1849 4031 tunc
1873 3984 1954 4060 pre-

535 4100 725 4188 ceptorem
751 4082 900 4160 ballivie
918 4084 1162 4171 Normannie,
1187 4111 1302 4189 quem
1323 4087 1441 4162 credit
1465 4088 1599 4178 vivere,
1622 4087 1866 4193 presentibus
1885 4085 1952 4161 lra-

535 4212 657 4289 tribus
678 4212 884 4291 Guillelmo
910 4212 1051 4290 Picardi
1082 4212 1316 4320 presbytero,
1340 4215 1546 4295 Guillelmo
1566 4218 1614 4293 de
1639 4219 1796 4322 Boysset
1818 4215 1950 4303 milite,

536 4358 573 4415 et
588 4342 738 4420 Matheo
758 4344 949 4451 Raynandi
969 4344 1232 4435 servientibus,
1250 4345 1466 4436 deffunctis,
1489 4349 1527 4423 iu
1550 4348 1651 4422 bunc
1671 4348 1854 4423 modum:
1872 4374 1951 4422 nam

535 4499 620 4546 cum
638 4473 901 4579 requisivisset,
914 4475 1018 4552 flexis
1038 4474 1197 4581 genibus
1215 4493 1274 4552 ter
1292 4477 1528 4582 interpolate,
1549 4477 1702 4555 concedi
1716 4477 1807 4563 sibi,
1831 4503 1951 4554 amore

535 4600 625 4688 Dei,
659 4634 792 4708 panem
814 4625 852 4683 et
866 4635 1000 4712 aquam
1024 4624 1060 4683 et
1075 4610 1278 4712 paup'erem
1294 4609 1467 4686 vestitum
1488 4610 1646 4694 ordinis,
1670 4626 1708 4685 et
1730 4637 1950 4715 responsum

536 4725 666 4806 luisset
687 4734 718 4808 ei
740 4738 844 4839 quod
862 4737 1041 4841 grandem
1056 4765 1137 4814 rem
1154 4739 1321 4842 petebat,
1344 4758 1382 4816 et
1398 4741 1503 4846 quod
1522 4741 1619 4817 bene
1635 4738 1881 4830 deliberaret,
1902 4765 1949 4814 ro

536 4884 626 4964 gans
643 4860 766 4936 Deum
783 4881 824 4938 ut
849 4864 1027 4971 dirigeret
1041 4893 1145 4953 eum,
1177 4887 1215 4945 et
1239 4870 1309 4946 hoc
1330 4870 1490 4953 lecisset,
1517 4870 1680 4947 finaliter
1705 4872 1865 4974 prestito
1886 4896 1948 4975 per
