4080 6052
334 528 407 601 sss
717 515 912 613 uaccas
936 532 1032 607 oss
1057 532 1357 607 scurucus.

330 672 420 747 sisse
436 688 657 749 extremum.
673 674 730 750 Dc
747 674 939 751 erroribus
957 674 1144 751 contentia
1154 672 1200 751 in
1213 672 1378 751 articulis
1398 668 1632 775 supradictis
1649 668 1750 773 plura

331 830 401 878 nec
424 802 505 877 visu
528 830 599 879 nec
620 806 755 882 auditu
777 806 955 911 cognovi,
981 804 1053 879 nisi
1077 819 1226 881 tanturn
1252 802 1317 881 illa
1342 832 1418 909 que
1448 801 1524 907 ipsi
1544 799 1749 905 Templarii

330 932 389 1008 vel
422 932 542 1035 major
577 962 662 1039 pars
695 935 864 1039 ipsorum
897 936 937 1010 in
970 932 1332 1021 examinacionibus‚
1369 928 1680 1039 deposicionibus
1710 950 1748 1008 et

331 1062 625 1157 confessionibus
651 1066 729 1141 suis
753 1066 943 1142 voluntate
969 1082 1191 1169 spontanea,
1221 1092 1308 1140 curn
1332 1062 1537 1170 diligencia
1566 1062 1742 1167 requisiti,

332 1191 523 1281 dixerunt,
552 1211 617 1269 aut
635 1196 753 1273 eciam
776 1194 990 1271 revelarunt
1009 1195 1048 1269 in
1066 1194 1260 1299 presencia
1279 1192 1584 1271 reverendorum
1607 1210 1747 1297 petrum

331 1321 371 1395 in
386 1320 555 1409 Christo,
570 1324 815 1401 dominorum
834 1326 904 1401 Dei
921 1324 1042 1431 grecis
1060 1325 1275 1435 Parisiensis
1295 1342 1334 1401 et
1348 1322 1591 1401 Mimatensis
1610 1325 1748 1429 episco-

331 1477 484 1556 porum,
506 1470 545 1528 et
562 1454 723 1530 aliorum
739 1454 906 1559 plurium
927 1453 1190 1561 adjunctorum
1206 1483 1248 1531 ac
1261 1452 1541 1529 venerabilium
1560 1470 1600 1527 et
1618 1453 1749 1529 discre-

329 1597 456 1657 tornru
486 1584 652 1660 virorum
681 1584 939 1671 dominorum,
971 1584 1102 1661 decani
1137 1601 1174 1659 et
1204 1584 1434 1661 succentoris
1463 1583 1681 1661 Parisieusis
1705 1604 1740 1659 et

331 1710 564 1815 inquisitoris
593 1714 757 1790 heretice
790 1712 976 1816 pravitatis
1008 1712 1048 1789 in
1078 1740 1195 1817 regno
1223 1713 1395 1797 Francis,
1427 1730 1468 1789 et
1498 1714 1538 1787 in
1561 1713 1739 1817 presencia

330 1838 498 1947 plurium
520 1841 680 1919 aliorum
701 1860 777 1919 tam
797 1840 1072 1947 relligiosorum
1092 1870 1208 1948 quam
1227 1841 1455 1919 secularium
1482 1871 1740 1947 personarum,

331 1998 492 2074 quarum
517 1974 671 2049 nomina
695 1973 734 2047 in
752 1972 913 2075 scriptis,
935 1998 1009 2047 nna
1032 2000 1117 2049 cum
1139 1970 1327 2049 dictorum
1353 1972 1664 2077 Templarioruur
1685 1974 1746 2048 de-

331 2100 601 2202 posicionibus‚
620 2130 688 2207 per
705 2128 767 2177 me
784 2101 972 2177 notarium
992 2100 1208 2209 publicum,
1224 2101 1289 2207 qui
1304 2101 1458 2208 loquor,
1483 2118 1524 2177 et
1542 2102 1746 2207 perplures

331 2226 422 2303 alies
439 2257 573 2305 ananus
591 2230 759 2335 publicas
781 2246 870 2307 sunt
894 2228 1059 2320 redacta,
1080 2230 1181 2307 dicu
1198 2230 1374 2321 luerunt,
1396 2231 1472 2308 sub
1495 2260 1616 2319 anno,
1636 2232 1747 2335 indic-

332 2358 454 2449 cicae,
474 2388 618 2451 mense,
640 2361 703 2437 die
723 2377 760 2437 et
780 2358 999 2463 pontificatu
1020 2358 1213 2465 predictis,
1230 2362 1475 2465 presentibus
1499 2364 1671 2467 personis
1688 2392 1746 2439 su·

331 2488 458 2591 perius
476 2491 671 2568 annotatis.

803 3248 857 3295 ΗΝ
890 3248 934 3296 llll
969 3246 1065 3297 'l'OllE
1101 3248 1268 3297 Pnssuffiu.
