4080 6052
467 559 664 651 paones
689 579 784 650 nas
810 580 1109 652 1111111111.
1448 591 1495 659 oe

82 724 320 810 relianensis,
342 718 498 797 Michael
531 717 578 794 de
610 735 735 794 sancta
758 717 924 797 Selonhe
952 720 1210 808 Bituricensis,
1237 722 1423 827 Seguinus
1450 725 1496 801 de

82 858 226 933 Diennc
261 849 513 938 Nivemensis,
546 850 733 925 lohannes
769 848 816 926 de
847 850 998 926 braules
1038 851 1282 942 Senonensis,
1313 853 1499 930 Robertus

82 988 129 1062 de
158 987 323 1089 Bernoys
352 977 641 1065 Lemovicensis,
674 978 850 1056 Clemens
884 981 933 1055 de
966 997 1090 1056 sancto
1120 979 1228 1057 llario
1263 982 1501 1057 lemovicen-
1532 1040 1538 1050 .

82 1117 147 1203 sis,
185 1112 412 1193 Guillelmus
445 1111 565 1186 Boton
602 1109 931 1198 Claramontensis,
968 1110 1195 1188 Guillelmns
1224 1111 1366 1218 Anglici
1401 1111 1499 1188 Sala-

82 1244 280 1328 bricensis,
308 1239 521 1318 Bernardus
548 1236 583 1311 la
611 1238 718 1313 Porta
747 1239 1039 1328 lemovicensis,
1072 1240 1259 1316 lohannes
1289 1241 1336 1317 dc
1368 1243 1501 1317 Fonta-

84 1402 181 1479 neyo
204 1370 462 1455 Bituricensis,
488 1367 705 1474 Aymericus
728 1370 841 1445 Lator
867 1370 1155 1456 Lemovicensis,
1178 1387 1216 1445 et
1240 1370 1427 1447 Oliverlus
1453 1371 1500 1447 de

86 1506 214 1579 Mauso
238 1502 380 1579 Sereno
404 1497 675 1574 Lemovicensis
700 1497 917 1574 diocesium.
942 1499 1017 1591 Qui
1048 1508 1179 1574 omnes
1205 1500 1443 1604 singulariter
1466 1519 1502 1576 et

85 1632 282 1738 seperatim
305 1628 521 1732 interrogati
546 1626 592 1702 ab
616 1628 759 1703 eisdem
784 1627 951 1703 dominis
970 1628 1248 1714 commissnriis,
1275 1628 1305 1703 si
1329 1629 1503 1704 volebant

85 1764 227 1839 dictum
246 1759 418 1836 ordinem
437 1755 656 1842 defendere,
675 1755 850 1832 dixerunt
868 1756 973 1862 qnod
991 1759 1059 1845 sie,
1086 1757 1302 1863 adjicientes
1321 1757 1409 1833 dicti
1431 1756 1500 1832 fra-

83 1904 160 1968 tres
183 1890 396 1994 Stephanus
418 1887 464 1962 de
484 1886 650 1990 Ripcria,
671 1885 899 1962 Guillelmus
919 1886 1082 1974 Calabri,
1104 1903 1282 1992 tunquam
1302 1885 1448 1961 bonum
1466 1904 1503 1963 et

85 2021 259 2126 legalem,
288 2035 326 2095 et
351 2016 464 2093 frater
488 2016 701 2092 bernardus
724 2016 760 2091 la
784 2017 893 2092 Porta
913 2034 1096 2122 quantum
1123 2018 1275 2122 poterit,
1306 2017 1502 2123 dictusque

85 2151 273 2225 lohannes
295 2145 447 2223 Roberti
472 2145 668 2251 presbyter
694 2144 785 2220 dixit
803 2147 908 2250 quod
928 2145 1069 2223 multos
1092 2148 1282 2228 audiverat
1301 2147 1339 2221 in
1360 2145 1503 2222 confes-

87 2279 192 2354 sione
221 2294 259 2354 et
281 2301 477 2378 nunqnam
502 2275 691 2348 invenerat
719 2274 803 2348 illos
827 2300 988 2362 errores,
1016 2293 1054 2351 et
1073 2278 1268 2380 pecierunt
1296 2302 1427 2352 omnes
1452 2304 1504 2351 ec-

87 2407 287 2485 clesiastica
306 2419 543 2482 sacramenta.-

142 2537 295 2614 Eisdem
308 2534 369 2610 die
390 2551 427 2609 et
441 2531 691 2609 locoluerunt
704 2532 854 2609 adducti
873 2559 997 2608 coram
1020 2532 1127 2609 dictis
1147 2534 1313 2609 dominis·
1333 2536 1505 2610 commis-

87 2668 191 2743 sariis
205 2681 367 2771 quatuor
378 2662 509 2744 fratres
522 2661 737 2765 subscripti,
754 2663 819 2766 qui
836 2662 986 2737 adducti
1001 2661 1115 2738 fuisse
1130 2662 1350 2739 dicebantur
1363 2664 1409 2740 de
1424 2664 1505 2739 dio-

87 2797 159 2873 cesi
181 2793 369 2871 Tarvensi.
391 2792 468 2883 Qui
488 2790 725 2896 singulariter
744 2807 782 2866 et
802 2791 999 2895 separatim
1024 2792 1255 2898 interrogati,
1277 2793 1306 2868 si
1332 2793 1506 2869 volebant

88 2925 230 3001 dictum
251 2922 424 3000 ordinem
444 2918 662 3004 defendere,
685 2919 961 3023 responderunt
980 2937 1023 2995 ut
1041 2922 1232 3026 sequitur:
1253 2920 1368 2997 frater
1386 2922 1504 3027 Diago

88 3053 135 3130 de
153 3051 334 3131 Cortarda
351 3049 459 3125 miles
476 3047 655 3124 duritane
674 3048 830 3125 diocesis
848 3050 1053 3155 respondit,
1073 3049 1178 3155 quod
1195 3050 1342 3127 volebat
1361 3050 1503 3127 dictum

89 3179 262 3258 ordinem
285 3177 489 3256 defendere
513 3194 690 3282 tanquam
718 3176 863 3254 bonum
889 3197 928 3256 et
949 3179 1109 3285 legalem
1135 3208 1204 3286 pro
1231 3198 1401 3286 tempore
1426 3209 1502 3288 quo

89 3310 216 3387 11111111
233 3311 332 3387 dicto
352 3309 499 3399 ordine,
519 3335 685 3386 asserens
702 3309 807 3415 quod
824 3309 867 3384 111
881 3336 926 3386 eo
945 3337 1022 3387 non
1041 3310 1163 3387 suerat
1180 3312 1251 3387 nisi
1272 3339 1340 3417 per
1360 3329 1503 3415 septem

86 3440 144 3517 vel
170 3457 254 3517 octo
278 3466 409 3529 annos3
429 3438 559 3514 fratres
577 3438 806 3514 bertrandus
835 3440 882 3514 de
903 3441 1030 3516 Monte
1051 3441 1198 3516 Pessato
1218 3442 1501 3529 Convenarum,

86 3568 285 3648 Amandus
300 3566 493 3649 Gnillelmi
508 3568 787 3656 Convenm,
800 3566 1079 3646 et-Guillelmus
1093 3570 1140 3646 de
1157 3571 1293 3646 Noerio
1309 3570 1503 3647 Tarvensis

87 3699 310 3789 diocesim,
326 3698 603 3805 responderunt
616 3697 721 3803 qnod
732 3697 905 3775 volebant
917 3699 1060 3776 dictum
1073 3699 1501 3786 ordinemdeffendere,

87 3828 264 3932 adjiciens
281 3827 402 3904 dictas
419 3825 619 3904 Amandus
637 3854 706 3934 pro
725 3854 846 3933 posse.
1437 3843 1441 3851 '

142 3952 232 4031 Acta
258 3952 412 4029 bierunt
434 3955 504 4030 bec
528 3956 705 4059 predictis
724 3957 786 4034 die
819 3973 857 4032 et
882 3955 982 4047 loco,
1010 3958 1248 4061 presentibus
1278 3957 1504 4034 1111110111-

87 4098 215 4160 monte
233 4081 432 4159 Dondedei
457 4097 495 4157 et
513 4082 594 4158 eliis
612 4085 765 4162 notariis
784 4111 897 4188 snpra
923 4085 1096 4189 proximo
1113 4086 1330 4176 nominatis,
1352 4102 1503 4192 excepto

88 4210 234 4288 Nicolao
251 4206 542 4288 constanciensi.
573 4229 577 4237 ·

142 4462 230 4545 Post
250 4469 336 4555 hec,
357 4467 419 4546 die
441 4468 768 4577 Sabatisequenti,
788 4496 862 4577 qus
882 4468 1185 4551 neminisse
1203 4473 1341 4549 mensis
1357 4474 1499 4565 Marcii,

87 4608 340 4676 convenerunt
356 4597 394 4673 in
408 4599 585 4675 riridaiio
598 4616 698 4676 retro
711 4599 837 4676 aulem
849 4617 888 4678 et
902 4600 1064 4678 denium
1074 4601 1321 4678 di'ctidonaini
1340 4603 1501 4710 episcopi

88 4726 302 4806 Parisiensis
327 4749 458 4804 omnes
485 4727 629 4805 domini
654 4730 898 4808 commissarii
926 4731 1147 4836 supradicti,
1172 4747 1210 4808 et
1234 4757 1368 4809 omnes
1390 4731 1503 4809 infra-

90 4857 213 4963 scripti
221 4853 352 4934 frenes
364 4856 451 4934 dicti
469 4852 612 4936 ordinis
621 4855 939 4966 Templilnerunt
950 4859 1094 4939 ibidem
1113 4858 1266 4939 adducti
1282 4863 1330 4939 ad
1348 4884 1503 4968 presen-

1349 4993 1394 5054 13.
