4080 6052
523 549 720 643 raocds
746 567 841 642 uus
868 569 1169 649 ratramnus.
1509 579 1551 647 17

139 713 315 798 edictum,
326 734 423 785 anno
436 707 589 786 Domini
605 721 644 788 u⁰
652 725 731 789 oec⁰
738 739 853 799 nono,
864 713 925 789 die
938 715 1094 792 Veneris
1107 733 1192 792 ante
1205 713 1342 791 festum
1354 713 1454 790 beati
1465 715 1556 792 Lau-

136 843 266 932 rencii,
288 841 501 947 predictum
521 841 694 919 ordinem
723 842 1044 949 Templariorum,
1075 845 1206 922 fratres
1235 843 1325 921 dicti
1351 843 1493 920 ordinis
1517 863 1556 922 et

137 999 266 1049 omnes
287 972 508 1062 evocandos,
526 988 570 1048 ut
581 973 703 1077 prima
723 973 783 1048 die
798 1001 874 1050 non
894 974 1024 1052 seriata
1037 992 1123 1082 post
1134 975 1273 1051 festum
1290 973 1390 1049 beati
1406 973 1555 1048 Martini

136 1102 317 1209 hyemalis
331 1118 422 1179 tunc
436 1102 593 1189 instans,
611 1120 871 1208 comparerent
883 1103 1113 1181 sufficienter
1127 1132 1252 1182 coram
1267 1103 1320 1179 eis
1334 1102 1497 1179 Parisius
1516 1103 1555 1178 in

137 1231 337 1338 episcopali
353 1231 448 1321 aula,
464 1231 558 1307 hora
572 1232 705 1336 prime,
719 1260 832 1336 super
847 1233 1031 1309 contentis
1047 1235 1086 1308 in
1102 1232 1362 1309 commissione
1377 1231 1471 1308 lacta
1485 1233 1557 1313 eis-

138 1358 243 1446 dem,
263 1378 376 1465 prout
384 1360 538 1466 justum
562 1376 678 1449 esset,
699 1362 926 1464 processuri,
949 1361 1115 1467 alioquin
1139 1378 1295 1438 extunc
1316 1360 1364 1436 ad
1386 1378 1557 1440 contenta

137 1490 177 1564 in
191 1489 324 1565 litteris
343 1488 616 1567 commissionis
636 1488 690 1564 eis
709 1487 803 1565 lacte
826 1490 1073 1595 procederent
1090 1490 1216 1596 previa
1234 1489 1399 1579 racione,
1422 1519 1556 1569 eorum

137 1616 307 1695 absencia
322 1646 398 1695 non
414 1618 604 1706 obstante;
621 1616 900 1726 requisivissent
912 1620 1066 1727 insuper
1081 1619 1171 1698 dicti
1185 1619 1329 1696 domini
1345 1621 1558 1698 commissa-

135 1747 181 1822 rii
198 1746 383 1833 rolentes‚
404 1766 448 1824 ut
467 1747 664 1853 publicum
684 1748 781 1824 dicte
808 1749 997 1825 citacionis
1020 1778 1153 1827 eorum
1176 1747 1341 1825 edictum
1365 1748 1413 1824 ad
1430 1727 1557 1852 predi·

136 1893 282 1954 ctorum
303 1879 446 1955 ordinis
460 1878 618 1957 fratrum
640 1896 678 1956 et
696 1880 868 1957 omnium
887 1881 1162 1957 evocandorum
1178 1897 1216 1956 et
1229 1906 1556 1985 quorumcumque

135 2007 311 2084 noticiam
329 2009 520 2115 publicam
548 2009 769 2102 deferretur,
790 2040 860 2117 per
877 2027 1046 2117 patentes
1066 2011 1207 2087 litteras
1228 2008 1450 2086 eorumdem
1471 2009 1557 2084 uni-

137 2138 249 2214 versis
277 2139 564 2246 archiepiscopis
586 2158 623 2217 et
644 2141 827 2247 episcopis
849 2142 954 2248 regni
976 2142 1146 2226 Francia,
1167 2139 1312 2215 vicariis
1331 2154 1370 2214 et
1391 2135 1558 2212 officiali-

137 2264 209 2341 bus
230 2269 469 2356 eorumdem,
491 2270 586 2347 etin
604 2271 742 2347 virtute
758 2289 882 2348 sancte
904 2271 1123 2350 obediencie
1149 2269 1313 2347 districte
1339 2266 1556 2345 auctoritate

137 2395 340 2498 apostolica
354 2399 601 2500 injunxissent
616 2418 653 2472 et
665 2403 905 2477 mandassent
924 2403 1084 2490 eisdem,
1101 2419 1303 2506 quatenus,
1321 2428 1435 2503 quam
1453 2398 1559 2502 prius

136 2524 294 2600 comode
311 2541 478 2628 possent,
496 2524 660 2601 lacerent
674 2525 843 2631 predicte
862 2527 1053 2605 citacionis
1068 2526 1245 2616 edictum,
1264 2526 1379 2632 (quod
1393 2526 1559 2601 edictum

135 2684 202 2761 per
217 2672 336 2732 certos
352 2671 390 2731 et
398 2654 544 2762 juratos
563 2654 722 2732 nuncios
739 2683 807 2761 per
820 2655 991 2762 patentes
1009 2655 1152 2732 litteras
1172 2652 1242 2730 sub
1258 2654 1389 2760 sigillis
1409 2680 1557 2738 eorum,

137 2802 173 2861 et
191 2786 456 2892 transcriptum
476 2813 544 2862 seu
564 2783 710 2891 copiam
728 2785 1002 2862 commissionis
1023 2785 1077 2861 eis
1095 2784 1190 2860 facte
1212 2782 1283 2860 sub
1304 2783 1435 2888 sigillis
1448 2811 1558 2859 vene·

135 2914 262 2993 rabilis
283 2915 399 3023 patris
414 2916 558 2993 domini
574 2917 790 2992 Parisiensis
809 2916 975 3021 episcopi
996 2944 1038 2991 ac
1058 2915 1139 3021 ejus
1156 2914 1258 2990 curie
1275 2913 1492 2989 Parisiensis
1510 2913 1559 2989 si-

135 3047 278 3151 gillatas
298 3048 502 3123 misserunt
528 3045 687 3148 eisdem)
713 3074 800 3121 cum
825 3045 873 3120 ad
899 3074 963 3122 eos
985 3044 1218 3150 perveniret,
1239 3042 1391 3148 publice
1416 3071 1457 3118 ac
1485 3042 1559 3119 sol-

85 3249 88 3253 .
135 3173 335 3278 lempniter
354 3174 437 3249 fieri
452 3172 546 3278 legi,
570 3173 716 3249 recitari
733 3192 771 3249 et
783 3172 968 3279 publicari
983 3172 1083 3249 clero
1099 3201 1141 3248 ac
1152 3170 1295 3277 populo
1311 3171 1350 3246 in
1365 3170 1558 3247 cathedra·
1595 3213 1598 3220 ·

135 3303 247 3393 libus,
263 3320 300 3380 et
309 3304 452 3410 magnis
462 3303 665 3410 collegiatis
680 3302 856 3394 ecclesiis,
870 3319 908 3379 et
919 3302 1028 3380 scolis
1041 3301 1108 3378 ubi
1122 3318 1179 3378 est
1189 3300 1358 3378 studium
1372 3299 1555 3404 generale,

135 3461 176 3509 ac
190 3433 304 3510 curiis
319 3431 535 3509 officialium
551 3462 720 3525 suorum,
738 3434 929 3511 civitatum
945 3449 982 3509 et
994 3432 1203 3509 diocesium
1218 3428 1451 3518 eorumdem,
1469 3444 1508 3504 et
1518 3429 1556 3504 in

133 3560 401 3666 principalibus
426 3560 603 3638 domibus
624 3562 795 3668 ejusdem
820 3561 1023 3639 ordinisin
1049 3560 1158 3636 dictis
1182 3560 1259 3635 suis
1283 3558 1492 3635 civitatibus
1521 3575 1558 3634 et

135 3691 346 3768 diocesibus
359 3693 586 3778 constitutis,
604 3692 700 3771 acin
715 3692 807 3768 locis
822 3693 862 3766 in
872 3691 1011 3796 quibus
1026 3689 1156 3768 fratres
1171 3690 1288 3796 ipsius
1304 3688 1446 3766 ordinis
1461 3687 1556 3791 capti

133 3821 370 3910 tenebantur,
378 3821 616 3897 mandassent
625 3821 741 3896 eciam
752 3820 843 3896 dicti
853 3821 997 3896 domini
1009 3818 1437 3924 commissariipredictis
1445 3815 1557 3902 archi·

136 3947 321 4051 episcopis
335 3963 373 4022 et
386 3949 579 4054 episcopis,
595 3950 741 4026 vicarlis
756 3966 794 4025 et
809 3947 1032 4026 officialibus
1047 3948 1281 4034 eorumdem,
1294 3930 1397 4052 quod
1411 3946 1458 4020 de
1473 3973 1557 4049 pre-

134 4075 257 4153 missis
280 4073 457 4151 omnibus
477 4092 515 4151 et
533 4078 690 4180 singulis
711 4077 875 4154 facerent
889 4078 972 4153 lieri
992 4078 1041 4152 ad
1055 4077 1238 4153 cautelam
1251 4073 1400 4178 publica
1419 4073 1556 4151 instru-

134 4223 271 4295 menta,
284 4233 372 4311 que,
385 4232 502 4281 manu
510 4204 662 4310 publica
671 4205 885 4309 consignata
893 4204 952 4278 vel
965 4203 1095 4306 sigillis
1108 4201 1303 4278 autenticis
1313 4203 1552 4290 communita,

134 4334 428 4413 transmitterent
452 4333 491 4409 in
516 4332 616 4409 dicto
636 4331 798 4409 termino
823 4330 984 4407 velante
1013 4358 1081 4436 per
1107 4330 1272 4435 aliquem
1296 4331 1487 4438 ydoneum
1513 4360 1555 4409 ac

136 4480 280 4540 certum
304 4462 485 4538 nuncium
504 4461 667 4539 Parisius
697 4461 806 4538 dictis
827 4459 989 4537 dominis
1009 4460 1272 4538 commissariis
1292 4460 1350 4537 vel
1370 4460 1476 4536 alteri
1491 4486 1555 4540 eo·

135 4591 327 4678 rumdam,
347 4609 462 4698 prout
481 4592 528 4668 de
553 4591 730 4697 predictis
750 4591 926 4669 omnibus
941 4607 979 4666 et
993 4589 1151 4695 singulis
1165 4590 1313 4696 plenius
1327 4606 1469 4668 constat
1486 4620 1554 4699 per

135 4722 278 4799 litteras
298 4721 516 4797 eorumdem
543 4720 786 4798 dominorum
805 4719 1162 4811 commissariorum,
1184 4721 1223 4795 in
1242 4748 1419 4826 processu
1438 4720 1554 4828 hujus

136 4852 281 4960 negocii
302 4853 406 4959 prius
425 4850 554 4929 habito
575 4850 623 4929 de
642 4852 756 4932 verbo
777 4852 1000 4932 adverbum
1019 4850 1241 4958 registratas.

219 4987 392 5053 rnocdsnrs
403 5008 655 5053 nntium—1.
1406 4989 1423 5047 3
