4080 6052
539 543 611 615 soa
918 518 1118 611 rnocbs
1144 537 1238 608 ons
1265 534 1566 607 reuertens.

536 699 661 759 vocata
692 678 809 757 Asens
841 681 1013 787 ejusdem
1043 676 1217 764 diocesis,
1246 703 1344 752 anno
1368 674 1426 754 vel
1453 675 1558 781 quasi
1589 702 1611 749 a
1635 673 1856 777 recepcione
1892 704 1960 756 sua

538 813 680 917 elapso,
697 827 741 887 ut
756 811 864 898 dixit,
884 827 971 917 post
989 807 1155 916 predicta
1170 804 1261 882 dixit
1281 834 1320 883 se
1340 804 1520 886 revelasse
1541 803 1643 881 fratri
1666 802 1803 881 Anrieo
1819 803 1868 885 de
1885 803 1960 883 Ga-

537 941 687 1018 maches
706 940 914 1046 presbitero
931 937 1074 1016 ordinis
1089 935 1194 1043 quod
1211 933 1402 1013 confessus
1417 933 1540 1011 fuerat
1558 933 1659 1011 dieto
1678 931 1783 1011 fratri
1806 933 1955 1022 Minori,

537 1069 602 1147 sed
630 1098 706 1147 non
733 1064 912 1175 expressit
929 1068 993 1145 illa
1012 1096 1087 1174 que
1112 1066 1256 1148 dixerat
1281 1065 1332 1155 ei,
1353 1082 1392 1145 et
1413 1065 1537 1145 dictus
1553 1061 1738 1169 presbiter
1760 1064 1957 1168 respondit

537 1229 626 1276 eum
651 1199 915 1289 malefecisse,
937 1199 1123 1306 quianon
1147 1196 1331 1275 habuerat
1355 1195 1548 1274 licenciam
1573 1192 1798 1282 confitendi,
1821 1193 1888 1271 sed
1910 1221 1953 1271 ex

538 1358 614 1437 quo
629 1330 770 1408 factum
787 1349 865 1407 erat
883 1328 1051 1436 placebat
1065 1326 1153 1414 sibi,
1171 1327 1265 1405 dum
1279 1342 1407 1405 tamen
1421 1323 1580 1405 haberet
1599 1323 1662 1400 ille
1682 1322 1744 1399 cui
1764 1322 1955 1405 confessus

538 1458 660 1536 fuerat
679 1476 901 1565 potestatem
923 1455 1139 1535 absolvendi
1160 1484 1260 1534 eum.
1856 1542 1860 1547 ,

594 1589 683 1667 Acta
693 1589 848 1667 fuerunt
858 1591 930 1666 hec
943 1587 1004 1664 die
1019 1604 1056 1664 et
1065 1587 1149 1664 loco
1157 1587 1347 1693 predictis,
1360 1586 1599 1692 presentibus
1612 1584 1950 1691 magistrodmisiu

538 1745 599 1793 me
611 1718 861 1797 floriamonte
875 1718 1090 1804 Dondedei,
1107 1735 1145 1794 et
1161 1717 1243 1795 aliis
1263 1716 1416 1796 notariis
1428 1745 1542 1823 supra
1556 1714 1727 1821 proxim
1742 1715 1947 1795 nominatis.

593 1980 681 2056 Post
700 1979 781 2066 hec,
800 1977 860 2053 die
874 1979 1031 2056 Veneris
1048 1976 1236 2084 sequenti,
1259 2002 1322 2055 vui
1339 1976 1610 2062 videlicetdicti
1623 1975 1762 2053 mensis
1773 1977 1950 2069 Januarii,

538 2107 651 2185 rediit
669 2108 791 2184 dietus
810 2108 915 2185 testis
937 2108 977 2184 in
1000 2109 1114 2186 domo
1136 2106 1303 2213 predicta
1324 2106 1371 2183 ad
1391 2107 1621 2213 presenciam
1642 2105 1868 2189 eorumdem
1888 2107 1951 2191 do

538 2237 728 2314 minorum
756 2238 1112 2326 commissariorum,
1135 2255 1178 2315 ut
1198 2237 1397 2341 perliceret
1420 2237 1699 2342 deposicionem
1727 2264 1855 2329 suam,
1881 2264 1950 2344 que

537 2365 598 2442 die
617 2384 764 2445 esterna
781 2384 935 2474 propter
954 2369 1046 2446 hore
1065 2368 1279 2445 tarditatem
1298 2364 1427 2474 perfici
1448 2395 1524 2443 non
1542 2382 1731 2472 potuerat,
1749 2382 1789 2447 et
1810 2367 1884 2447 fuit
1904 2396 1952 2443 re

536 2497 698 2603 quisitus
724 2497 755 2575 si
785 2498 927 2577 sciebat
954 2499 1012 2576 vel
1040 2498 1215 2577 credebat
1243 2497 1349 2603 quod
1380 2525 1525 2575 errores
1555 2497 1721 2577 contenti
1751 2496 1790 2573 in
1821 2498 1952 2603 primis

536 2653 588 2703 1111
609 2629 773 2709 articulis
792 2629 1045 2709 communiter
1063 2629 1102 2705 in
1122 2628 1255 2705 ordine
1275 2645 1528 2716 servarentur,
1551 2643 1590 2704 et
1615 2627 1813 2734 respondit
1832 2655 1870 2705 se
1890 2658 1951 2706 ne·

534 2757 646 2845 scire,
667 2759 756 2863 quia
780 2779 857 2835 non
876 2758 1019 2835 viderat
1044 2757 1132 2835 alias
1151 2757 1252 2845 fieri,
1274 2784 1343 2834 nec
1368 2758 1560 2839 audiverat
1579 2757 1652 2835 dici
1671 2758 1778 2863 quod
1799 2758 1947 2846 fierent,

535 2912 605 2960 nec
620 2887 811 2965 audiverat
827 2888 937 2964 alicui
954 2888 1146 2994 imperari,
1158 2914 1228 2962 nec
1242 2886 1385 2967 viderat
1401 2886 1556 3001 aliquod
1573 2887 1723 2995 siguum
1738 2916 1853 2994 super
1866 2889 1946 2973 hoc,

535 3039 604 3087 nec
624 3014 763 3091 sciebat
779 3017 874 3122 quid
894 3044 1007 3121 super
1025 3018 1100 3095 hoc
1116 3017 1288 3095 crederet
1306 3016 1346 3095 in
1366 3018 1488 3097 anima
1509 3019 1602 3095 etin
1622 3017 1840 3123 juramento
1862 3049 1945 3105 su03

536 3157 574 3216 et
593 3141 623 3217 si
643 3143 809 3246 predicta
830 3144 985 3232 fiebant,
1009 3174 1084 3223 non
1105 3148 1225 3225 credit
1242 3147 1347 3252 quod
1367 3163 1603 3225 servarentur
1624 3148 1663 3225 in
1684 3148 1832 3226 decima
1848 3166 1947 3256 parte

535 3299 667 3347 eornm
690 3275 755 3377 qui
781 3276 1066 3381 recipiebantur,
1096 3276 1164 3353 sed
1188 3277 1245 3353 vis
1274 3294 1399 3381 posset
1428 3278 1578 3355 credere
1604 3279 1708 3384 quod
1736 3280 1817 3387 ipse
1838 3279 1949 3357 fucrit

533 3403 635 3481 solus
657 3404 695 3481 in
717 3405 887 3483 faciendo
908 3406 1237 3483 abhominaciones
1256 3408 1452 3511 predictas.
1474 3409 1689 3513 Requisitus
1708 3437 1871 3514 qucum
1893 3439 1948 3487 re·

534 3535 774 3637 cepeionibus
798 3536 864 3615 ubi
895 3556 932 3612 et
959 3536 1111 3642 quando
1137 3555 1174 3613 et
1199 3538 1338 3643 quibus
1363 3538 1602 3642 presentibus
1626 3537 1857 3627 interfuerat,
1885 3567 1945 3614 re-

532 3664 685 3768 spondit
702 3665 807 3771 quod
827 3667 1047 3744 interfuerat
1064 3668 1274 3772 recepcioni
1290 3669 1441 3749 Rcberti
1458 3669 1680 3747 Valvassoris
1698 3668 1891 3751 servientis
1906 3670 1945 3744 in

533 3794 647 3871 domo
663 3797 810 3902 Templi
827 3797 931 3875 Bossi
947 3797 985 3872 in
1001 3797 1249 3876 Veromandia
1267 3798 1425 3875 diocesis
1441 3800 1715 3890 Noviomensis‚
1729 3797 1839 3887 facte,
1857 3817 1900 3875 ut
1915 3801 1949 3874 ei

530 3925 694 4013 videtur,
717 3926 805 4002 licet
829 3955 905 4002 non
929 3928 1026 4005 bene
1052 3927 1205 4019 recolat,
1228 3955 1295 4032 per
1314 3927 1467 4005 fratrem
1491 3929 1698 4009 Roberturn
1719 3929 1766 4007 de
1787 3929 1944 4035 semoy,

530 4056 739 4158 quondam,
767 4057 1003 4161 presentibus
1034 4058 1116 4163 ipso
1142 4075 1256 4145 teste,
1281 4077 1319 4133 et
1344 4058 1456 4134 fratre
1481 4061 1521 4135 P.
1552 4060 1597 4135 de
1629 4059 1859 4164 Latigniaco,
1884 4060 1944 4164 qui

531 4184 660 4291 affugit
682 4188 835 4292 quando
860 4188 921 4263 alii
942 4189 1145 4293 Templarii
1167 4188 1320 4266 fuerunt
1340 4190 1450 4294 capti,
1473 4207 1510 4267 et
1530 4208 1618 4268 sunt
1634 4190 1781 4266 circiter
1798 4216 1845 4268 xv
1863 4190 1942 4267 anni

530 4316 631 4419 quod
645 4317 741 4395 dicta
756 4320 925 4424 recepcio
938 4319 1010 4396 fuit
1025 4320 1128 4411 facta,
1143 4337 1181 4396 et
1192 4320 1413 4399 interfuerat
1425 4323 1632 4427 recepcioni
1647 4322 1770 4399 fratris
1779 4321 1942 4412 Galterii‚

529 4446 636 4551 cujus
651 4475 859 4553 cognomen
873 4449 1034 4555 ignorat,
1052 4452 1119 4528 sed
1136 4451 1331 4528 dicebatur
1345 4452 1502 4528 attinere
1520 4452 1622 4527 fratri
1635 4451 1805 4531 Gerardo
1819 4452 1866 4530 de
1877 4451 1944 4531 Vil-

528 4573 668 4653 laribus
682 4578 721 4652 in
732 4579 1002 4685 domoTempli
1016 4598 1140 4658 vocata
1151 4580 1313 4687 Aymont
1330 4581 1488 4659 diocesis
1498 4582 1775 4670 Ambianensis‚
1794 4582 1859 4688 qui
1877 4581 1942 4657 fuit

528 4722 700 4807 receptus
721 4735 740 4781 a
758 4706 868 4783 fratre
885 4712 994 4785 Petro
1012 4710 1058 4787 de
1076 4712 1285 4820 latigniaco
1302 4712 1532 4817 supradicto,
1549 4711 1596 4789 de
1616 4711 1853 4816 presentibus
1869 4740 1940 4787 non

527 4835 761 4923 recordatur,
787 4856 873 4912 sunt
902 4840 1046 4915 circiter
1075 4843 1274 4919 tresdecim
1300 4845 1404 4930 anni,
1432 4858 1469 4918 et
1493 4842 1712 4919 interfuerat
1736 4843 1941 4947 recepcioni
