4080 6052
520 522 717 614 enecas
742 537 833 613 ors
860 515 1161 617 renarrans.
1498 550 1546 620 aa

134 679 228 755 facto
248 676 436 756 dictorum
454 674 769 788 Templariorum.
791 684 1044 790 Interrogatus
1064 683 1109 760 ab
1129 684 1184 760 eis
1203 682 1250 760 de
1266 685 1440 770 nomine,
1462 685 1549 764 coir—

136 809 287 913 dicione
297 802 345 887 ‘et'
364 822 477 888 causa
498 804 680 895 adrentus
706 814 894 921 ejusdem,
908 814 1121 920 ‘respondit
1145 813 1250 921 quod
1274 813 1473 890 vocabatur
1486 820 1550 892 do

132 940 275 1018 hannes
296 941 346 1018 de
370 931 502 1032 Melet,
528 961 567 1023 et
589 948 696 1052 quod
721 962 799 1023 erat
823 946 981 1023 diocesis
1005 942 1294 1032 Bisantinensis,
1316 962 1354 1021 et
1378 944 1550 1024 exhrlruit

132 1073 324 1176 quoddam
339 1074 505 1179 sigillum
519 1076 559 1151 in
574 1096 651 1184 quo
664 1066 876 1182 predictum
890 1100 1031 1152 nomen
1053 1077 1250 1155 videbatur
1269 1102 1348 1153 esse
1369 1074 1545 1165 sculmm,

131 1202 237 1305 quod
251 1203 422 1309 *sigillum
442 1208 628 1282 asserebat
648 1230 727 1283 esse
747 1227 872 1282 suum.
894 1204 997 1282 Dixit
1014 1206 1132 1282 eciam
1154 1234 1199 1282 se
1213 1198 1395 1285 luisse-de
1415 1206 1547 1282 ordine

132 1331 300 1436 Templi,
318 1350 365 1413 ¹et
387 1334 561 1441 habiturn
586 1335 757 1443 ejusdem
784 1336 928 1413 ordinis
952 1337 1084 1414 decem
1109 1336 1215 1412 annis
1237 1331 1419 1440 portasse,
1445 1352 1548 1413 etse

134 1460 286 1538 exivisse
306 1463 353 1538 de
377 1465 513 1541 eodem
533 1467 683 1553 ordine,
706 1484 744 1542 et
767 1467 870 1573 quod
894 1494 1105 1572 nunquam,
1128 1467 1167 1541 in
1187 1466 1310 1540 anima
1329 1482 1367 1541 et
1385 1465 1462 1541 fide
1480 1489 1548 1541 sua

126 1591 273 1696 jurans,
289 1593 433 1670 viderat
446 1623 516 1671 nec
532 1587 737 1682 audirerat,
753 1625 821 1672 nec
841 1598 995 1673 sciverat
1013 1594 1166 1702 aliquod
1185 1593 1327 1670 malum
1347 1594 1394 1669 de
1415 1594 1547 1669 ordine

130 1722 353 1826 supradicto.
375 1725 482 1801 Dixit·
495 1715 753 1832 eciam,'quod
771 1721 984 1803 venerated
999 1726 1117 1802 dictos
1138 1723 1312 1802 dominos
1334 1717 1547 1799 commissa-

128 1851 221 1939 rios,
236 1868 387 1957 paratus
401 1853 519 1931 lacere
535 1873 573 1931 et
587 1855 747 1961 sigillare
768 1857 949 1963 quicquid
962 1855 1113 1932 vellent.
1130 1856 1381 1959 Interrogatus
1399 1880 1421 1927 a
1441 1853 1549 1928 dictis

129 1980 295 2059 dominis
318 1974 581 2061 commissariis
605 1986 635 2060 si
659 2005 811 2063 venerat
835 1989 883 2061 ad
908 1985 1191 2062 defendendum
1212 1985 1355 2059 dictum
1375 1981 1548 2058 ordinem

129 2108 295 2215 Templi,
316 2129 356 2189 et
380 2115 410 2190 si
433 2112 582 2191 volebat
604 2105 693 2191 eum
718 2110 924 2192 defendere
945 2115 1050 2221 quod
1075 2115 1216 2191 diceret
1234 2112 1304 2198 eie,
1326 2111 1413 2217 quia
1432 2110 1549 2216 parati

131 2256 236 2314 erant
257 2240 423 2346 benigne
442 2240 787 2332 audire'eumdem,
807 2247 1003 2351 respondit
1021 2245 1126 2352 quod
1144 2270 1222 2320 non
1240 2258 1391 2319 venerat
1408 2241 1480 2317 nisi
1498 2238 1548 2317 ed

130 2367 290 2472 illaque
310 2372 531 2474 supradixit,
553 2390 592 2444 et
609 2376 714 2474 quod
731 2374 881 2449 solebat
899 2376 992 2449 scire
1013 2375 1117 2477 quod
1137 2375 1246 2448 lieret
1263 2373 1312 2447 de
1332 2371 1465 2447 ordine
1485 2366 1549 2447 su·-

129 2495 375 2599 pradicto,‹et
394 2498 498 2602 quod
518 2497 671 2574 nolebat
687 2497 896 2575 defendere
918 2500 1094 2575 ordinem
1113 2499 1386 2601 supradictum,
1408 2500 1550 2573 instans

129 2648 244 2729 penes
259 2623 359 2729 ipsos
369 2626 544 2702 doniinos
558 2627 847 2714 commissarios,
859 2624 964 2732 quod
977 2622 1196 2703 ordinarent
1208 2627 1257 2700 de
1270 2651 1316 2700 eo
1332 2625 1429 2700 illud
1444 2627 1548 2731 quod

125 2754 282 2841 vellent,
305 2770 342 2830 et
360 2755 465 2860 quod
489 2755 652 2831 lacerent
683 2757 753 2832 sibi
778 2742 982 2832 ministrari
1007 2755 1138 2842 vitam,
1160 2780 1246 2830 cum
1264 2781 1409 2859 pauper
1433 2775 1549 2832 esset.-

128 2885 174 2960 Et
193 2883 281 2989 quia
300 2882 374 2958 suit
389 2884 512 2959 visum
532 2884 675 2960 eisdem
693 2884 857 2960 dominis
874 2884 1152 2973 commissariis,
1174 2907 1219 2958 ex
1238 2899 1387 2986 aspectu
1408 2900 1447 2958 et
1459 2901 1549 2965 coa·
1577 2903 1579 2908 ’

128 3014 357 3090 sideracione
381 3037 543 3118 persone
570 3040 654 3104 sue,
684 3030 850 3099 anuum,
877 3006 1052 3117 gestuum
1079 3028 1119 3087 et
1142 3011 1310 3117 loquele,
1337 3011 1440 3118 quod
1465 3030 1549 3090 erat

128 3143 234 3217 valde
254 3143 428 3247 simplex,
449 3141 506 3217 rel
526 3140 650 3218 fatuus
669 3160 708 3218 et
725 3166 801 3218 non
821 3142 919 3218 bene
937 3167 1092 3247 compos
1111 3142 1248 3218 mentis
1266 3168 1351 3228 sue,
1368 3168 1446 3218 nou
1464 3166 1552 3247 pro‘

130 3288 320 3372 cesserunt
339 3271 506 3348 >ulterius
537 3298 623 3348 cum
644 3273 795 3362 eodem,
818 3273 887 3348 sed
909 3289 1108 3349 suaserunt
1124 3271 1232 3377 quod
1246 3272 1337 3348 ‘iret'
1350 3273 1399 3348 ad
1416 3275 1544 3376 predi·-

128 3418 229 3477 ctum
245 3392 442 3477 dominnm
458 3401 674 3507 episcopum
689 3401 948 3486 Parisiensem,
962 3402 1011 3476 ad
1023 3426 1139 3506 quem
1152 3401 1365 3506 pertinebat
1376 3401 1543 3506 recipere

126 3530 217 3607 tales
231 3529 362 3607 fratres
373 3530 548 3636 fugitivos
562 3531 604 3606 in
618 3556 685 3607 sua
700 3527 840 3609 diocesi
854 3529 1067 3621 Parisiensi,
1084 3546 1123 3606 et
1136 3531 1241 3636 quod
1255 3530 1543 3635 sibiexponerar

127 3659 264 3737 factum
284 3688 413 3749 suum,
430 3676 469 3738 et
487 3661 565 3767 ipse
585 3660 748 3767 benigne
768 3661 918 3738 audiret
936 3663 1189 3751 eumdem,·-et
1202 3659 1253 3737 de
1265 3688 1311 3737 eo
1327 3661 1544 3765 disponeret

128 3807 165 3865 et
178 3791 385 3881 ordinaret,
402 3809 445 3867 ut
463 3791 765 3899 aqutimabaan
781 3792 909 3898 quoad
926 3792 1066 3867 rictum
1085 3809 1126 3868 et
1144 3791 1230 3885 alia,
1252 3792 1357 3897 quod
1376 3805 1545 3866 servatur

128 3919 167 3992 in
188 3917 270 3995 aliis
288 3919 464 3996 iratribus
483 3922 571 3997 dicti
592 3922 736 4000 ordinis
753 3921 933 4028 fugitivis,
951 3933 989 3997 et
1006 3921 1062 3998 sic
1069 3921 1225 3999 recessit
1242 3922 1292 3997 ad
1310 3918 1540 4024 presenciam

127 4047 362 4124 eorumdem.
1221 4047 1228 4055 '

180 4308 322 4385 Eadem
350 4302 412 4381 die
431 4304 634 4410 supradicti
653 4305 867 4412 prepositus
884 4302 1105 4380 Pictavensis
1122 4320 1162 4380 et
1174 4303 1361 4401 Johannes
1380 4306 1540 4381 delam-

128 4436 228 4522 villa,
249 4436 422 4512 custodes
445 4435 703 4541 predictorum
721 4435 1038 4541 Templariorum,
1061 4434 1299 4512 adduxerunt
1320 4434 1369 4511 ad
1387 4461 1539 4540 presen-

79 4545 83 4553 Ι
128 4569 222 4642 ciam
242 4566 462 4644 corumdem
480 4566 721 4642 dominorum
741 4566 1082 4644 commissariorum
1101 4593 1164 4641 ser
1183 4565 1417 4670 Templarios
1436 4564 1543 4641 infm-

129 4697 299 4801 scriptos,
321 4696 518 4772 videlicet:
541 4694 693 4771 fratrem
711 4695 917 4774 Geraldum
933 4695 979 4771 de
997 4696 1094 4772 Caus
1113 4694 1272 4772 militem
1291 4699 1541 4775 Ruthenensis

131 4828 303 4916 diocesis,
329 4826 481 4903 fratrem
501 4827 725 4932 Raynerium
756 4826 805 4904 de
824 4826 1022 4912 Larchant,
1044 4824 1194 4904 fratrem
1213 4825 1468 4934 Reginardunr
1492 4828 1539 4902 de

1402 4965 1429 5025 lt.
