4080 6052
529 538 597 609 102
913 516 1107 609 raucas
1132 534 1226 607 uns
1251 534 1548 609 paupercus

522 679 645 754 dicere
662 694 702 754 et
720 702 929 783 proponere
954 677 1001 753 ad
1021 674 1280 771 defensionem
1300 676 1445 773 ordinis
1466 675 1687 784 supradicti3
1713 676 1944 759 declarantes

522 809 575 883 eis
602 808 706 916 quod
735 808 908 913 Magister
934 806 1023 884 dicti.
1047 807 1207 894 ordinis,
1227 824 1272 883 *et
1290 807 1458 884 visitator
1481 807 1653 896 Francia,
1678 825 1718 884 et
1741 807 1858 915 aliqui
1883 811 1942 889 alii

524 940 646 1045 magni
666 953 901 1045 preceptores
922 937 1009 1014 dicti
1036 936 1183 1014 ordinis·
1204 937 1479 1042 responderunt
1502 937 1689 1043 requisiti,
1713 939 1820 1044 qnod
1841 940 1944 1021 nole·

522 1069 612 1146 bant
634 1069 777 1146 dictum
802 1068 976 1144 ordinem
996 1067 1146 1172 Templi
1170 1065 1375 1144 defendere
1400 1067 1658 1174 supradictum
1683 1095 1811 1145 coram
1830 1071 1886 1147 eia
1903 1072 1943 1149 in

522 1217 619 1276 statu
638 1199 677 1274 in
696 1215 911 1304 quoerant,
934 1215 971 1275 et
989 1199 1093 1305 quod
1113 1198 1228 1275 irater
1245 1196 1478 1278 Guilleltnus
1497 1197 1545 1275 de
1562 1199 1693 1276 Castro
1714 1199 1817 1275 Novo
1836 1200 1942 1278 miles

522 1329 764 1434 responderat
780 1329 884 1434 quod
900 1327 1052 1405 nolebat
1067 1344 1159 1404 tunc
1174 1326 1377 1405 defendere
1395 1329 1542 1405 dictum
1557 1329 1731 1405 ordinem
1748 1354 1873 1405 coram
1891 1332 1942 1407 eis

524 1459 562 1533 in
584 1475 681 1535 statu
700 1461 739 1533 in
759 1486 835 1563 quo
854 1475 941 1534 erat.
963 1458 1252 1535 Declaraverunt
1268 1459 1420 1563 insuper
1439 1460 1495 1534 eis
1517 1458 1622 1564 quod
1639 1456 1855 1536 facultatem
1875 1459 1942 1536 de-

524 1588 656 1663 derant
674 1586 850 1664 omnibus
872 1588 939 1694 qui
964 1588 1131 1664 dixerant
1159 1587 1319 1664 seualle
1346 1585 1549 1665 defendere
1576 1587 1721 1663 dictum
1749 1589 1940 1676 ordinem,

524 1717 697 1793 veniendi
722 1717 770 1793 ad
793 1745 873 1807 eos,
895 1735 932 1794 et
946 1719 1069 1795 adbuc
1089 1718 1243 1805 dabant3
1273 1735 1311 1794 et
1330 1718 1703 1823 preceperuntquod
1719 1717 1855 1823 prelati.
1872 1719 1942 1796 lra-

524 1863 616 1935 tres‚
637 1847 861 1953 Raynaudus
879 1847 926 1923 de
943 1849 1167 1927 Vassinhaco
1185 1865 1223 1924 et
1240 1849 1412 1925 Mathone
1431 1847 1479 1923 de
1496 1846 1702 1937 Clicbiacc,
1718 1845 1943 1924 adduceren-

526 1993 588 2052 tur
611 1977 659 2053 ad
684 1978 913 2081 presenciam
935 1978 1174 2066 eorumdem,
1196 1978 1509 2084 quandocumque
1530 1976 1727 2053 voluerint.

581 2107 733 2200 Quibus
747 2108 849 2196 adis,
868 2108 1056 2213 predictus
1075 2108 1253 2185 dominus
1267 2109 1565 2212 archiepiscopus
1580 2105 1847 2194 Narbonensis,
1860 2136 1942 2214 pre·

527 2236 696 2313 sentibus
723 2236 898 2341 predictis
927 2237 1077 2343 collegis
1104 2239 1200 2325 suis,
1231 2237 1338 2313 dictis
1366 2236 1543 2313 iratribus
1572 2237 1613 2312 in
1640 2236 1739 2313 dicto
1767 2236 1942 2315 viridario

526 2367 770 2472 congregatis,
794 2367 885 2444 dixit
906 2400 914 2443 ε
939 2369 1104 2455 Fratres,
1128 2396 1192 2444 vos
1216 2367 1408 2444 audivistis
1431 2395 1506 2473 que
1530 2367 1628 2442 dicta
1649 2383 1689 2443 et
1713 2365 1838 2443 oblata
1858 2384 1942 2444 sunt

525 2497 630 2574 vobis
643 2523 796 2602 pernos
816 2515 854 2574 et
871 2497 1029 2604 collegas
1046 2498 1417 2585 nostross-ordinetis
1430 2494 1576 2603 aliquos
1593 2494 1724 2584 bodie,
1742 2494 1838 2573 dum
1857 2498 1942 2574 estis

527 2627 603 2715 hic,
630 2628 719 2735 quia
746 2629 944 2732 negocium
970 2627 1128 2732 requirit
1154 2627 1508 2716 accelleracioneru,¹
1523 2643 1562 2703 et
1589 2626 1774 2704 terminus
1799 2626 1940 2704 concilii

526 2756 707 2860 generalis
721 2757 1009 2862 appropinquat,
1025 2773 1063 2833 et
1077 2755 1184 2832 vobis
1204 2755 1351 2860 expedit
1368 2754 1600 2832 accelleracio
1613 2755 1778 2860 negocii,
1798 2757 1881 2861 qui,
1898 2772 1941 2831 ut

526 2886 736 2990 predictum
763 2904 833 2973 est,
862 2914 930 2990 pro
956 2884 1172 2963 defensione
1199 2885 1341 2962 ordinis
1365 2913 1489 2962 coram
1515 2884 1624 2961 nobis
1648 2883 1885 2991 compareant
1906 2902 1943 2962 et

527 3016 675 3106 faciant,
697 3028 734 3092 et
753 3042 821 3091 nos
842 3014 1020 3092 iaciemus
1038 3016 1142 3120 quod
1164 3014 1278 3092 suerit
1295 3017 1469 3104 racionis,
1493 3017 1651 3092 scientes
1668 3016 1772 3122 quod
1794 3042 1870 3092 nen
1886 3018 1941 3091 in·

526 3146 717 3223 tendimus
730 3173 794 3223 vos
813 3146 901 3221 alias
921 3172 1161 3251 congregare,
1184 3147 1249 3222 sed
1269 3146 1473 3250 procedere
1495 3146 1534 3221 in
1553 3145 1709 3251 negocio
1717 3145 1824 3251 jutta
1837 3144 1942 3224 tradi·

527 3295 604 3354 tam
624 3276 732 3355 nobis
751 3274 922 3354 formem.

581 3409 785 3515 Postque,
816 3407 938 3484 dous
965 3406 1143 3483 dominus
1172 3407 1398 3512 Bajocensis,
1425 3405 1662 3511 presentibus
1680 3406 1812 3482 eciam·
1832 3404 1940 3481 dictis

526 3537 676 3644 collegis
691 3539 783 3626 suis,
801 3538 918 3614 dixit:
935 3538 1098 3626 Fratres,
1121 3531 1345 3614 conveniatis
1364 3536 1412 3612 de
1426 3535 1589 3642 hiisque
1601 3534 1704 3612 robis
1722 3531 1819 3609 dicta
1834 3549 1939 3618 sunta

526 3695 610 3746 cras·
624 3669 695 3746 erit
711 3668 793 3745 dies
808 3668 1021 3756 Dominica,
1044 3684 1082 3744 et
1100 3695 1176 3744 non
1194 3666 1461 3772 procedemus,
1481 3693 1552 3743 nec
1571 3665 1636 3742 die
1649 3665 1772 3751 huna,
1791 3661 1860 3741 sed
1878 3663 1939 3738 die

526 3798 668 3890 Martis,
691 3817 728 3875 et
746 3825 790 3876 ex
804 3815 895 3875 tunc
912 3796 1163 3902 procedemus
1179 3797 1219 3872 in
1240 3797 1338 3873 dieto
1356 3796 1531 3902 negocio,
1549 3802 1664 3902 prout
1678 3791 1792 3870 issent
1806 3791 1942 3870 faden-

526 3927 635 4017 dum3
667 3947 705 4005 et
734 3929 958 4004 dimittimus
985 3926 1096 4003 vobis·
1117 3925 1339 4002 tabelliones
1364 3941 1530 4015 nostros,
1558 3923 1606 4000 ad
1633 3920 1877 4000 scribendum
1906 3937 1943 3998 et

525 4059 757 4137 audiendum
770 4068 1009 4165 quecumque
1020 4057 1211 4134 volueritis
1225 4054 1361 4146 facere,
1378 4055 1605 4133 ordinareet
1615 4052 1812 4131 contenire
1826 4076 1942 4156 snper

524 4192 724 4292 premissis.
748 4191 794 4267 Et
817 4218 861 4267 ex
880 4190 953 4267 hiis
978 4189 1030 4266 sic
1050 4189 1138 4265 actis
1165 4187 1257 4264 dicti
1276 4184 1419 4264 domini
1442 4181 1684 4262 commissarii
1708 4184 1940 4258 recmoemnt

528 4318 675 4396 exinde.

513 4436 516 4440 ⁴
581 4450 737 4527 Nomina
753 4474 841 4527 vero
861 4449 1019 4526 imnum
1034 4447 1289 4554 predictorum
1309 4449 1376 4554 qni
1393 4446 1501 4524 dictis
1516 4444 1579 4523 die
1593 4445 1749 4532 et-riooe,
1767 4438 1943 4548 predictis

524 4578 706 4655 omnibus
718 4596 757 4654 et
774 4580 947 4684 singulis,
967 4594 1010 4655 ut
1025 4578 1274 4683 premittitur,
1296 4576 1440 4654 ibidem
1459 4577 1551 4654 actis
1564 4572 1837 4659 interfuerant,
1855 4584 1942 4649 aunt

416 4792 419 4797 ,
529 4705 615 4793 hec,
630 4705 802 4782 videlicet
820 4705 974 4786 bases:
1734 4758 1739 4768 ·

584 4826 733 4912 Miletus
760 4833 809 4912 de·
833 4853 959 4914 sancto
986 4837 1128 4914 Fiacrio
1148 4838 1343 4945 presbyter
1368 4836 1584 4928 Meldensis,
1604 4831 1797 4915 Gerendus
1818 4829 1940 4909 deus
