4080 6052
514 523 584 600 ut
895 503 1092 602 Puocbs
1118 523 1214 595 ons
1239 521 1542 621 ruurtruns

508 682 598 743 runt
616 665 721 771 quod
741 665 830 771 quia
849 662 1082 770 colloquium
1103 690 1179 739 non
1199 661 1410 739 habuerant
1429 692 1516 739 cum
1535 662 1742 770 majoribus
1761 663 1854 741 dicti
1873 694 1933 744 or-

510 795 609 875 dinis
622 822 738 901 super
752 795 1060 902 procuratoribus
1075 794 1365 885 constituendis,
1381 793 1561 873 nolebant
1577 823 1647 870 nec
1662 811 1837 899 poterant
1846 827 1932 904 pro

508 944 698 1028 curatores
720 927 966 1011 constituere,
988 925 1056 1004 sed
1079 924 1198 1031 parati
1218 942 1324 1001 eraut
1348 942 1386 1002 et
1406 924 1539 1005 volunt
1563 923 1766 1002 defendere
1788 926 1932 1008 dicum

510 1055 683 1133 ordinem
704 1056 865 1162 quilibet
883 1084 952 1161 per
971 1085 1010 1133 se
1030 1056 1070 1132 in
1090 1054 1241 1161 propria
1258 1082 1433 1160 persona,
1452 1072 1490 1157 et
1506 1055 1703 1161 pecierunt
1722 1056 1770 1133 ad
1788 1058 1862 1137 hoc
1880 1058 1900 1143 f
1916 1107 1933 1121 ·

510 1187 687 1263 ciendum
713 1186 913 1265 consilium
931 1177 1160 1292 peritorum,
1186 1185 1353 1263 dicentes
1372 1185 1479 1292 quod
1495 1214 1572 1262 non
1592 1187 1795 1292 petebatur,
1810 1189 1932 1278 abeis

508 1316 660 1422 quando
680 1317 918 1422 ponebantur
937 1316 978 1393 in
992 1316 1104 1423 jainis
1123 1316 1154 1393 si
1173 1333 1434 1421 procuratores
1453 1317 1679 1394 constituere
1700 1318 1886 1397 volebant.

564 1451 676 1539 Item,
708 1448 843 1544 eadem
878 1438 940 1524 'die
965 1449 1064 1525 Jovis
1090 1447 1316 1525 accessimus
1342 1447 1391 1524 ad
1416 1448 1573 1525 domum
1598 1446 1761 1527 Roberti
1783 1451 1930 1529 Anudei

509 1578 548 1653 in
567 1578 648 1655 vico
668 1577 794 1657 Platee
809 1605 1012 1683 porcorum
1028 1578 1298 1670 Parisius,ubi
1317 1578 1584 1658 detinebantur
1597 1606 1647 1658 vu
1666 1578 1799 1661 [ratres
1818 1582 1932 1659 Tem-

508 1705 636 1813 plarii‚
660 1707 797 1812 exillis
816 1709 884 1815 qui
910 1707 1059 1788 fuerant
1085 1709 1124 1786 in
1150 1710 1252 1787 dicto
1276 1708 1452 1788 viridario
1483 1711 1627 1788 domini
1648 1712 1812 1816 episcopi
1832 1713 1932 1789 Pari-

509 1837 657 1928 siensis,
683 1838 857 1923 videlicet
880 1838 1012 1920 fratres
1035 1840 1267 1946 badulphus.
1284 1841 1333 1918 de
1357 1842 1602 1932 Taverniaco,
1624 1840 1851 1947 Reginaldus
1879 1843 1929 1918 de

509 1968 658 2046 Parisiis
683 1970 892 2076 presbyter,
919 1970 959 2046 P.
988 1970 1035 2047 de
1064 1983 1191 2049 sancto
1218 1972 1345 2076 Lupo,
1371 1971 1497 2049 Helias
1532 1972 1578 2048 de
1603 1975 1728 2059 Jocro,
1757 1970 1930 2049 Nicolaus

510 2097 558 2174 de
578 2098 818 2204 Conpendi0,
845 2099 1018 2176 Matheus
1040 2100 1089 2177 de
1104 2100 1265 2181 Tabulla
1285 2118 1323 2178 et
1341 2103 1447 2179 Bono
1469 2101 1515 2178 de
1530 2101 1695 2180 Volenis.
1718 2100 1795 2194 Qui
1815 2101 1931 2179 inter-

509 2228 649 2332 rogati,
672 2246 716 2305 ut
735 2227 798 2306 alii
822 2257 949 2334 supra,
971 2231 1248 2337 responderunt
1266 2232 1373 2339 quod
1391 2261 1468 2310 non
1487 2232 1652 2310 fecerant
1669 2250 1931 2338 procuratores

509 2357 698 2461 predictos
729 2387 799 2437 nec
827 2357 946 2437 facere
978 2360 1225 2441 intendebant
1254 2365 1333 2442 sine
1365 2357 1447 2441 aliis
1476 2362 1652 2441 fratribus
1681 2363 1825 2440 ordinis
1848 2392 1932 2469 pre-

411 2506 414 2513 '
511 2487 617 2580 dicti,
636 2489 722 2568 etsi
741 2489 909 2569 lacerent
926 2520 1066 2597 perse,
1083 2492 1232 2571 videtur
1249 2485 1302 2571 eis
1324 2494 1429 2598 quod
1447 2521 1525 2568 non
1544 2493 1692 2568 valeret.
1711 2494 1931 2600 Interrogati

509 2646 577 2721 per
601 2648 670 2699 nos
693 2622 725 2697 si
747 2621 878 2697 volunt
898 2621 1043 2725 aliquid
1068 2620 1193 2697 dicere
1214 2621 1263 2694 ad
1287 2621 1377 2729 dicti
1405 2620 1548 2695 ordinis
1573 2620 1631 2694 sui
1659 2618 1931 2712 defensionem,

509 2749 598 2853 quia
617 2749 735 2853 parati
762 2775 894 2826 sumus
920 2747 1083 2824 scribere
1116 2763 1153 2821 et
1174 2746 1337 2825 dominis
1364 2748 1501 2827 nostris
1526 2747 1787 2824 commissariis
1809 2777 1935 2853 repor—

396 2878 406 2895 ‘
509 2893 604 2963 tare,
627 2879 803 2952 dixerunt
831 2877 935 2981 quod
965 2904 1204 2981 quecumque
1239 2877 1352 2965 dicta,
1379 2879 1473 2954 lecta
1498 2895 1536 2956 et
1559 2857 1749 2983 proposita
1777 2877 1934 2958 suerunt

510 3005 609 3080 dicta
629 3005 691 3081 die
703 3003 829 3081 Sabati
845 3022 973 3081 contra
993 3006 1137 3083 dictum
1156 3008 1329 3085 ordinem
1346 3009 1386 3084 in
1405 3008 1580 3085 viridario
1600 3027 1828 3096 memorato,
1845 3029 1932 3087 sunt

508 3131 599 3210 salsa
630 3151 669 3212 et
698 3134 939 3213 mendacium
967 3135 1216 3225 continencia,
1248 3138 1344 3215 salva
1377 3140 1499 3247 gracia
1533 3138 1744 3215 mandantis
1775 3139 1932 3245 inquisi-

510 3263 658 3341 cionem
677 3263 761 3342 lieri
787 3293 901 3369 super
929 3267 999 3354 eis,
1022 3284 1059 3344 et
1083 3268 1189 3373 quod
1218 3267 1339 3346 dictus
1360 3269 1454 3345 ordo
1482 3287 1539 3346 est
1560 3269 1699 3356 bonus,
1732 3269 1871 3373 dignus
1896 3289 1931 3348 et

510 3412 659 3473 sanctus
683 3396 893 3473 secundum
916 3397 1058 3487 Deum,
1089 3414 1128 3475 et
1159 3398 1273 3476 talem
1298 3399 1433 3476 volunt
1461 3427 1604 3476 servare
1635 3417 1672 3475 et
1694 3399 1871 3477 adversus
1895 3419 1932 3478 et

511 3543 639 3614 contra
656 3504 916 3636 quoscumque
937 3526 1139 3605 defendere
1159 3530 1321 3635 quilibet
1344 3558 1413 3636 per
1432 3558 1471 3606 se
1491 3531 1585 3606 etin
1606 3530 1756 3634 propria
1775 3559 1931 3635 persona

510 3684 588 3731 sua.
606 3656 708 3734 Dixit
726 3657 843 3734 eciam
863 3655 977 3734 frater
996 3657 1218 3764 Radulphus
1238 3660 1286 3737 de
1306 3660 1550 3750 Tavemiaco,
1579 3660 1684 3765 quod
1704 3661 1781 3766 ipse
1806 3662 1931 3765 plures

509 3787 604 3863 vidit
623 3787 737 3893 recipi
759 3786 890 3865 fratres
910 3789 950 3863 in
970 3789 1122 3875 ordine,
1145 3808 1182 3867 et
1200 3791 1545 3897 quocienscumque
1565 3791 1852 3895 recipiebantur,
1875 3819 1932 3868 re-

512 3935 640 4022 ceptor
660 3913 808 3996 dicebat
822 3918 893 3995 hec
908 3920 1037 3997 verba:
1052 3922 1130 4026 Ego
1147 3921 1186 3996 in
1202 3922 1356 3998 nomine
1377 3939 1500 3998 sancte
1527 3922 1733 4012 Trinitatis,
1756 3923 1875 3999 Patris
1897 3940 1933 3997 et

511 4047 595 4123 Filii
611 4066 648 4125 et
664 4049 825 4154 Spiritus
841 4049 982 4139 Sancti,
1010 4068 1047 4128 et
1066 4051 1174 4128 b'eate
1193 4052 1309 4131 Marie
1324 4069 1362 4128 et
1386 4052 1559 4130 omnium
1575 4069 1806 4140 sanctorum,
1828 4069 1865 4127 te
1881 4080 1934 4130 re·

512 4176 609 4281 cipio
633 4196 671 4254 et
690 4179 739 4255 do
757 4180 829 4259 tibi
853 4180 1025 4261 habitum
1051 4180 1214 4287 Templi.
1239 4185 1287 4260 Et
1311 4182 1413 4259 idem
1439 4183 1613 4259 dixerunt
1637 4183 1699 4258 alii
1724 4199 1800 4256 tam
1821 4180 1868 4256 de
1893 4210 1932 4257 se

511 4307 600 4410 ipsis
623 4337 738 4413 quarn
759 4311 806 4387 de
827 4311 908 4390 aliis
925 4341 1021 4417 quos
1041 4312 1217 4392 viderunt
1242 4314 1358 4419 recipi
1379 4314 1418 4389 in
1444 4315 1587 4391 ordine.
1612 4314 1794 4417 Dixerunt
1815 4311 1933 4391 eciam

512 4464 643 4514 omnes
666 4441 825 4544 predicti
844 4440 951 4547 quod
975 4441 1004 4517 si
1026 4442 1191 4546 placeret
1219 4443 1328 4522 dictis
1353 4443 1515 4520 dominis
1539 4441 1800 4519 commissariis
1831 4440 1933 4547 quod

513 4567 559 4643 de
578 4569 748 4674 qualibet
767 4599 913 4650 camera
933 4600 1065 4650 eorum
1093 4590 1408 4683 congregarentur
1432 4602 1532 4650 unus
1556 4574 1602 4650 de
1623 4573 1791 4678 qualibet
1810 4600 1933 4649 coram

513 4697 657 4773 eisdem
682 4698 846 4778 dominis
863 4702 922 4780 vel
947 4703 1064 4795 alibi,
1088 4722 1180 4781 tunc
1208 4706 1463 4784 deliberarent
1490 4722 1527 4782 et
1549 4704 1757 4781 deliberare
1783 4718 1934 4808 possent

512 4826 673 4934 qualiter
692 4847 730 4906 et
749 4831 842 4939 quid
861 4833 1045 4912 haberent
1062 4863 1273 4941 proponere
1294 4855 1332 4914 et
1361 4836 1483 4914 lacere
1507 4863 1631 4913 coram
1652 4835 1717 4913 eis.
1742 4832 1936 4939 Supplica-
