<?xml version="1.0" encoding="UTF-8"?>
<!DOCTYPE html PUBLIC "-//W3C//DTD XHTML 1.0 Transitional//EN"
    "http://www.w3.org/TR/xhtml1/DTD/xhtml1-transitional.dtd">
<html xmlns="http://www.w3.org/1999/xhtml" xml:lang="en" lang="en">
 <head>
  <title>
</title>
<meta http-equiv="Content-Type" content="text/html;charset=utf-8" />
  <meta name='ocr-system' content='tesseract 3.04.00' />
  <meta name='ocr-capabilities' content='ocr_page ocr_carea ocr_par ocr_line ocrx_word'/>
</head>
<body>
  <div class='ocr_page' id='page_1' title='image "./procsdestemplie02defegoog_0496.png"; bbox 0 0 4080 6052; ppageno 0'>
   <div class='ocr_carea' id='block_1_1' title="bbox 325 540 1352 635">
    <p class='ocr_par' dir='ltr' id='par_1_1' title="bbox 325 540 1352 635">
     <span class='ocr_line' id='line_1_1' title="bbox 325 540 1352 635; baseline -0.005 -2"><span class='ocrx_word' id='word_1_1' title='bbox 325 558 400 635; x_wconf 80' lang='lat' dir='ltr'>us</span> <span class='ocrx_word' id='word_1_2' title='bbox 712 540 906 635; x_wconf 74' lang='lat' dir='ltr'>enochs</span> <span class='ocrx_word' id='word_1_3' title='bbox 931 557 1027 632; x_wconf 84' lang='lat' dir='ltr'>ons</span> <span class='ocrx_word' id='word_1_4' title='bbox 1051 556 1352 630; x_wconf 79' lang='lat' dir='ltr'>rsuemsus.</span> 
     </span>
    </p>
   </div>
   <div class='ocr_carea' id='block_1_2' title="bbox 223 695 1793 4973">
    <p class='ocr_par' dir='ltr' id='par_1_2' title="bbox 223 695 1793 3637">
     <span class='ocr_line' id='line_1_2' title="bbox 322 695 1746 807; baseline -0.004 -27"><span class='ocrx_word' id='word_1_5' title='bbox 322 698 519 807; x_wconf 81' lang='lat' dir='ltr'>oportebat</span> <span class='ocrx_word' id='word_1_6' title='bbox 537 726 626 779; x_wconf 91' lang='lat' dir='ltr'>eum</span> <span class='ocrx_word' id='word_1_7' title='bbox 644 699 717 777; x_wconf 93' lang='lat' dir='ltr'>hoc</span> <span class='ocrx_word' id='word_1_8' title='bbox 735 699 875 788; x_wconf 87' lang='lat' dir='ltr'>lacere,</span> <span class='ocrx_word' id='word_1_9' title='bbox 896 696 1087 805; x_wconf 75' lang='lat' dir='ltr'>quietalis</span> <span class='ocrx_word' id='word_1_10' title='bbox 1114 714 1194 775; x_wconf 89' lang='lat' dir='ltr'>erat</span> <span class='ocrx_word' id='word_1_11' title='bbox 1212 697 1307 775; x_wconf 92' lang='lat' dir='ltr'>ordo</span> <span class='ocrx_word' id='word_1_12' title='bbox 1328 724 1438 783; x_wconf 87' lang='lat' dir='ltr'>suus,</span> <span class='ocrx_word' id='word_1_13' title='bbox 1460 711 1500 773; x_wconf 86' lang='lat' dir='ltr'>et</span> <span class='ocrx_word' id='word_1_14' title='bbox 1516 712 1615 773; x_wconf 90' lang='lat' dir='ltr'>tunc</span> <span class='ocrx_word' id='word_1_15' title='bbox 1634 695 1746 775; x_wconf 84' lang='lat' dir='ltr'>abne-</span> 
     </span>
     <span class='ocr_line' id='line_1_3' title="bbox 322 827 1745 938; baseline 0 -30"><span class='ocrx_word' id='word_1_16' title='bbox 322 831 422 938; x_wconf 82' lang='lat' dir='ltr'>gavit</span> <span class='ocrx_word' id='word_1_17' title='bbox 439 857 504 909; x_wconf 90' lang='lat' dir='ltr'>ore</span> <span class='ocrx_word' id='word_1_18' title='bbox 524 858 601 908; x_wconf 91' lang='lat' dir='ltr'>non</span> <span class='ocrx_word' id='word_1_19' title='bbox 633 831 763 921; x_wconf 78' lang='lat' dir='ltr'>corde3</span> <span class='ocrx_word' id='word_1_20' title='bbox 790 830 838 910; x_wconf 92' lang='lat' dir='ltr'>de</span> <span class='ocrx_word' id='word_1_21' title='bbox 859 828 1247 915; x_wconf 79' lang='lat' dir='ltr'>osculis-inhonestis,</span> <span class='ocrx_word' id='word_1_22' title='bbox 1269 829 1316 906; x_wconf 92' lang='lat' dir='ltr'>de</span> <span class='ocrx_word' id='word_1_23' title='bbox 1336 827 1494 905; x_wconf 89' lang='lat' dir='ltr'>crimine</span> <span class='ocrx_word' id='word_1_24' title='bbox 1519 827 1745 908; x_wconf 86' lang='lat' dir='ltr'>sodomitico</span> 
     </span>
     <span class='ocr_line' id='line_1_4' title="bbox 324 958 1740 1067; baseline -0.001 -31"><span class='ocrx_word' id='word_1_25' title='bbox 324 961 382 1038; x_wconf 89' lang='lat' dir='ltr'>vel</span> <span class='ocrx_word' id='word_1_26' title='bbox 410 960 537 1067; x_wconf 90' lang='lat' dir='ltr'>aliquo</span> <span class='ocrx_word' id='word_1_27' title='bbox 566 960 640 1037; x_wconf 89' lang='lat' dir='ltr'>alio</span> <span class='ocrx_word' id='word_1_28' title='bbox 664 960 797 1038; x_wconf 90' lang='lat' dir='ltr'>illicito</span> <span class='ocrx_word' id='word_1_29' title='bbox 821 988 898 1037; x_wconf 89' lang='lat' dir='ltr'>non</span> <span class='ocrx_word' id='word_1_30' title='bbox 926 959 1000 1038; x_wconf 84' lang='lat' dir='ltr'>luit</span> <span class='ocrx_word' id='word_1_31' title='bbox 1030 958 1102 1035; x_wconf 90' lang='lat' dir='ltr'>sibi</span> <span class='ocrx_word' id='word_1_32' title='bbox 1129 958 1278 1036; x_wconf 89' lang='lat' dir='ltr'>locutus</span> <span class='ocrx_word' id='word_1_33' title='bbox 1311 958 1453 1046; x_wconf 80' lang='lat' dir='ltr'>eidem3</span> <span class='ocrx_word' id='word_1_34' title='bbox 1486 958 1687 1065; x_wconf 80' lang='lat' dir='ltr'>requisitus</span> <span class='ocrx_word' id='word_1_35' title='bbox 1709 961 1740 1037; x_wconf 88' lang='lat' dir='ltr'>si</span> 
     </span>
     <span class='ocr_line' id='line_1_5' title="bbox 323 1086 1740 1199; baseline 0 -32"><span class='ocrx_word' id='word_1_36' title='bbox 323 1090 442 1168; x_wconf 90' lang='lat' dir='ltr'>credit</span> <span class='ocrx_word' id='word_1_37' title='bbox 459 1089 568 1199; x_wconf 88' lang='lat' dir='ltr'>quod</span> <span class='ocrx_word' id='word_1_38' title='bbox 594 1090 658 1166; x_wconf 88' lang='lat' dir='ltr'>alii</span> <span class='ocrx_word' id='word_1_39' title='bbox 683 1086 935 1184; x_wconf 72' lang='lat' dir='ltr'>commirniter</span> <span class='ocrx_word' id='word_1_40' title='bbox 953 1089 1213 1196; x_wconf 81' lang='lat' dir='ltr'>reciperentur</span> <span class='ocrx_word' id='word_1_41' title='bbox 1234 1090 1275 1166; x_wconf 93' lang='lat' dir='ltr'>in</span> <span class='ocrx_word' id='word_1_42' title='bbox 1302 1089 1437 1167; x_wconf 89' lang='lat' dir='ltr'>ordine</span> <span class='ocrx_word' id='word_1_43' title='bbox 1454 1089 1557 1167; x_wconf 89' lang='lat' dir='ltr'>sicut</span> <span class='ocrx_word' id='word_1_44' title='bbox 1579 1089 1654 1197; x_wconf 86' lang='lat' dir='ltr'>ipse</span> <span class='ocrx_word' id='word_1_45' title='bbox 1671 1087 1740 1167; x_wconf 74' lang='lat' dir='ltr'>luit</span> 
     </span>
     <span class='ocr_line' id='line_1_6' title="bbox 323 1218 1740 1328; baseline -0.001 -31"><span class='ocrx_word' id='word_1_46' title='bbox 323 1236 513 1328; x_wconf 80' lang='lat' dir='ltr'>receptat,</span> <span class='ocrx_word' id='word_1_47' title='bbox 540 1221 738 1327; x_wconf 90' lang='lat' dir='ltr'>respondit</span> <span class='ocrx_word' id='word_1_48' title='bbox 752 1222 861 1328; x_wconf 86' lang='lat' dir='ltr'>quod</span> <span class='ocrx_word' id='word_1_49' title='bbox 884 1221 953 1313; x_wconf 91' lang='lat' dir='ltr'>sic,</span> <span class='ocrx_word' id='word_1_50' title='bbox 979 1220 1146 1297; x_wconf 89' lang='lat' dir='ltr'>sednon</span> <span class='ocrx_word' id='word_1_51' title='bbox 1169 1220 1312 1297; x_wconf 84' lang='lat' dir='ltr'>audivit</span> <span class='ocrx_word' id='word_1_52' title='bbox 1340 1219 1414 1297; x_wconf 89' lang='lat' dir='ltr'>dici</span> <span class='ocrx_word' id='word_1_53' title='bbox 1434 1218 1483 1296; x_wconf 85' lang='lat' dir='ltr'>ab</span> <span class='ocrx_word' id='word_1_54' title='bbox 1506 1218 1654 1326; x_wconf 87' lang='lat' dir='ltr'>aliquo,</span> <span class='ocrx_word' id='word_1_55' title='bbox 1675 1248 1740 1298; x_wconf 89' lang='lat' dir='ltr'>nec</span> 
     </span>
     <span class='ocr_line' id='line_1_7' title="bbox 322 1350 1744 1459; baseline 0 -31"><span class='ocrx_word' id='word_1_56' title='bbox 322 1353 482 1429; x_wconf 89' lang='lat' dir='ltr'>modum</span> <span class='ocrx_word' id='word_1_57' title='bbox 500 1353 730 1459; x_wconf 86' lang='lat' dir='ltr'>recepoionis</span> <span class='ocrx_word' id='word_1_58' title='bbox 750 1381 816 1431; x_wconf 90' lang='lat' dir='ltr'>sue</span> <span class='ocrx_word' id='word_1_59' title='bbox 849 1351 1024 1431; x_wconf 77' lang='lat' dir='ltr'>revelavit</span> <span class='ocrx_word' id='word_1_60' title='bbox 1044 1350 1155 1426; x_wconf 89' lang='lat' dir='ltr'>alicui</span> <span class='ocrx_word' id='word_1_61' title='bbox 1175 1350 1223 1426; x_wconf 91' lang='lat' dir='ltr'>de</span> <span class='ocrx_word' id='word_1_62' title='bbox 1244 1351 1396 1442; x_wconf 88' lang='lat' dir='ltr'>ordine,</span> <span class='ocrx_word' id='word_1_63' title='bbox 1415 1350 1507 1456; x_wconf 84' lang='lat' dir='ltr'>quia</span> <span class='ocrx_word' id='word_1_64' title='bbox 1527 1377 1608 1426; x_wconf 91' lang='lat' dir='ltr'>non</span> <span class='ocrx_word' id='word_1_65' title='bbox 1634 1351 1744 1428; x_wconf 79' lang='lat' dir='ltr'>aude</span> 
     </span>
     <span class='ocr_line' id='line_1_8' title="bbox 325 1479 1743 1587; baseline 0 -29"><span class='ocrx_word' id='word_1_66' title='bbox 325 1481 415 1558; x_wconf 91' lang='lat' dir='ltr'>bant</span> <span class='ocrx_word' id='word_1_67' title='bbox 434 1480 539 1587; x_wconf 85' lang='lat' dir='ltr'>loqui</span> <span class='ocrx_word' id='word_1_68' title='bbox 562 1481 662 1557; x_wconf 90' lang='lat' dir='ltr'>inter</span> <span class='ocrx_word' id='word_1_69' title='bbox 686 1508 725 1558; x_wconf 90' lang='lat' dir='ltr'>se</span> <span class='ocrx_word' id='word_1_70' title='bbox 752 1481 799 1556; x_wconf 95' lang='lat' dir='ltr'>de</span> <span class='ocrx_word' id='word_1_71' title='bbox 825 1481 941 1557; x_wconf 91' lang='lat' dir='ltr'>modo</span> <span class='ocrx_word' id='word_1_72' title='bbox 964 1479 1198 1586; x_wconf 88' lang='lat' dir='ltr'>recepoionis</span> <span class='ocrx_word' id='word_1_73' title='bbox 1218 1505 1364 1555; x_wconf 89' lang='lat' dir='ltr'>eorum.</span> <span class='ocrx_word' id='word_1_74' title='bbox 1386 1479 1498 1566; x_wconf 85' lang='lat' dir='ltr'>Item,</span> <span class='ocrx_word' id='word_1_75' title='bbox 1527 1479 1621 1556; x_wconf 84' lang='lat' dir='ltr'>dixit</span> <span class='ocrx_word' id='word_1_76' title='bbox 1644 1483 1743 1587; x_wconf 88' lang='lat' dir='ltr'>quod</span> 
     </span>
     <span class='ocr_line' id='line_1_9' title="bbox 327 1606 1740 1717; baseline -0.001 -29"><span class='ocrx_word' id='word_1_77' title='bbox 327 1610 436 1717; x_wconf 87' lang='lat' dir='ltr'>[cum</span> <span class='ocrx_word' id='word_1_78' title='bbox 444 1608 479 1717; x_wconf 75' lang='lat' dir='ltr'>l]</span> <span class='ocrx_word' id='word_1_79' title='bbox 498 1611 622 1688; x_wconf 89' lang='lat' dir='ltr'>dictus</span> <span class='ocrx_word' id='word_1_80' title='bbox 635 1627 807 1716; x_wconf 89' lang='lat' dir='ltr'>receptor</span> <span class='ocrx_word' id='word_1_81' title='bbox 824 1608 993 1716; x_wconf 79' lang='lat' dir='ltr'>precepit</span> <span class='ocrx_word' id='word_1_82' title='bbox 1012 1608 1137 1685; x_wconf 89' lang='lat' dir='ltr'>eidem</span> <span class='ocrx_word' id='word_1_83' title='bbox 1154 1608 1255 1685; x_wconf 88' lang='lat' dir='ltr'>dicta</span> <span class='ocrx_word' id='word_1_84' title='bbox 1275 1607 1422 1693; x_wconf 83' lang='lat' dir='ltr'>illicite,</span> <span class='ocrx_word' id='word_1_85' title='bbox 1441 1606 1579 1686; x_wconf 82' lang='lat' dir='ltr'>fratres</span> <span class='ocrx_word' id='word_1_86' title='bbox 1592 1610 1740 1715; x_wconf 87' lang='lat' dir='ltr'>predicti</span> 
     </span>
     <span class='ocr_line' id='line_1_10' title="bbox 325 1728 1741 1847; baseline 0.001 -31"><span class='ocrx_word' id='word_1_87' title='bbox 325 1741 390 1847; x_wconf 85' lang='lat' dir='ltr'>qui</span> <span class='ocrx_word' id='word_1_88' title='bbox 411 1742 594 1819; x_wconf 84' lang='lat' dir='ltr'>adherant</span> <span class='ocrx_word' id='word_1_89' title='bbox 610 1756 845 1818; x_wconf 89' lang='lat' dir='ltr'>secesserunt</span> <span class='ocrx_word' id='word_1_90' title='bbox 862 1741 910 1817; x_wconf 87' lang='lat' dir='ltr'>ad</span> <span class='ocrx_word' id='word_1_91' title='bbox 927 1728 1074 1846; x_wconf 90' lang='lat' dir='ltr'>partem</span> <span class='ocrx_word' id='word_1_92' title='bbox 1092 1738 1191 1816; x_wconf 87' lang='lat' dir='ltr'>intra</span> <span class='ocrx_word' id='word_1_93' title='bbox 1212 1738 1351 1816; x_wconf 86' lang='lat' dir='ltr'>dictam</span> <span class='ocrx_word' id='word_1_94' title='bbox 1363 1737 1562 1844; x_wconf 82' lang='lat' dir='ltr'>capellam,</span> <span class='ocrx_word' id='word_1_95' title='bbox 1576 1740 1641 1817; x_wconf 87' lang='lat' dir='ltr'>sed</span> <span class='ocrx_word' id='word_1_96' title='bbox 1654 1769 1741 1817; x_wconf 90' lang='lat' dir='ltr'>cum</span> 
     </span>
     <span class='ocr_line' id='line_1_11' title="bbox 223 1866 1741 1977; baseline -0.001 -29"><span class='ocrx_word' id='word_1_97' title='bbox 223 1875 227 1881; x_wconf 79' lang='grc'><strong>’</strong></span> <span class='ocrx_word' id='word_1_98' title='bbox 325 1871 424 1948; x_wconf 89' lang='lat' dir='ltr'>bene</span> <span class='ocrx_word' id='word_1_99' title='bbox 443 1885 617 1977; x_wconf 85' lang='lat' dir='ltr'>poterant</span> <span class='ocrx_word' id='word_1_100' title='bbox 639 1898 705 1949; x_wconf 89' lang='lat' dir='ltr'>eos</span> <span class='ocrx_word' id='word_1_101' title='bbox 725 1870 853 1945; x_wconf 90' lang='lat' dir='ltr'>videre</span> <span class='ocrx_word' id='word_1_102' title='bbox 878 1868 910 1946; x_wconf 90' lang='lat' dir='ltr'>si</span> <span class='ocrx_word' id='word_1_103' title='bbox 934 1866 1126 1960; x_wconf 80' lang='lat' dir='ltr'>volebant,</span> <span class='ocrx_word' id='word_1_104' title='bbox 1150 1895 1229 1945; x_wconf 92' lang='lat' dir='ltr'>non</span> <span class='ocrx_word' id='word_1_105' title='bbox 1247 1885 1374 1945; x_wconf 69' lang='lat' dir='ltr'>umen</span> <span class='ocrx_word' id='word_1_106' title='bbox 1399 1867 1535 1944; x_wconf 88' lang='lat' dir='ltr'>audire</span> <span class='ocrx_word' id='word_1_107' title='bbox 1559 1895 1633 1975; x_wconf 90' lang='lat' dir='ltr'>quc</span> <span class='ocrx_word' id='word_1_108' title='bbox 1649 1868 1741 1947; x_wconf 76' lang='lat' dir='ltr'>dire·-</span> 
     </span>
     <span class='ocr_line' id='line_1_12' title="bbox 325 1996 1745 2105; baseline -0.001 -28"><span class='ocrx_word' id='word_1_109' title='bbox 325 2001 433 2089; x_wconf 84' lang='lat' dir='ltr'>bant;</span> <span class='ocrx_word' id='word_1_110' title='bbox 449 2015 487 2077; x_wconf 91' lang='lat' dir='ltr'>et</span> <span class='ocrx_word' id='word_1_111' title='bbox 504 2026 592 2077; x_wconf 91' lang='lat' dir='ltr'>cum</span> <span class='ocrx_word' id='word_1_112' title='bbox 611 1998 777 2105; x_wconf 87' lang='lat' dir='ltr'>predicta</span> <span class='ocrx_word' id='word_1_113' title='bbox 795 1999 924 2076; x_wconf 88' lang='lat' dir='ltr'>illicita</span> <span class='ocrx_word' id='word_1_114' title='bbox 942 1999 1038 2075; x_wconf 83' lang='lat' dir='ltr'>lacta</span> <span class='ocrx_word' id='word_1_115' title='bbox 1056 1997 1231 2085; x_wconf 76' lang='lat' dir='ltr'>finissent,</span> <span class='ocrx_word' id='word_1_116' title='bbox 1242 1998 1442 2075; x_wconf 89' lang='lat' dir='ltr'>redierunt</span> <span class='ocrx_word' id='word_1_117' title='bbox 1456 1998 1549 2076; x_wconf 87' lang='lat' dir='ltr'>dicti</span> <span class='ocrx_word' id='word_1_118' title='bbox 1561 1996 1694 2078; x_wconf 80' lang='lat' dir='ltr'>batres</span> <span class='ocrx_word' id='word_1_119' title='bbox 1711 2016 1745 2076; x_wconf 90' lang='lat' dir='ltr'>et</span> 
     </span>
     <span class='ocr_line' id='line_1_13' title="bbox 327 2128 1744 2237; baseline 0.001 -31"><span class='ocrx_word' id='word_1_120' title='bbox 327 2146 509 2235; x_wconf 88' lang='lat' dir='ltr'>receptor,</span> <span class='ocrx_word' id='word_1_121' title='bbox 531 2146 570 2207; x_wconf 90' lang='lat' dir='ltr'>et</span> <span class='ocrx_word' id='word_1_122' title='bbox 589 2130 658 2237; x_wconf 91' lang='lat' dir='ltr'>ipsi</span> <span class='ocrx_word' id='word_1_123' title='bbox 676 2128 831 2206; x_wconf 86' lang='lat' dir='ltr'>luerunt</span> <span class='ocrx_word' id='word_1_124' title='bbox 849 2157 937 2205; x_wconf 90' lang='lat' dir='ltr'>eum</span> <span class='ocrx_word' id='word_1_125' title='bbox 954 2128 1110 2205; x_wconf 89' lang='lat' dir='ltr'>osculati</span> <span class='ocrx_word' id='word_1_126' title='bbox 1125 2129 1165 2204; x_wconf 91' lang='lat' dir='ltr'>in</span> <span class='ocrx_word' id='word_1_127' title='bbox 1184 2156 1262 2205; x_wconf 90' lang='lat' dir='ltr'>ore.</span> <span class='ocrx_word' id='word_1_128' title='bbox 1283 2129 1394 2220; x_wconf 86' lang='lat' dir='ltr'>Item,</span> <span class='ocrx_word' id='word_1_129' title='bbox 1417 2128 1513 2204; x_wconf 81' lang='lat' dir='ltr'>dixit</span> <span class='ocrx_word' id='word_1_130' title='bbox 1529 2129 1640 2236; x_wconf 88' lang='lat' dir='ltr'>quod</span> <span class='ocrx_word' id='word_1_131' title='bbox 1657 2129 1744 2207; x_wconf 83' lang='lat' dir='ltr'>infra</span> 
     </span>
     <span class='ocr_line' id='line_1_14' title="bbox 328 2256 1745 2366; baseline 0.001 -30"><span class='ocrx_word' id='word_1_132' title='bbox 328 2278 413 2337; x_wconf 91' lang='lat' dir='ltr'>octo</span> <span class='ocrx_word' id='word_1_133' title='bbox 434 2261 515 2338; x_wconf 89' lang='lat' dir='ltr'>dies</span> <span class='ocrx_word' id='word_1_134' title='bbox 536 2286 561 2337; x_wconf 83' lang='lat' dir='ltr'>a</span> <span class='ocrx_word' id='word_1_135' title='bbox 581 2260 802 2366; x_wconf 89' lang='lat' dir='ltr'>recepoione</span> <span class='ocrx_word' id='word_1_136' title='bbox 826 2287 893 2335; x_wconf 87' lang='lat' dir='ltr'>sua</span> <span class='ocrx_word' id='word_1_137' title='bbox 917 2258 991 2336; x_wconf 84' lang='lat' dir='ltr'>fuit</span> <span class='ocrx_word' id='word_1_138' title='bbox 1006 2256 1199 2336; x_wconf 84' lang='lat' dir='ltr'>confessus</span> <span class='ocrx_word' id='word_1_139' title='bbox 1221 2258 1269 2334; x_wconf 87' lang='lat' dir='ltr'>dc</span> <span class='ocrx_word' id='word_1_140' title='bbox 1289 2259 1470 2363; x_wconf 85' lang='lat' dir='ltr'>predictis</span> <span class='ocrx_word' id='word_1_141' title='bbox 1496 2259 1691 2337; x_wconf 89' lang='lat' dir='ltr'>erroribus</span> <span class='ocrx_word' id='word_1_142' title='bbox 1708 2261 1745 2336; x_wconf 92' lang='lat' dir='ltr'>in</span> 
     </span>
     <span class='ocr_line' id='line_1_15' title="bbox 329 2367 1745 2477; baseline 0 -11"><span class='ocrx_word' id='word_1_143' title='bbox 329 2390 483 2467; x_wconf 85' lang='lat' dir='ltr'>ecclesia</span> <span class='ocrx_word' id='word_1_144' title='bbox 496 2388 656 2468; x_wconf 74' lang='lat' dir='ltr'>bouum</span> <span class='ocrx_word' id='word_1_145' title='bbox 668 2389 953 2466; x_wconf 88' lang='lat' dir='ltr'>Predicatorum</span> <span class='ocrx_word' id='word_1_146' title='bbox 969 2388 1017 2465; x_wconf 93' lang='lat' dir='ltr'>de</span> <span class='ocrx_word' id='word_1_147' title='bbox 1029 2367 1205 2475; x_wconf 85' lang='lat' dir='ltr'>Belvaoo,</span> <span class='ocrx_word' id='word_1_148' title='bbox 1222 2388 1374 2465; x_wconf 88' lang='lat' dir='ltr'>cuidam</span> <span class='ocrx_word' id='word_1_149' title='bbox 1386 2387 1492 2465; x_wconf 83' lang='lat' dir='ltr'>fratri</span> <span class='ocrx_word' id='word_1_150' title='bbox 1504 2389 1745 2477; x_wconf 85' lang='lat' dir='ltr'>Predicatori,</span> 
     </span>
     <span class='ocr_line' id='line_1_16' title="bbox 329 2515 1747 2628; baseline 0.001 -32"><span class='ocrx_word' id='word_1_151' title='bbox 329 2523 437 2628; x_wconf 89' lang='lat' dir='ltr'>cujus</span> <span class='ocrx_word' id='word_1_152' title='bbox 455 2545 596 2598; x_wconf 85' lang='lat' dir='ltr'>nomen</span> <span class='ocrx_word' id='word_1_153' title='bbox 616 2536 655 2596; x_wconf 89' lang='lat' dir='ltr'>et</span> <span class='ocrx_word' id='word_1_154' title='bbox 673 2545 884 2626; x_wconf 88' lang='lat' dir='ltr'>cognomen</span> <span class='ocrx_word' id='word_1_155' title='bbox 903 2518 1066 2624; x_wconf 76' lang='lat' dir='ltr'>ignom,</span> <span class='ocrx_word' id='word_1_156' title='bbox 1087 2517 1152 2625; x_wconf 82' lang='lat' dir='ltr'>qui</span> <span class='ocrx_word' id='word_1_157' title='bbox 1173 2515 1247 2593; x_wconf 83' lang='lat' dir='ltr'>luit</span> <span class='ocrx_word' id='word_1_158' title='bbox 1261 2518 1429 2595; x_wconf 88' lang='lat' dir='ltr'>multum</span> <span class='ocrx_word' id='word_1_159' title='bbox 1447 2518 1682 2624; x_wconf 77' lang='lat' dir='ltr'>stupefactus</span> <span class='ocrx_word' id='word_1_160' title='bbox 1703 2520 1747 2597; x_wconf 87' lang='lat' dir='ltr'>de</span> 
     </span>
     <span class='ocr_line' id='line_1_17' title="bbox 326 2646 1748 2755; baseline 0 -29"><span class='ocrx_word' id='word_1_161' title='bbox 326 2651 523 2755; x_wconf 89' lang='lat' dir='ltr'>predictis,</span> <span class='ocrx_word' id='word_1_162' title='bbox 553 2667 591 2727; x_wconf 90' lang='lat' dir='ltr'>et</span> <span class='ocrx_word' id='word_1_163' title='bbox 613 2648 860 2755; x_wconf 86' lang='lat' dir='ltr'>reprehendit</span> <span class='ocrx_word' id='word_1_164' title='bbox 888 2677 976 2724; x_wconf 90' lang='lat' dir='ltr'>eum</span> <span class='ocrx_word' id='word_1_165' title='bbox 1009 2647 1098 2755; x_wconf 83' lang='lat' dir='ltr'>quia</span> <span class='ocrx_word' id='word_1_166' title='bbox 1119 2646 1257 2723; x_wconf 83' lang='lat' dir='ltr'>lecerat</span> <span class='ocrx_word' id='word_1_167' title='bbox 1274 2646 1462 2752; x_wconf 87' lang='lat' dir='ltr'>predicta,</span> <span class='ocrx_word' id='word_1_168' title='bbox 1490 2665 1528 2725; x_wconf 89' lang='lat' dir='ltr'>et</span> <span class='ocrx_word' id='word_1_169' title='bbox 1549 2649 1630 2754; x_wconf 87' lang='lat' dir='ltr'>ipse</span> <span class='ocrx_word' id='word_1_170' title='bbox 1648 2649 1748 2726; x_wconf 84' lang='lat' dir='ltr'>testis</span> 
     </span>
     <span class='ocr_line' id='line_1_18' title="bbox 328 2777 1746 2886; baseline -0.001 -31"><span class='ocrx_word' id='word_1_171' title='bbox 328 2779 524 2886; x_wconf 88' lang='lat' dir='ltr'>respondit</span> <span class='ocrx_word' id='word_1_172' title='bbox 546 2779 651 2884; x_wconf 86' lang='lat' dir='ltr'>quod</span> <span class='ocrx_word' id='word_1_173' title='bbox 678 2777 770 2884; x_wconf 85' lang='lat' dir='ltr'>quia</span> <span class='ocrx_word' id='word_1_174' title='bbox 789 2794 962 2883; x_wconf 88' lang='lat' dir='ltr'>receptus</span> <span class='ocrx_word' id='word_1_175' title='bbox 981 2793 1061 2855; x_wconf 89' lang='lat' dir='ltr'>erat</span> <span class='ocrx_word' id='word_1_176' title='bbox 1084 2794 1286 2882; x_wconf 91' lang='lat' dir='ltr'>antequam</span> <span class='ocrx_word' id='word_1_177' title='bbox 1313 2777 1348 2853; x_wconf 88' lang='lat' dir='ltr'>ei</span> <span class='ocrx_word' id='word_1_178' title='bbox 1364 2777 1648 2884; x_wconf 89' lang='lat' dir='ltr'>preciperentur</span> <span class='ocrx_word' id='word_1_179' title='bbox 1663 2805 1746 2882; x_wconf 89' lang='lat' dir='ltr'>pre-</span> 
     </span>
     <span class='ocr_line' id='line_1_19' title="bbox 329 2905 1793 3016; baseline 0 -31"><span class='ocrx_word' id='word_1_180' title='bbox 329 2911 427 2985; x_wconf 86' lang='lat' dir='ltr'>dicta</span> <span class='ocrx_word' id='word_1_181' title='bbox 441 2909 584 2999; x_wconf 90' lang='lat' dir='ltr'>illicita,</span> <span class='ocrx_word' id='word_1_182' title='bbox 604 2907 772 3016; x_wconf 91' lang='lat' dir='ltr'>oportuit</span> <span class='ocrx_word' id='word_1_183' title='bbox 785 2907 890 3014; x_wconf 90' lang='lat' dir='ltr'>quod</span> <span class='ocrx_word' id='word_1_184' title='bbox 907 2936 950 2986; x_wconf 90' lang='lat' dir='ltr'>ea</span> <span class='ocrx_word' id='word_1_185' title='bbox 964 2906 1118 2997; x_wconf 84' lang='lat' dir='ltr'>faceret;</span> <span class='ocrx_word' id='word_1_186' title='bbox 1138 2924 1176 2983; x_wconf 89' lang='lat' dir='ltr'>et</span> <span class='ocrx_word' id='word_1_187' title='bbox 1195 2905 1352 2984; x_wconf 86' lang='lat' dir='ltr'>absolvit</span> <span class='ocrx_word' id='word_1_188' title='bbox 1368 2934 1477 3001; x_wconf 90' lang='lat' dir='ltr'>eum,</span> <span class='ocrx_word' id='word_1_189' title='bbox 1494 2908 1660 3014; x_wconf 84' lang='lat' dir='ltr'>imposita</span> <span class='ocrx_word' id='word_1_190' title='bbox 1678 2936 1745 3013; x_wconf 90' lang='lat' dir='ltr'>pe·</span> <span class='ocrx_word' id='word_1_191' title='bbox 1791 3006 1793 3011; x_wconf 26' lang='grc'><strong>,</strong></span> 
     </span>
     <span class='ocr_line' id='line_1_20' title="bbox 329 3036 1747 3144; baseline 0 -30"><span class='ocrx_word' id='word_1_192' title='bbox 329 3039 492 3115; x_wconf 75' lang='lat' dir='ltr'>nitentia</span> <span class='ocrx_word' id='word_1_193' title='bbox 515 3039 621 3144; x_wconf 89' lang='lat' dir='ltr'>quod</span> <span class='ocrx_word' id='word_1_194' title='bbox 644 3067 721 3115; x_wconf 92' lang='lat' dir='ltr'>non</span> <span class='ocrx_word' id='word_1_195' title='bbox 748 3039 898 3116; x_wconf 88' lang='lat' dir='ltr'>biberet</span> <span class='ocrx_word' id='word_1_196' title='bbox 921 3039 1052 3115; x_wconf 89' lang='lat' dir='ltr'>vinum</span> <span class='ocrx_word' id='word_1_197' title='bbox 1076 3038 1227 3116; x_wconf 85' lang='lat' dir='ltr'>deuno</span> <span class='ocrx_word' id='word_1_198' title='bbox 1254 3065 1353 3114; x_wconf 89' lang='lat' dir='ltr'>anno</span> <span class='ocrx_word' id='word_1_199' title='bbox 1370 3038 1410 3114; x_wconf 91' lang='lat' dir='ltr'>in</span> <span class='ocrx_word' id='word_1_200' title='bbox 1435 3040 1548 3117; x_wconf 85' lang='lat' dir='ltr'>sertis</span> <span class='ocrx_word' id='word_1_201' title='bbox 1564 3036 1684 3127; x_wconf 75' lang='lat' dir='ltr'>feriis3</span> <span class='ocrx_word' id='word_1_202' title='bbox 1710 3057 1747 3114; x_wconf 92' lang='lat' dir='ltr'>et</span> 
     </span>
     <span class='ocr_line' id='line_1_21' title="bbox 329 3167 1749 3275; baseline 0.001 -32"><span class='ocrx_word' id='word_1_203' title='bbox 329 3197 416 3244; x_wconf 90' lang='lat' dir='ltr'>cum</span> <span class='ocrx_word' id='word_1_204' title='bbox 445 3168 515 3245; x_wconf 89' lang='lat' dir='ltr'>iste</span> <span class='ocrx_word' id='word_1_205' title='bbox 542 3169 649 3247; x_wconf 87' lang='lat' dir='ltr'>testis</span> <span class='ocrx_word' id='word_1_206' title='bbox 677 3170 924 3274; x_wconf 86' lang='lat' dir='ltr'>responderet</span> <span class='ocrx_word' id='word_1_207' title='bbox 951 3170 1056 3275; x_wconf 89' lang='lat' dir='ltr'>quod</span> <span class='ocrx_word' id='word_1_208' title='bbox 1084 3169 1158 3246; x_wconf 91' lang='lat' dir='ltr'>hoc</span> <span class='ocrx_word' id='word_1_209' title='bbox 1188 3167 1307 3245; x_wconf 86' lang='lat' dir='ltr'>lacere</span> <span class='ocrx_word' id='word_1_210' title='bbox 1340 3197 1417 3246; x_wconf 92' lang='lat' dir='ltr'>non</span> <span class='ocrx_word' id='word_1_211' title='bbox 1447 3171 1622 3260; x_wconf 81' lang='lat' dir='ltr'>auderet,</span> <span class='ocrx_word' id='word_1_212' title='bbox 1656 3168 1749 3246; x_wconf 88' lang='lat' dir='ltr'>lorte</span> 
     </span>
     <span class='ocr_line' id='line_1_22' title="bbox 331 3298 1750 3403; baseline 0 -29"><span class='ocrx_word' id='word_1_213' title='bbox 331 3298 536 3374; x_wconf 80' lang='lat' dir='ltr'>scientibus</span> <span class='ocrx_word' id='word_1_214' title='bbox 556 3298 815 3403; x_wconf 88' lang='lat' dir='ltr'>superioribus</span> <span class='ocrx_word' id='word_1_215' title='bbox 836 3298 929 3389; x_wconf 90' lang='lat' dir='ltr'>suis,</span> <span class='ocrx_word' id='word_1_216' title='bbox 947 3299 1070 3374; x_wconf 89' lang='lat' dir='ltr'>dictus</span> <span class='ocrx_word' id='word_1_217' title='bbox 1088 3298 1202 3374; x_wconf 79' lang='lat' dir='ltr'>irater</span> <span class='ocrx_word' id='word_1_218' title='bbox 1218 3298 1309 3374; x_wconf 86' lang='lat' dir='ltr'>dixit</span> <span class='ocrx_word' id='word_1_219' title='bbox 1323 3299 1429 3403; x_wconf 88' lang='lat' dir='ltr'>qnod</span> <span class='ocrx_word' id='word_1_220' title='bbox 1442 3299 1579 3375; x_wconf 86' lang='lat' dir='ltr'>laceret</span> <span class='ocrx_word' id='word_1_221' title='bbox 1597 3300 1750 3403; x_wconf 85' lang='lat' dir='ltr'>quando</span> 
     </span>
     <span class='ocr_line' id='line_1_23' title="bbox 331 3427 1746 3534; baseline -0.001 -31"><span class='ocrx_word' id='word_1_222' title='bbox 331 3446 470 3533; x_wconf 85' lang='lat' dir='ltr'>posset;</span> <span class='ocrx_word' id='word_1_223' title='bbox 488 3445 526 3505; x_wconf 91' lang='lat' dir='ltr'>et</span> <span class='ocrx_word' id='word_1_224' title='bbox 544 3429 624 3533; x_wconf 89' lang='lat' dir='ltr'>ipse</span> <span class='ocrx_word' id='word_1_225' title='bbox 644 3429 749 3505; x_wconf 89' lang='lat' dir='ltr'>testis</span> <span class='ocrx_word' id='word_1_226' title='bbox 769 3428 969 3533; x_wconf 89' lang='lat' dir='ltr'>complevit</span> <span class='ocrx_word' id='word_1_227' title='bbox 983 3457 1119 3534; x_wconf 87' lang='lat' dir='ltr'>penam</span> <span class='ocrx_word' id='word_1_228' title='bbox 1136 3430 1355 3533; x_wconf 85' lang='lat' dir='ltr'>predictam.</span> <span class='ocrx_word' id='word_1_229' title='bbox 1377 3428 1483 3504; x_wconf 89' lang='lat' dir='ltr'>Plura</span> <span class='ocrx_word' id='word_1_230' title='bbox 1499 3428 1546 3502; x_wconf 93' lang='lat' dir='ltr'>de</span> <span class='ocrx_word' id='word_1_231' title='bbox 1559 3427 1746 3502; x_wconf 89' lang='lat' dir='ltr'>contentis</span> 
     </span>
     <span class='ocr_line' id='line_1_24' title="bbox 332 3560 1111 3637; baseline 0.004 -4"><span class='ocrx_word' id='word_1_232' title='bbox 332 3562 371 3635; x_wconf 90' lang='lat' dir='ltr'>in</span> <span class='ocrx_word' id='word_1_233' title='bbox 393 3562 500 3637; x_wconf 88' lang='lat' dir='ltr'>dictis</span> <span class='ocrx_word' id='word_1_234' title='bbox 520 3586 584 3637; x_wconf 83' lang='lat' dir='ltr'>x111</span> <span class='ocrx_word' id='word_1_235' title='bbox 604 3560 769 3636; x_wconf 86' lang='lat' dir='ltr'>articulis</span> <span class='ocrx_word' id='word_1_236' title='bbox 790 3560 882 3635; x_wconf 84' lang='lat' dir='ltr'>dixit</span> <span class='ocrx_word' id='word_1_237' title='bbox 896 3588 935 3636; x_wconf 90' lang='lat' dir='ltr'>se</span> <span class='ocrx_word' id='word_1_238' title='bbox 956 3560 1111 3636; x_wconf 90' lang='lat' dir='ltr'>nescire.</span> 
     </span>
    </p>

    <p class='ocr_par' dir='ltr' id='par_1_3' title="bbox 330 3677 1750 4973">
     <span class='ocr_line' id='line_1_25' title="bbox 386 3677 1749 3796; baseline -0.002 -30"><span class='ocrx_word' id='word_1_239' title='bbox 386 3695 496 3779; x_wconf 89' lang='lat' dir='ltr'>ltem,</span> <span class='ocrx_word' id='word_1_240' title='bbox 534 3677 740 3796; x_wconf 75' lang='lat' dir='ltr'>requisitus</span> <span class='ocrx_word' id='word_1_241' title='bbox 763 3719 877 3796; x_wconf 89' lang='lat' dir='ltr'>super</span> <span class='ocrx_word' id='word_1_242' title='bbox 908 3719 987 3768; x_wconf 84' lang='lat' dir='ltr'>x1111</span> <span class='ocrx_word' id='word_1_243' title='bbox 1016 3708 1053 3767; x_wconf 91' lang='lat' dir='ltr'>et</span> <span class='ocrx_word' id='word_1_244' title='bbox 1079 3689 1257 3766; x_wconf 90' lang='lat' dir='ltr'>omnibus</span> <span class='ocrx_word' id='word_1_245' title='bbox 1285 3690 1366 3765; x_wconf 91' lang='lat' dir='ltr'>aliis</span> <span class='ocrx_word' id='word_1_246' title='bbox 1399 3686 1658 3794; x_wconf 84' lang='lat' dir='ltr'>sequentibus,</span> <span class='ocrx_word' id='word_1_247' title='bbox 1690 3716 1749 3763; x_wconf 89' lang='lat' dir='ltr'>re-</span> 
     </span>
     <span class='ocr_line' id='line_1_26' title="bbox 331 3820 1750 3927; baseline -0.004 -28"><span class='ocrx_word' id='word_1_248' title='bbox 331 3823 484 3927; x_wconf 90' lang='lat' dir='ltr'>spondit</span> <span class='ocrx_word' id='word_1_249' title='bbox 514 3850 553 3899; x_wconf 86' lang='lat' dir='ltr'>se</span> <span class='ocrx_word' id='word_1_250' title='bbox 581 3822 696 3900; x_wconf 92' lang='lat' dir='ltr'>nichil</span> <span class='ocrx_word' id='word_1_251' title='bbox 726 3823 818 3899; x_wconf 86' lang='lat' dir='ltr'>scire</span> <span class='ocrx_word' id='word_1_252' title='bbox 848 3823 946 3898; x_wconf 88' lang='lat' dir='ltr'>ultra</span> <span class='ocrx_word' id='word_1_253' title='bbox 975 3848 1049 3927; x_wconf 90' lang='lat' dir='ltr'>que</span> <span class='ocrx_word' id='word_1_254' title='bbox 1081 3850 1192 3927; x_wconf 91' lang='lat' dir='ltr'>supra</span> <span class='ocrx_word' id='word_1_255' title='bbox 1219 3820 1453 3927; x_wconf 89' lang='lat' dir='ltr'>deposuerit,</span> <span class='ocrx_word' id='word_1_256' title='bbox 1489 3820 1562 3895; x_wconf 92' lang='lat' dir='ltr'>hoc</span> <span class='ocrx_word' id='word_1_257' title='bbox 1598 3837 1750 3923; x_wconf 87' lang='lat' dir='ltr'>excepto</span> 
     </span>
     <span class='ocr_line' id='line_1_27' title="bbox 330 3949 1748 4061; baseline -0.004 -31"><span class='ocrx_word' id='word_1_258' title='bbox 330 3955 435 4061; x_wconf 92' lang='lat' dir='ltr'>quod</span> <span class='ocrx_word' id='word_1_259' title='bbox 454 3956 533 4058; x_wconf 90' lang='lat' dir='ltr'>ipse</span> <span class='ocrx_word' id='word_1_260' title='bbox 555 3955 653 4031; x_wconf 89' lang='lat' dir='ltr'>bene</span> <span class='ocrx_word' id='word_1_261' title='bbox 675 3955 850 4030; x_wconf 86' lang='lat' dir='ltr'>credebat</span> <span class='ocrx_word' id='word_1_262' title='bbox 876 3952 1131 4029; x_wconf 90' lang='lat' dir='ltr'>ecclesiasticis</span> <span class='ocrx_word' id='word_1_263' title='bbox 1158 3953 1414 4042; x_wconf 84' lang='lat' dir='ltr'>sacramentis,</span> <span class='ocrx_word' id='word_1_264' title='bbox 1447 3968 1485 4027; x_wconf 89' lang='lat' dir='ltr'>et</span> <span class='ocrx_word' id='word_1_265' title='bbox 1506 3950 1628 4026; x_wconf 88' lang='lat' dir='ltr'>credit</span> <span class='ocrx_word' id='word_1_266' title='bbox 1650 3949 1748 4056; x_wconf 89' lang='lat' dir='ltr'>quod</span> 
     </span>
     <span class='ocr_line' id='line_1_28' title="bbox 332 4080 1748 4190; baseline -0.004 -30"><span class='ocrx_word' id='word_1_267' title='bbox 332 4085 393 4160; x_wconf 90' lang='lat' dir='ltr'>alii</span> <span class='ocrx_word' id='word_1_268' title='bbox 409 4084 541 4161; x_wconf 79' lang='lat' dir='ltr'>iratres</span> <span class='ocrx_word' id='word_1_269' title='bbox 560 4085 774 4172; x_wconf 88' lang='lat' dir='ltr'>crederent,</span> <span class='ocrx_word' id='word_1_270' title='bbox 795 4101 833 4161; x_wconf 91' lang='lat' dir='ltr'>et</span> <span class='ocrx_word' id='word_1_271' title='bbox 852 4084 957 4190; x_wconf 92' lang='lat' dir='ltr'>quod</span> <span class='ocrx_word' id='word_1_272' title='bbox 977 4111 1109 4160; x_wconf 88' lang='lat' dir='ltr'>eorum</span> <span class='ocrx_word' id='word_1_273' title='bbox 1127 4085 1338 4160; x_wconf 89' lang='lat' dir='ltr'>sacerdotes</span> <span class='ocrx_word' id='word_1_274' title='bbox 1353 4081 1480 4158; x_wconf 88' lang='lat' dir='ltr'>debite</span> <span class='ocrx_word' id='word_1_275' title='bbox 1501 4080 1748 4163; x_wconf 83' lang='lat' dir='ltr'>celebrarent;</span> 
     </span>
     <span class='ocr_line' id='line_1_29' title="bbox 331 4214 1748 4322; baseline -0.005 -31"><span class='ocrx_word' id='word_1_276' title='bbox 331 4245 401 4291; x_wconf 91' lang='lat' dir='ltr'>nec</span> <span class='ocrx_word' id='word_1_277' title='bbox 423 4217 543 4293; x_wconf 90' lang='lat' dir='ltr'>credit</span> <span class='ocrx_word' id='word_1_278' title='bbox 571 4217 675 4322; x_wconf 93' lang='lat' dir='ltr'>quod</span> <span class='ocrx_word' id='word_1_279' title='bbox 706 4216 788 4291; x_wconf 90' lang='lat' dir='ltr'>laici</span> <span class='ocrx_word' id='word_1_280' title='bbox 819 4233 971 4320; x_wconf 88' lang='lat' dir='ltr'>possent</span> <span class='ocrx_word' id='word_1_281' title='bbox 998 4214 1189 4291; x_wconf 90' lang='lat' dir='ltr'>absolvere</span> <span class='ocrx_word' id='word_1_282' title='bbox 1219 4243 1238 4288; x_wconf 92' lang='lat' dir='ltr'>a</span> <span class='ocrx_word' id='word_1_283' title='bbox 1270 4215 1440 4318; x_wconf 90' lang='lat' dir='ltr'>peccatis.</span> <span class='ocrx_word' id='word_1_284' title='bbox 1472 4215 1555 4289; x_wconf 92' lang='lat' dir='ltr'>Non</span> <span class='ocrx_word' id='word_1_285' title='bbox 1582 4228 1748 4317; x_wconf 86' lang='lat' dir='ltr'>poterant</span> 
     </span>
     <span class='ocr_line' id='line_1_30' title="bbox 333 4341 1748 4451; baseline -0.006 -29"><span class='ocrx_word' id='word_1_286' title='bbox 333 4347 431 4422; x_wconf 86' lang='lat' dir='ltr'>exire</span> <span class='ocrx_word' id='word_1_287' title='bbox 457 4347 646 4434; x_wconf 89' lang='lat' dir='ltr'>ordinem,</span> <span class='ocrx_word' id='word_1_288' title='bbox 668 4345 757 4451; x_wconf 89' lang='lat' dir='ltr'>quia</span> <span class='ocrx_word' id='word_1_289' title='bbox 777 4345 900 4421; x_wconf 89' lang='lat' dir='ltr'>statim</span> <span class='ocrx_word' id='word_1_290' title='bbox 925 4372 994 4448; x_wconf 93' lang='lat' dir='ltr'>pro</span> <span class='ocrx_word' id='word_1_291' title='bbox 1018 4342 1194 4450; x_wconf 87' lang='lat' dir='ltr'>professis</span> <span class='ocrx_word' id='word_1_292' title='bbox 1218 4342 1465 4420; x_wconf 85' lang='lat' dir='ltr'>habebantur.</span> <span class='ocrx_word' id='word_1_293' title='bbox 1497 4341 1748 4420; x_wconf 88' lang='lat' dir='ltr'>Clamdestine</span> 
     </span>
     <span class='ocr_line' id='line_1_31' title="bbox 332 4470 1748 4580; baseline -0.003 -31"><span class='ocrx_word' id='word_1_294' title='bbox 332 4476 619 4580; x_wconf 87' lang='lat' dir='ltr'>recipiebantur,</span> <span class='ocrx_word' id='word_1_295' title='bbox 634 4493 671 4552; x_wconf 91' lang='lat' dir='ltr'>et</span> <span class='ocrx_word' id='word_1_296' title='bbox 684 4474 752 4550; x_wconf 91' lang='lat' dir='ltr'>scit</span> <span class='ocrx_word' id='word_1_297' title='bbox 768 4474 873 4580; x_wconf 92' lang='lat' dir='ltr'>quod</span> <span class='ocrx_word' id='word_1_298' title='bbox 890 4503 932 4550; x_wconf 82' lang='lat' dir='ltr'>ex</span> <span class='ocrx_word' id='word_1_299' title='bbox 947 4475 1114 4551; x_wconf 89' lang='lat' dir='ltr'>hocerat</span> <span class='ocrx_word' id='word_1_300' title='bbox 1129 4473 1291 4578; x_wconf 90' lang='lat' dir='ltr'>suspicio</span> <span class='ocrx_word' id='word_1_301' title='bbox 1305 4489 1434 4549; x_wconf 90' lang='lat' dir='ltr'>contra</span> <span class='ocrx_word' id='word_1_302' title='bbox 1450 4499 1527 4549; x_wconf 90' lang='lat' dir='ltr'>eos.</span> <span class='ocrx_word' id='word_1_303' title='bbox 1544 4470 1748 4550; x_wconf 88' lang='lat' dir='ltr'>Cordulam</span> 
     </span>
     <span class='ocr_line' id='line_1_32' title="bbox 334 4599 1747 4711; baseline -0.005 -32"><span class='ocrx_word' id='word_1_304' title='bbox 334 4633 447 4707; x_wconf 89' lang='lat' dir='ltr'>quam</span> <span class='ocrx_word' id='word_1_305' title='bbox 467 4606 638 4710; x_wconf 88' lang='lat' dir='ltr'>portabat</span> <span class='ocrx_word' id='word_1_306' title='bbox 662 4632 775 4711; x_wconf 91' lang='lat' dir='ltr'>super</span> <span class='ocrx_word' id='word_1_307' title='bbox 794 4605 981 4683; x_wconf 86' lang='lat' dir='ltr'>camisiam</span> <span class='ocrx_word' id='word_1_308' title='bbox 1002 4633 1130 4690; x_wconf 88' lang='lat' dir='ltr'>suam,</span> <span class='ocrx_word' id='word_1_309' title='bbox 1152 4604 1191 4678; x_wconf 89' lang='lat' dir='ltr'>in</span> <span class='ocrx_word' id='word_1_310' title='bbox 1221 4603 1369 4709; x_wconf 85' lang='lat' dir='ltr'>signum</span> <span class='ocrx_word' id='word_1_311' title='bbox 1395 4603 1592 4689; x_wconf 88' lang='lat' dir='ltr'>castitatis,</span> <span class='ocrx_word' id='word_1_312' title='bbox 1615 4599 1747 4704; x_wconf 85' lang='lat' dir='ltr'>accepit</span> 
     </span>
     <span class='ocr_line' id='line_1_33' title="bbox 334 4733 1746 4842; baseline -0.001 -36"><span class='ocrx_word' id='word_1_313' title='bbox 334 4734 437 4809; x_wconf 90' lang='lat' dir='ltr'>unde</span> <span class='ocrx_word' id='word_1_314' title='bbox 462 4734 595 4819; x_wconf 91' lang='lat' dir='ltr'>voluit,</span> <span class='ocrx_word' id='word_1_315' title='bbox 618 4753 656 4811; x_wconf 92' lang='lat' dir='ltr'>et</span> <span class='ocrx_word' id='word_1_316' title='bbox 683 4736 745 4811; x_wconf 91' lang='lat' dir='ltr'>alii</span> <span class='ocrx_word' id='word_1_317' title='bbox 763 4735 946 4813; x_wconf 87' lang='lat' dir='ltr'>faciebant</span> <span class='ocrx_word' id='word_1_318' title='bbox 970 4736 1089 4822; x_wconf 85' lang='lat' dir='ltr'>idem;</span> <span class='ocrx_word' id='word_1_319' title='bbox 1115 4735 1294 4842; x_wconf 88' lang='lat' dir='ltr'>jurabant</span> <span class='ocrx_word' id='word_1_320' title='bbox 1319 4762 1396 4811; x_wconf 90' lang='lat' dir='ltr'>non</span> <span class='ocrx_word' id='word_1_321' title='bbox 1420 4733 1587 4810; x_wconf 86' lang='lat' dir='ltr'>revelare</span> <span class='ocrx_word' id='word_1_322' title='bbox 1615 4745 1746 4810; x_wconf 83' lang='lat' dir='ltr'>secreta</span> 
     </span>
     <span class='ocr_line' id='line_1_34' title="bbox 335 4863 1746 4973; baseline 0.001 -34"><span class='ocrx_word' id='word_1_323' title='bbox 335 4864 599 4969; x_wconf 87' lang='lat' dir='ltr'>capitoliorum</span> <span class='ocrx_word' id='word_1_324' title='bbox 623 4881 662 4941; x_wconf 91' lang='lat' dir='ltr'>et</span> <span class='ocrx_word' id='word_1_325' title='bbox 680 4867 840 4944; x_wconf 90' lang='lat' dir='ltr'>modum</span> <span class='ocrx_word' id='word_1_326' title='bbox 858 4867 1103 4973; x_wconf 87' lang='lat' dir='ltr'>recepoionis‚</span> <span class='ocrx_word' id='word_1_327' title='bbox 1126 4866 1211 4943; x_wconf 91' lang='lat' dir='ltr'>etsi</span> <span class='ocrx_word' id='word_1_328' title='bbox 1236 4863 1476 4955; x_wconf 86' lang='lat' dir='ltr'>revelassent,</span> <span class='ocrx_word' id='word_1_329' title='bbox 1498 4864 1746 4968; x_wconf 71' lang='lat' dir='ltr'>perdidissent</span> 
     </span>
    </p>
   </div>
   <div class='ocr_carea' id='block_1_3' title="bbox 0 0 2055 6052">
    <p class='ocr_par' dir='ltr' id='par_1_4' title="bbox 0 0 2055 6052">
     <span class='ocr_line' id='line_1_35' title="bbox 0 0 2055 6052; baseline 0 0"><span class='ocrx_word' id='word_1_330' title='bbox 0 0 2055 6052; x_wconf 95' lang='lat' dir='ltr'> </span> 
     </span>
    </p>
   </div>
  </div>
 </body>
</html>
