4080 6052
303 532 381 606 aas
692 507 890 603 enonas
915 526 1010 600 ons
1035 523 1335 597 ramirans.

202 697 205 700 ⁴
306 703 376 751 nec
390 671 590 764 audivisse,
611 700 681 749 nec
701 660 979 775 credere'quod
1001 665 1176 771 Magister
1192 663 1249 740 vel
1269 662 1491 747 visitatores,
1513 675 1580 736 aut
1599 687 1735 766 prece-
1771 650 1807 671 λ’

305 820 433 910 ptores
453 800 597 879 ordinis
619 817 774 907 possent
792 798 982 877 absolvere
1003 825 1024 872 a
1042 795 1218 901 peccatis,
1239 821 1310 869 nec
1328 790 1433 899 quod
1451 790 1631 898 Magister
1648 790 1734 870 sue·

306 933 356 1012 rit
373 931 538 1039 predicta
554 927 755 1008 confessus.

364 1065 479 1151 Item,
500 1061 705 1167 requisitus
722 1085 837 1165 super
863 1085 934 1138 cau
954 1074 992 1134 et
1009 1083 1073 1135 mu
1097 1054 1283 1144 articulis,
1299 1051 1495 1158 respondit
1512 1075 1554 1129 se
1573 1051 1731 1131 credere

310 1213 347 1273 et
366 1190 549 1284 audivisse
570 1189 643 1267 dici
662 1189 767 1296 quod
785 1206 889 1267 totus
907 1186 1002 1265 ordo
1020 1185 1201 1276 servabat,
1222 1200 1263 1260 et
1281 1210 1425 1260 servare
1445 1181 1612 1261 debebat
1633 1181 1730 1261 illud

227 1408 231 1416 ,
309 1323 415 1432 quod
433 1350 591 1429 magnus
611 1320 786 1426 Magister
805 1348 892 1395 cum
911 1334 1096 1396 conventu
1115 1313 1322 1392 ordinabat.
1433 1346 1437 1352 ·
1707 1397 1709 1400 ,

366 1456 473 1541 Item,
489 1452 693 1557 requisitus
711 1478 826 1557 super
842 1473 923 1528 cmv
942 1447 1112 1536 articulo,
1133 1446 1239 1553 quod
1258 1445 1353 1523 ordo
1373 1443 1541 1550 potuerit
1558 1446 1731 1524 renovari

311 1614 355 1660 ex
375 1611 451 1690 quo
474 1611 620 1659 errores
639 1582 679 1658 in
699 1610 744 1659 eo
764 1580 920 1658 luerunt
941 1576 1161 1667 introducti,
1183 1574 1380 1681 respondit
1401 1602 1441 1652 se
1465 1573 1630 1663 nescire,
1651 1604 1732 1653 cre-

312 1713 369 1791 dit
380 1695 507 1789 tamen
521 1713 627 1820 qnod
647 1712 760 1820 longo
777 1727 949 1817 tempore
969 1710 1199 1786 duraverunt
1215 1707 1253 1784 in
1273 1706 1405 1785 ordine
1425 1734 1574 1784 errores
1584 1707 1732 1787 ‚coales-

310 1845 379 1921 sati
397 1874 466 1951 per
486 1874 587 1922 eum.

365 1976 477 2062 Item,
498 1975 703 2080 requisitus
717 2002 839 2081 super¹
846 1997 927 2064 cxv,
947 1996 1009 2050 atr
1029 1990 1068 2049 et
1085 1997 1160 2050 svn
1175 1969 1357 2062 articulis,
1377 1967 1576 2075 respondit
1592 1998 1633 2047 se
1650 1997 1730 2048 cre·

312 2102 401 2180 dere
417 2105 523 2210 quod
541 2104 773 2211 negligentes
791 2101 947 2179 fuerunt
965 2118 1004 2178 et
1021 2101 1143 2193 stulti,
1163 2101 1252 2208 quia
1273 2128 1350 2177 non
1369 2116 1608 2177 correxerant
1627 2127 1730 2178 erro-

310 2263 371 2312 res
393 2232 598 2341 predictos,
619 2263 689 2310 nec
713 2231 1029 2316 denunciaverant
1043 2230 1223 2323 Ecclesie,
1243 2260 1314 2308 nec
1332 2246 1563 2325 recesserant
1585 2230 1727 2322 abeis,

310 2393 398 2442 eum
417 2363 639 2470 potuissent.

364 2496 476 2584 Item,
498 2496 703 2602 requisitus
724 2522 839 2602 super
867 2521 975 2576 carm
999 2494 1174 2581 articarlo,
1207 2492 1406 2599 respondit
1426 2519 1467 2569 se
1491 2491 1610 2570 nichil
1636 2493 1728 2572 scire
1788 2541 1792 2550 ·

309 2626 415 2732 quod
435 2625 549 2732 aliqui
575 2626 755 2703 exiverint
775 2627 949 2703 ordinem
973 2641 1128 2732 propter
1150 2623 1232 2731 ejus
1254 2623 1441 2714 feditates,
1464 2640 1504 2700 et
1521 2623 1630 2732 quod
1649 2625 1729 2730 ipse
1763 2613 1766 2616 Α

308 2753 472 2832 libenter
491 2757 662 2833 exivisset
681 2755 824 2833 dictum
845 2756 1017 2833 ordinem
1037 2771 1193 2861 propter
1210 2755 1325 2832 dictas
1343 2753 1532 2843 feditates,
1553 2753 1728 2834 ufuisset

310 2911 437 2976 ausus,
455 2902 494 2960 et
512 2886 632 2962 credit
649 2886 755 2991 quod
773 2885 885 2962 multi
905 2885 967 2961 alii
986 2884 1161 2962 fecissent
1178 2884 1293 2962 idem.

365 3014 477 3101 Item,
491 3015 695 3120 requisitus
714 3043 828 3121 super
842 3041 923 3094 cxlx
938 3015 1111 3108 articulo,
1123 3016 1325 3122 respondit
1338 3015 1444 3122 quod
1457 3015 1612 3122 grandia
1625 3043 1726 3093 soan-
1762 3043 1772 3066 ·

311 3140 393 3218 dala
421 3159 525 3219 erant
548 3158 674 3218 exorta
698 3158 826 3219 contra
851 3143 1025 3220 ordinem
1048 3161 1203 3250 propter
1230 3143 1414 3249 predicta,
1435 3160 1482 3222 ut
1504 3144 1545 3222 in
1570 3145 1726 3226 articulo

310 3288 533 3349 continetur.
1684 3350 1688 3355 .

363 3403 475 3489 Item,
490 3404 695 3510 requisitus
712 3434 827 3512 super
846 3433 970 3487 cxx-111
991 3407 1171 3501 articulis,
1192 3407 1389 3513 respondit
1406 3402 1509 3512 quod
1523 3403 1571 3480 de
1584 3404 1659 3482 hiis
1676 3405 1723 3483 de

307 3530 447 3637 quibus
469 3562 581 3639 supra
601 3536 776 3641 deposuit
797 3538 902 3642 quod
922 3554 1028 3615 erant
1046 3568 1151 3630 vera,
1174 3554 1231 3615 est
1254 3537 1486 3643 publicavox
1505 3532 1659 3612 etfama
1683 3534 1723 3612 in

307 3660 456 3751 ordine,
480 3681 517 3739 et
532 3681 621 3740 sunt
639 3683 727 3742 nota
750 3683 788 3744 et
806 3667 1002 3745 manifesta
1021 3669 1120 3745 inter
1138 3667 1285 3754 fratres,
1301 3685 1339 3744 et
1354 3668 1470 3744 eciam
1489 3680 1600 3752 extra,
1622 3682 1724 3771 post-

306 3819 419 3896 quam
439 3791 595 3870 fuerunt
612 3797 725 3903 capti,
744 3797 816 3873 suit
834 3798 931 3875 sama
949 3798 1100 3903 publica
1118 3800 1165 3876 de
1185 3798 1375 3904 predictis.
1397 3796 1614 3904 Requisitus
1633 3797 1726 3904 quid

305 3938 409 3998 vocat
427 3922 525 4000 lama
544 3925 710 4030 publica,
727 3928 922 4033 respondit
940 3929 1045 4035 quod
1063 3928 1161 4006 illud
1179 3931 1285 4035 quod
1305 3928 1558 4009 communiter
1576 3927 1722 4006 dicitur.

355 4054 471 4143 Item,
493 4057 698 4163 requisitus
717 4087 831 4164 super
858 4085 1034 4138 cantv-vn
1058 4059 1241 4150 articulis,
1263 4059 1458 4167 respondit
1477 4088 1516 4135 se
1542 4059 1723 4138 audivisse

305 4179 379 4255 dici
398 4185 503 4288 quod
519 4215 678 4293 magnus
697 4188 874 4294 Magister
890 4207 929 4267 et
950 4190 1012 4267 alii
1030 4191 1196 4267 contenti
1213 4191 1252 4267 in
1272 4190 1437 4267 articulis
1455 4189 1614 4267 luerunt
1640 4218 1723 4268 con·

302 4307 389 4388 sessi
421 4313 506 4391 illos
533 4346 678 4395 errores
705 4346 802 4426 quos
831 4320 910 4427 ipse
939 4319 1128 4399 confessus
1155 4338 1213 4399 est
1235 4350 1360 4398 coram
1385 4320 1541 4398 domino
1567 4320 1667 4426 Papa
1690 4337 1726 4397 et

302 4467 427 4519 coram
454 4444 547 4523 aliis.
577 4448 794 4556 Requisitus
825 4448 856 4526 si
885 4451 938 4527 sic
969 4450 1145 4558 deposuit
1172 4479 1298 4556 prece,
1337 4469 1530 4558 precepto,
1559 4449 1721 4556 premio,

301 4597 445 4660 amore,
463 4576 619 4667 timore,
639 4579 747 4668 odio,
763 4581 964 4658 commodo
981 4580 1180 4688 temporali
1200 4580 1345 4674 habito,
1361 4580 1420 4660 vel
1439 4580 1617 4660 habendo
1637 4579 1722 4657 alias

301 4699 505 4778 instructus
522 4704 581 4779 vel
602 4705 823 4788 informatus
843 4727 885 4787 ut
904 4711 956 4789 sic
976 4712 1199 4818 deponeret,
1220 4713 1416 4818 respondit
1435 4712 1541 4820 quod
1566 4738 1654 4787 non.
1673 4708 1720 4785 Et

300 4825 373 4904 luit
396 4829 602 4909 inhibitum
628 4835 699 4913 sibi
725 4867 794 4944 per
816 4839 935 4920 dictos
960 4841 1134 4921 dominos
1156 4843 1430 4921 commissarios
1448 4841 1556 4953 quod
1574 4867 1649 4920 non
1666 4866 1721 4915 re
