4080 6052
473 525 678 648 rnocngs
696 545 792 618 ors
817 519 1116 621 rnur'mnns.
1455 558 1502 630 ss

91 683 188 759 sicut
209 679 410 776 asserebat,
433 684 614 795 diligebat
638 702 676 763 et
702 686 895 776 dilexerat,
922 657 1010 795 quii
1035 692 1196 797 uterque
1217 689 1326 767 miles
1349 712 1441 783 erat,
1467 716 1505 772 et

89 813 192 918 qnia,
213 831 258 892 ut
283 814 377 891 dixit
394 815 497 893 idem
520 817 698 895 dominus
719 818 960 911 Guillelmus,
982 820 1145 898 habebat
1172 818 1368 926 providere
1390 851 1438 900 ne
1465 852 1503 901 se

87 941 315 1051 vituperaret
326 947 382 1022 vel
395 948 572 1053 perderet
581 949 661 1026 sine
677 977 796 1027 causa.
807 950 855 1026 Et
870 965 961 1026 tunc
974 941 1077 1028 idem
1090 952 1266 1059 Magister
1281 950 1383 1043 dixit,
1400 952 1505 1058 quod

87 1073 185 1154 bene
199 1078 351 1158 videbat
365 1078 481 1183 quod,
500 1056 571 1156 nisi
591 1080 689 1157 sene
711 1080 951 1168 deliberaret,
968 1080 1042 1157 cao
1062 1099 1187 1186 posset
1205 1081 1336 1158 cadere
1356 1081 1396 1157 in
1414 1081 1506 1186 eapi-

86 1218 209 1282 strum
231 1233 361 1293 suum,
383 1222 420 1284 et
439 1209 526 1287 ideo
542 1209 691 1286 volebat
709 1211 932 1303 deliberare,
950 1210 1161 1318 supplicans
1179 1211 1322 1291 eisdem
1342 1212 1505 1289 dominis

89 1336 368 1424 commissoriis,
384 1340 490 1444 quod
508 1340 757 1418 concederent
773 1341 845 1418 sibi
865 1341 1088 1417 dilacionem
1107 1371 1228 1448 usque
1249 1342 1297 1417 ad
1308 1333 1419 1417 diem
1432 1342 1504 1420 Vc-

89 1466 190 1542 neris
203 1467 410 1570 proximam
425 1469 474 1546 ad
493 1462 909 1576 deliberandumsuper
921 1470 1116 1577 predictis,
1133 1498 1248 1577 quam
1268 1468 1505 1547 dillacionem

89 1607 351 1674 concesserunt
379 1599 520 1691 eidem,
541 1602 723 1709 majorem
752 1602 869 1678 eciam
889 1629 929 1677 se
957 1601 1112 1679 daturos
1142 1600 1357 1688 offerentes,
1381 1600 1410 1676 si
1433 1600 1504 1676 sibi

28 1737 31 1744 ’
85 1725 249 1831 placeret
265 1743 303 1804 et
319 1727 478 1806 volebat.
521 1783 525 1791 ·

142 1854 294 1949 Quibus
300 1857 472 1963 peractis,
482 1857 576 1935 facta
590 1886 659 1964 per
665 1860 923 1965 supradictum
938 1859 1186 1966 apparitorem
1196 1856 1504 1963 proclamemus,

88 1985 183 2063 sicut
202 1987 241 2062 in
263 1987 397 2065 diebus
410 1988 717 2094 precedentibus,
733 1990 910 2066 mandato
931 2016 1080 2076 eorum,
1101 2004 1146 2068 ut
1164 2001 1424 2092 comparerent
1445 2012 1506 2060 co-

59 2095 63 2104 *
89 2142 168 2190 ram
189 2117 243 2193 eis
258 2117 289 2192 si
305 2136 426 2206 erant,
443 2119 509 2224 qui
525 2119 668 2195 dictum
688 2117 862 2196 ordinem
877 2118 1079 2197 defendere
1097 2117 1250 2204 vellent,
1273 2143 1360 2191 cum
1380 2113 1507 2190 nullus

16 2289 18 2292 <
90 2263 340 2348 compareret,
357 2242 649 2352 de'benignitate
669 2248 980 2325 continuaverunt
999 2263 1036 2323 et
1050 2260 1345 2353 prorogaverunt
1355 2269 1507 2349 presen-

90 2389 169 2449 tem
188 2373 394 2448 terminum
410 2373 459 2447 ad
472 2374 514 2447 id
533 2376 581 2446 ad
600 2376 705 2476 quod
723 2403 850 2477 supra,
868 2392 907 2450 et
926 2376 1101 2449 dixerunt
1119 2402 1159 2448 se
1180 2390 1434 2476 expectaturus
1447 2399 1509 2448 us-

90 2528 164 2607 que
187 2500 237 2575 ad
257 2498 359 2574 diem
377 2500 478 2576 lovis
496 2499 668 2604 proximo
687 2499 997 2605 subsequentem,
1018 2500 1112 2575 hora
1130 2499 1269 2603 prime,
1289 2520 1367 2573 non
1387 2499 1509 2599 inten-

92 2630 222 2707 dentes
242 2657 323 2734 per
355 2631 428 2707 hoc
461 2656 633 2706 revocare
668 2627 891 2706 dilacionem
926 2629 1067 2703 datam
1086 2627 1186 2702 dicto
1219 2626 1412 2734 Magistro,
1441 2628 1509 2704 sed

91 2760 294 2865 procedere
321 2760 361 2834 in
389 2758 471 2836 aliis
491 2758 768 2866 pertinentibus
797 2755 845 2834 ad
875 2756 1076 2866 negocium
1099 2755 1372 2862 supradictum,
1397 2774 1510 2860 prout

93 2890 265 2967 existeret
277 2889 448 2968 racionis.
468 2889 526 2967 De
546 2891 687 2997 quibus
708 2888 903 2978 omnibus,
926 2904 994 2964 etc.
1017 2901 1062 2962 ut
1074 2912 1198 2991 supra.

149 3151 238 3225 Post
253 3152 341 3240 hec,
361 3150 531 3253 predicta
547 3149 609 3226 die
628 3149 744 3236 loris,
761 3178 835 3256 que
854 3147 927 3225 suit
937 3145 1130 3223 vicessima
1144 3142 1301 3249 septima
1320 3141 1402 3218 dies
1420 3141 1509 3218 dicti

93 3277 233 3355 mensis
259 3276 493 3368 Novembris,
520 3277 751 3387 congregatis
779 3277 958 3383 predictis
987 3274 1150 3367 dominis
1183 3269 1445 3374 commissariis
1470 3271 1508 3345 in

94 3407 233 3511 capella
261 3407 465 3484 adherente
486 3406 571 3485 aule
593 3407 793 3513 episcopali
813 3406 997 3514 predicte,
1017 3403 1172 3480 fuerunt
1190 3398 1349 3476 adducti·
1362 3397 1410 3473 ad
1426 3424 1515 3502 pre-

93 3536 255 3613 sanciam
294 3536 481 3613 dictorum
528 3538 770 3614 dominorum
806 3534 1153 3613 commissariorum
1180 3557 1249 3637 per
1266 3526 1510 3634 supradictos

60 3698 63 3704 ·
94 3667 326 3773 prepositum
341 3669 592 3744 Pictavensem
608 3684 646 3744 et
663 3670 872 3745 lohannem
892 3666 940 3742 de
954 3663 1137 3748 lamvilla,
1162 3660 1360 3764 deputatos
1379 3656 1427 3733 ad
1446 3684 1510 3732 cu-

95 3796 256 3872 stodiam
270 3797 438 3900 ipsorum
453 3796 772 3904 Templariorum,
789 3793 1030 3901 infrascripti.
1049 3851 1059 3872 .
1078 3851 1086 3868 .
1108 3790 1175 3898 qui
1188 3789 1379 3896 publicato
1394 3786 1448 3862 eis
1467 3811 1512 3860 ex

96 3938 201 4028 parte
222 3924 595 4004 domini‘Parisiensis
614 3926 777 4033 episcopi
797 3925 966 4002 citatorio
987 3922 1111 4000 edicto
1131 3918 1314 4004 dixerant,
1330 3933 1376 3991 ut
1392 3912 1513 3990 luerat

96 4049 258 4128 relatum
278 4050 422 4128 eisdem
437 4053 599 4131 dominis
611 4054 888 4143 commissoriis,
905 4082 945 4128 se
963 4052 1058 4126 velle
1072 4048 1199 4123 venire
1220 4044 1268 4119 ad
1281 4039 1509 4147 presenciam

100 4180 342 4270 eorumdem3
364 4209 451 4258 cum
471 4180 610 4286 quihus
627 4180 700 4258 fuit
716 4207 935 4285 processum
949 4193 993 4252 ut
1005 4175 1186 4280 sequitur.

48 4485 54 4496 ·
156 4437 203 4512 Et
221 4424 360 4541 primo,
383 4464 469 4512 cum
492 4436 602 4512 fratre
622 4436 824 4540 Radulpho
840 4434 886 4509 de
902 4431 1049 4511 Gisiaco
1067 4444 1285 4537 preceptore
1301 4426 1348 4501 de
1363 4424 1515 4502 Bclvici-

104 4565 161 4641 nis
176 4580 215 4641 et
232 4564 280 4641 de
295 4565 505 4673 Latigniaco
520 4565 624 4652 Sico,
640 4582 678 4642 et
696 4581 886 4671 receptore
900 4562 1080 4670 peccunie
1094 4558 1195 4667 regie
1216 4558 1255 4632 in
1270 4553 1494 4659 Campagnia
1503 4579 1515 4642 ;·

104 4694 169 4801 qui
190 4693 436 4803 interrogatus
454 4696 578 4803 primo
605 4723 674 4801 per
694 4697 812 4773 dictos
839 4693 1012 4772 dominos
1036 4685 1308 4770 commissarios
1330 4685 1378 4761 de
1392 4712 1513 4776 causa

107 4825 284 4903 adventus
303 4827 378 4919 sui,
396 4828 476 4906 etsi
494 4827 642 4905 volebat
660 4827 832 4904 ordinem
852 4822 1054 4903 defendere
1073 4817 1353 4928 supradictum,
1366 4821 1514 4918 respon-

1377 4954 1405 5011 5.
