4080 6052
696 537 1012 629 rsocssnns
1038 555 1339 628 rsurmnus.
1653 568 1722 637 125

308 718 432 777 sancte
449 697 601 778 ecclesie
620 698 786 773 Romane
805 697 996 802 deputata,
1017 713 1055 772 et
1072 696 1253 774 declinata
1267 714 1304 773 et
1317 697 1355 771 in
1371 699 1515 777 honore
1530 718 1610 792 tua,
1628 733 1725 780 sanc-

308 832 461 923 tissima,
481 829 659 938 gloriosse
675 827 748 905 fuit
763 826 928 904 lundata.
947 831 1002 904 Te
1020 827 1215 904 humiliter
1232 856 1443 918 exoramus,
1466 848 1509 907 ut
1527 832 1722 911 nobiscum

305 962 436 1068 religio
457 980 495 1039 et
512 961 612 1038 bona
630 975 695 1033 tua
717 957 894 1062 impetres
914 956 1200 1046 liberacionem,
1222 986 1309 1034 cum
1329 959 1592 1038 intercessione
1613 991 1723 1069 ange-

304 1089 446 1180 lorum,
466 1087 790 1194 archangelorum,
806 1086 1092 1195 prophetarum,
1108 1087 1433 1195 evangelistarum,
1450 1093 1721 1197 apostolorum,

304 1222 520 1308 martirum,
551 1216 824 1305 confessorum,
852 1217 1040 1323 virginum
1068 1218 1284 1320 (mendaces
1314 1219 1513 1323 appositas,
1544 1231 1658 1325 prout
1681 1239 1722 1298 tn

306 1353 392 1440 scis,
415 1351 531 1428 dictas
554 1377 630 1426 non
656 1348 860 1452 obstante),
880 1365 918 1424 et
940 1347 1167 1424 adversarios
1189 1366 1335 1424 nostros
1352 1349 1392 1423 in
1410 1350 1562 1426 veritate
1580 1368 1618 1428 et
1634 1354 1724 1429 cari-
1836 1400 1839 1407 =

306 1500 379 1560 tate
409 1498 679 1571 convertantur,
707 1472 752 1556 ut
776 1495 861 1555 vota
886 1495 1013 1554 nostra
1043 1496 1079 1554 et
1096 1468 1278 1554 'mandata
1306 1478 1459 1555 Domini
1489 1481 1605 1557 nostri
1635 1483 1722 1559 Jesu

306 1610 442 1689 Christi
463 1592 530 1687 filii
550 1611 606 1687 tui
625 1609 924 1715 teneamus,‚qui
946 1625 1003 1685 est
1023 1606 1213 1697 defensor,
1236 1625 1274 1686 et
1292 1626 1436 1686 creator
1453 1626 1490 1686 et
1508 1608 1724 1716 redemptor

304 1743 533 1831 carissimus,
555 1758 593 1818 et
618 1742 829 1819 misericors
856 1738 1013 1817 salvator
1038 1756 1182 1828 noster,
1212 1740 1277 1845 qui
1302 1741 1390 1816 vivit
1416 1758 1601 1846 etregnat
1619 1743 1723 1819 Deus

303 1874 513 1977 peremnia
533 1871 658 1950 secula
678 1872 904 1949 seculorum.
920 1870 1052 1947 Amen.

359 2003 533 2080 Oremus.
556 2003 805 2107 Omnipotens
825 2000 1052 2105 sempiterne
1071 2000 1192 2089 Deus,
1214 2000 1279 2105 qui
1299 1999 1452 2075 beatum
1472 2000 1721 2091 Lodovicum‚

307 2129 484 2208 dilectum
502 2135 731 2208 Francorum
748 2159 891 2236 regem,
912 2147 1080 2206 sanctum
1098 2128 1348 2206 consessorem
1364 2145 1491 2219 tuum,
1509 2132 1669 2237 graciam
1687 2148 1724 2207 et

304 2261 479 2337 virtutem
494 2261 617 2348 dedis,
631 2258 902 2349 humilitatem,
920 2259 1108 2333 caritatem
1124 2275 1161 2334 et
1170 2259 1359 2363 justiciam
1373 2260 1592 2365 accipiendi,
1611 2260 1659 2336 ad
1673 2289 1726 2336 re·

304 2407 476 2495 questam
500 2389 609 2465 beate
636 2388 815 2493 gloriosse
839 2387 990 2492 virginis
1015 2387 1130 2462 Maria
1154 2387 1283 2462 matris
1306 2405 1392 2474 tue,
1421 2416 1536 2491 quem
1560 2389 1723 2464 multum

305 2517 499 2624 diligebat,
522 2535 561 2593 et
579 2544 711 2623 operas
729 2518 918 2593 caritatem
935 2515 1108 2605 faciebat,
1128 2531 1165 2590 et
1185 2516 1266 2621 ejus
1284 2543 1451 2592 amorem
1469 2533 1637 2621 tempore
1655 2544 1724 2593 suo

307 2647 412 2724 dedis
431 2648 470 2721 in
490 2674 606 2752 regno
621 2673 768 2751 pacem,
790 2646 838 2721 da
858 2643 983 2729 nobis,
1006 2644 1185 2732 Domine,
1208 2646 1289 2752 ejus
1310 2645 1575 2723 intercessione
1594 2675 1723 2752 pacem

306 2794 343 2853 et
366 2776 698 2864 deliberacionem,
727 2784 813 2850 cum
837 2774 968 2880 religio
995 2790 1121 2850 nostra
1148 2773 1213 2880 qui
1238 2773 1331 2850 lacta
1357 2791 1394 2852 et
1412 2774 1566 2852 lundata
1591 2776 1663 2853 fuit
1686 2779 1724 2852 in

305 2909 448 2985 honore
467 2908 575 2984 beate
596 2906 775 3011 gloriosse
794 2904 946 3010 virginis
965 2903 1081 2981 Marie
1099 2904 1228 2980 matris
1247 2921 1329 2993 tue,
1353 2905 1434 3012 ejus
1451 2906 1667 2984 intercessio
1687 2906 1726 2983 li·

305 3037 414 3114 beres
431 3053 470 3113 et
486 3061 679 3135 conserves
696 3034 735 3109 in
751 3034 904 3110 veritate
923 3032 1132 3136 (mendaces
1148 3033 1264 3109 dictas
1282 3033 1328 3110 de
1347 3059 1412 3111 ore
1428 3061 1498 3140 per
1514 3063 1642 3143 graves
1659 3065 1725 3142 op-

305 3166 531 3270 pressiones,
549 3181 662 3269 prout
673 3179 715 3239 tu
730 3164 816 3252 scis,
832 3163 1120 3271 nonobstante),
1137 3180 1182 3239 ut
1194 3163 1234 3239 in
1247 3181 1346 3240 terra
1361 3183 1484 3242 sancta
1498 3165 1565 3242 ubi
1578 3194 1648 3244 nos
1659 3184 1724 3244 tua

306 3312 430 3371 sancta
449 3293 702 3371 misericordia
722 3310 760 3370 et
775 3294 911 3398 pietate
931 3293 1145 3382 redemisti,
1167 3310 1251 3370 vota
1265 3311 1392 3370 nostra
1413 3312 1450 3371 et
1466 3295 1641 3372 mandata
1659 3314 1724 3372 tua
1746 3304 1750 3317 ‘

305 3425 343 3501 in
364 3423 574 3502 humilitate
593 3441 805 3512 teneamus,
835 3441 873 3501 et
886 3441 1006 3500 ¹tuum
1026 3439 1196 3499 sanetum
1216 3423 1414 3501 servicium
1437 3441 1476 3500 et
1494 3424 1722 3500 voluntatem

304 3553 499 3644 faciemus,
523 3570 560 3630 et
579 3570 896 3659 nostrumregem
915 3552 1069 3629 Francia
1087 3569 1126 3629 et
1145 3552 1202 3629 sui
1220 3553 1332 3628 vitam
1351 3553 1584 3630 consimilem
1604 3581 1726 3631 conse-

305 3701 485 3789 quantur,
506 3700 550 3761 ut
566 3683 614 3760 ad
633 3683 769 3789 gaudia
792 3683 951 3789 paradisi
972 3683 1166 3788 pervenire
1186 3682 1385 3760 valeamus.
1408 3683 1482 3776 Qui
1502 3684 1591 3760 vivis
1611 3701 1649 3760 et
1667 3710 1725 3758 re-

305 3841 394 3918 gnas
413 3814 518 3888 Deus
537 3839 606 3916 per
625 3814 762 3889 omnia.
1509 3800 1512 3804 ’

361 3940 611 4045 Omnipotens
635 3941 860 4045 sempiterne
889 3941 1008 4029 Deus,
1039 3941 1105 4046 qui
1129 3940 1284 4018 beatum
1307 3940 1516 4016 johannem
1543 3939 1724 4044 evangeli-

306 4089 399 4148 stam
419 4087 458 4147 ct
475 4069 686 4175 apostolum
704 4086 815 4145 tuum
834 4069 999 4145 multum
1020 4069 1160 4175 diligis,
1182 4070 1248 4175 qui
1271 4095 1386 4172 super
1407 4086 1537 4174 pectus
1555 4085 1665 4144 tuum
1685 4069 1723 4143 in

307 4228 394 4278 cena
410 4199 603 4303 recubuit,
622 4215 660 4275 et
676 4197 737 4273 cui
755 4214 895 4274 secreta
911 4197 980 4274 celi
998 4196 1174 4273 revelavis
1191 4213 1229 4272 et
1247 4197 1529 4288 demonstraris,
1552 4214 1588 4274 et
1607 4215 1723 4275 stante

306 4330 347 4405 in
366 4330 467 4436 ligno
485 4345 608 4406 sancte
629 4325 747 4404 crucis
766 4354 835 4432 pro
855 4326 1120 4432 redempcione
1138 4342 1264 4403 nostra
1280 4325 1506 4403 sanctissima
1525 4344 1644 4404 mater
1660 4344 1725 4404 tua

308 4461 427 4565 virgo,
444 4476 483 4536 et
494 4459 676 4565 virginem
693 4457 990 4547 commendabis,
1008 4457 1048 4533 in
1067 4456 1173 4564 cujus
1188 4457 1333 4533 honore
1351 4457 1528 4564 gloriosse
1546 4457 1617 4534 luit
1632 4456 1725 4534 facta

309 4607 346 4666 et
364 4589 518 4666 fundma
537 4589 668 4695 religio
687 4616 757 4695 pro
776 4605 842 4665 tua
861 4605 985 4665 sancta
1008 4585 1280 4678 misericordia,
1300 4582 1438 4665 liberes
1458 4606 1496 4665 et
1515 4613 1723 4677 conserves,

309 4736 421 4824 prout
438 4719 568 4797 tuscis
585 4717 654 4796 nos
674 4747 753 4795 esse
770 4720 1007 4796 innoscentes
1024 4746 1045 4794 a
1062 4711 1282 4795 criminibus
1299 4735 1427 4795 contra
1443 4746 1513 4797 nos
1529 4720 1721 4826 oppositis,

310 4867 352 4926 ut
372 4867 456 4926 vota
478 4866 604 4927 nostra
631 4867 668 4926 et
692 4848 866 4927 mandata
888 4867 953 4927 tua
979 4851 1018 4925 in
1042 4848 1254 4926 humilitate
1278 4864 1316 4924 et
1341 4850 1489 4926 caritate
1513 4866 1722 4936 teneamus,

1508 4986 1553 5047 16.
