4080 6052
609 625 611 628 >
692 519 887 613 procus
913 535 1008 611 uns
1034 536 1336 611 rennuens.
1649 539 1722 615 ars

307 684 416 791 quod
439 710 532 770 non,
554 679 622 757 sed
640 707 710 786 pro
730 680 882 758 veritate
909 677 1083 769 dicende3
1105 677 1165 755 cui
1193 678 1265 756 fuit
1287 677 1499 785 injunctum
1517 701 1586 784 por
1608 679 1726 758 dictos

308 814 482 893 dominos
515 809 808 900 commissarios,
841 811 881 889 in
912 810 1047 888 virtute
1071 809 1275 917 juramenti
1293 808 1438 918 prestiti
1453 837 1522 916 per
1542 811 1723 900 eundern,

305 944 411 1051 quod
430 972 507 1021 non
526 941 709 1021 revelaret
723 942 819 1020 hane
838 941 1241 1049 suamdeposi‘cionem
1255 966 1454 1050 quousque
1469 940 1726 1019 attestationes

306 1071 447 1159 luerint
465 1071 679 1179 publieate.'

361 1205 453 1283 Acta
482 1201 639 1281 suerunt
665 1202 752 1289 hec,
782 1202 843 1280 die
874 1222 912 1280 et
941 1203 1023 1281 loco
1052 1203 1247 1311 predictis,
1280 1201 1520 1309 presentibus
1550 1204 1726 1312 magistro

306 1334 468 1425 Arnisio,
493 1362 555 1415 me
570 1335 830 1417 Floriarnonte
849 1335 1064 1426 Dondedei‚
1087 1352 1124 1412 et
1150 1335 1231 1411 aliis
1248 1335 1401 1412 notariis
1421 1363 1533 1440 supra
1551 1335 1719 1440 proximo

307 1480 517 1543 nomrnatrs.

365 1726 452 1802 Post
471 1724 552 1812 hec,
573 1722 971 1829 dieMartissequenti,
984 1755 1059 1831 que
1076 1724 1149 1801 fuit
1166 1751 1265 1804 rvrrrr
1278 1723 1367 1800 dicti
1386 1722 1527 1799 mensis
1544 1722 1725 1810 Januarii,

307 1854 380 1934 fuit
397 1855 583 1935 adductus
605 1855 657 1932 ad
676 1857 907 1961 presenciam
935 1858 1158 1934 eorumdem
1188 1855 1432 1931 dominorum
1456 1854 1728 1935 commissario·

307 2014 410 2075 rum,
442 1963 481 2062 in
514 1985 628 2064 domo
659 1986 842 2091 predicta,
880 1985 994 2063 frater
1029 1986 1156 2065 Guido
1191 1984 1369 2090 Delphini
1405 1984 1531 2077 miles,
1569 1983 1728 2061 diocesis

288 2116 640 2221 ‘Claramontensie
669 2116 775 2195 testis
803 2145 915 2222 supra
935 2117 1099 2224 juratus,
1131 2133 1174 2193 ut
1206 2117 1414 2221 deponeret
1432 2116 1574 2192 dictum
1595 2143 1725 2201 suum,

309 2274 385 2325 non
407 2244 579 2330 deferens
598 2245 820 2331 mantellum
849 2246 1009 2334 ordinis,
1040 2247 1129 2352 quia
1150 2246 1343 2322 dimiserat
1368 2247 1510 2353 ipsum,
1536 2245 1728 2322 suadenti-

308 2377 399 2466 bus,
423 2393 467 2454 ut
485 2376 593 2462 dixit,
614 2376 766 2483 prelatis
786 2377 1016 2484 congregatis
1036 2376 1076 2452 in
1098 2374 1256 2452 concilio·
1268 2374 1494 2460 Senonensi,
1512 2393 1549 2450 et
1567 2374 1649 2449 radi
1676 2373 1729 2448 le-

309 2524 409 2583 cerat
439 2505 525 2584 sibi
542 2505 698 2583 barbam
724 2525 809 2611 post
840 2509 985 2585 dictum
1014 2507 1231 2597 concilium,
1259 2533 1329 2613 pro
1361 2533 1407 2582 eo
1441 2504 1547 2612 quod
1578 2502 1729 2580 dimise-

309 2654 366 2712 rat
382 2637 508 2742 ipsum
523 2629 765 2723 mantellum,
783 2665 869 2714 cum
887 2665 963 2743 quo
978 2636 1101 2713 fuerat
1115 2636 1336 2743 inquisitum
1349 2663 1419 2741 per
1436 2632 1636 2712 dominum
1652 2635 1731 2738 epi-

308 2794 466 2873 scopum
485 2766 755 2854 Parisiensem,
777 2785 814 2844 et
832 2765 1028 2846 absolutus
1048 2784 1086 2844 et
1104 2764 1364 2844 reconciliatus
1386 2793 1455 2872 per
1475 2793 1584 2856 eum,
1606 2781 1644 2840 et
1668 2781 1724 2840 est

310 2895 417 2975 etatis
435 2897 684 3002 quadraginta
705 2895 784 3002 [et]
803 2897 917 2975 unius
937 2898 1024 2974 anni
1045 2898 1103 2973 vel
1124 2897 1234 2986 circa,
1257 2896 1330 3004 'per
1347 2921 1463 3002 quem
1482 2893 1553 2972 suit
1571 2894 1728 2999 repetita

309 3027 532 3136 protestacio
551 3017 620 3131 per
634 3026 761 3130 ipsum
781 3043 820 3102 et
838 3026 930 3103 alios
947 3029 1013 3134 qui
1035 3056 1123 3105 cum
1142 3055 1187 3104 eo
1208 3056 1321 3132 supra
1335 3027 1558 3133 juraverunt
1575 3022 1668 3101 lacta
1688 3026 1727 3098 in

305 3155 522 3260 juramento
546 3157 781 3235 eorumdem.
808 3159 856 3235 Et
875 3157 1029 3264 insuper
1047 3158 1120 3235 fuit
1138 3174 1363 3263 protestatus
1382 3157 1486 3263 quod
1502 3184 1571 3263 per
1590 3183 1633 3233 ea
1653 3183 1727 3261 que

310 3287 453 3365 diceret
473 3286 531 3363 vel
550 3286 687 3363 laceret
711 3315 788 3365 non
806 3288 915 3366 fieret
929 3289 1183 3396 prejudicium
1202 3286 1294 3378 sibi3
1311 3286 1420 3389 lectis
1440 3303 1567 3363 autem
1587 3297 1625 3361 et
1643 3284 1729 3361 dili-

308 3434 440 3522 genter
459 3417 530 3494 sibi
551 3418 726 3524 expositis
742 3418 921 3498 omnibus
941 3437 980 3496 et
996 3419 1154 3527 singrdis
1173 3418 1357 3510 articulis,
1371 3416 1568 3524 respondit
1581 3413 1629 3491 ad
1646 3441 1725 3500 eos,

311 3564 347 3630 et
365 3547 488 3651 primo
514 3546 728 3653 adprimus
752 3565 842 3638 rru0‘,
870 3567 923 3626 ut·
938 3549 1121 3657 sequitur,
1148 3548 1323 3626 videlicet
1346 3576 1389 3626 se
1418 3546 1561 3624 nescire
1589 3544 1619 3620 si
1644 3570 1729 3619 vera

310 3695 414 3756 erant
442 3695 615 3761 contenta
644 3680 684 3755 in
714 3680 822 3757 dictis
848 3680 1016 3756 articulis
1043 3678 1102 3756 vel
1130 3707 1218 3755 non.
1249 3680 1330 3784 lpse
1359 3695 1486 3755 tamen
1509 3672 1730 3752 interfuerat

311 3808 526 3912 aliquorum
542 3806 700 3884 fratrum
721 3809 864 3885 ordinis
882 3808 1178 3914 recepcionibus,
1192 3824 1238 3885 et
1257 3822 1336 3885 rrn⁰¹
1353 3808 1506 3913 recepit,
1528 3821 1567 3884 et
1584 3832 1660 3881 non
1675 3804 1729 3878 ri·

311 3937 367 4016 dit
386 3963 456 4013 nee
475 3935 618 4012 audivit
637 3937 750 4044 quod
764 3937 803 4014 in
824 3940 878 4015 eis
900 3937 959 4015 vel
983 3939 1023 4014 in
1047 3938 1128 4016 aliis
1146 3938 1430 4044 recepcionibus
1448 3937 1607 4014 fratrum
1627 3934 1730 4012 ordi·

311 4069 384 4155 nis,
405 4083 647 4173 preterquam
666 4068 708 4144 in
724 4096 807 4155 sua,
829 4069 937 4145 lieret
961 4067 1105 4175 aliquid
1125 4069 1172 4146 de
1192 4069 1377 4145 contentis
1400 4068 1440 4144 in
1458 4084 1623 4174 quatuor
1643 4064 1729 4177 arti-

311 4198 404 4274 culis
423 4197 666 4302 supradictis3
678 4198 720 4275 in
736 4228 803 4276 sua
828 4216 952 4276 autem
967 4199 1192 4307 recepcione
1208 4198 1281 4276 luit
1298 4215 1463 4278 seruatus
1481 4199 1553 4276 iste
1570 4196 1726 4275 modus:

309 4356 397 4405 nam
417 4329 497 4433 ipse
516 4330 640 4422 testis,
659 4331 725 4438 qui
749 4349 839 4407 tunc
861 4347 941 4407 erat
963 4331 1113 4408 circiter
1131 4331 1310 4409 undecim
1335 4358 1522 4409 annorum
1542 4328 1637 4407 circa
1655 4325 1728 4403 fes·

310 4475 392 4535 rum
416 4458 516 4536 beas
533 4462 678 4564 rasori,
700 4477 744 4537 ut
763 4460 1020 4552 suasurus,
1046 4461 1119 4538 uo
1136 4462 1321 4540 adauctus
1335 4462 1382 4539 aa
1402 4436 1561 4539 domun
1579 4457 1729 4563 Templi

311 4590 359 4665 de
375 4590 550 4667 Ranseria
567 4592 883 4692 Claramontensis
897 4593 1072 4684 diocesis,
1087 4611 1176 4671 sunt
1186 4592 1334 4673 circiter
1344 4619 1415 4670 m
1430 4592 1534 4682 anni,
1555 4609 1593 4669 et
1611 4591 1723 4669 missa

310 4719 433 4806 linita,
459 4719 531 4798 luit
553 4722 688 4800 duetus
715 4740 815 4800 extra
835 4723 1015 4831 capellam
1039 4724 1079 4803 in
1098 4725 1261 4832 quadam
1280 4750 1441 4817 camera,
1460 4723 1500 4801 in
1519 4751 1595 4832 qua
1618 4751 1729 4802 vene-

312 4867 401 4927 runt
418 4851 467 4928 ad
493 4881 581 4930 eum
608 4854 684 4933 duo
708 4852 841 4932 fratres
864 4855 1009 4934 ordinis
1033 4854 1184 4944 milites,
1209 4882 1374 4964 quorum
1392 4883 1470 4935 non
1491 4855 1608 4935 habet
1625 4856 1723 4932 noti-
