<?xml version="1.0" encoding="UTF-8"?>
<!DOCTYPE html PUBLIC "-//W3C//DTD XHTML 1.0 Transitional//EN"
    "http://www.w3.org/TR/xhtml1/DTD/xhtml1-transitional.dtd">
<html xmlns="http://www.w3.org/1999/xhtml" xml:lang="en" lang="en">
 <head>
  <title>
</title>
<meta http-equiv="Content-Type" content="text/html;charset=utf-8" />
  <meta name='ocr-system' content='tesseract 3.04.00' />
  <meta name='ocr-capabilities' content='ocr_page ocr_carea ocr_par ocr_line ocrx_word'/>
</head>
<body>
  <div class='ocr_page' id='page_1' title='image "./procsdestemplie02defegoog/procsdestemplie02defegoog_0310.png"; bbox 0 0 4080 6052; ppageno 0'>
   <div class='ocr_carea' id='block_1_1' title="bbox 533 516 1561 615">
    <p class='ocr_par' dir='ltr' id='par_1_1' title="bbox 533 516 1561 615">
     <span class='ocr_line' id='line_1_1' title="bbox 533 516 1561 615; baseline -0.01 -4"><span class='ocrx_word' id='word_1_1' title='bbox 533 544 607 615; x_wconf 78' lang='lat'>292</span> <span class='ocrx_word' id='word_1_2' title='bbox 919 516 1116 611; x_wconf 77' lang='lat' dir='ltr'>raocts</span> <span class='ocrx_word' id='word_1_3' title='bbox 1141 533 1236 606; x_wconf 79' lang='lat' dir='ltr'>nas</span> <span class='ocrx_word' id='word_1_4' title='bbox 1261 531 1561 606; x_wconf 77' lang='lat' dir='ltr'>rnurmnas.</span> 
     </span>
    </p>
   </div>
   <div class='ocr_carea' id='block_1_2' title="bbox 505 658 1957 4289">
    <p class='ocr_par' dir='ltr' id='par_1_2' title="bbox 505 658 1957 1543">
     <span class='ocr_line' id='line_1_2' title="bbox 587 658 1956 786; baseline -0.009 -27"><span class='ocrx_word' id='word_1_5' title='bbox 587 682 699 768; x_wconf 89' lang='lat' dir='ltr'>ltem,</span> <span class='ocrx_word' id='word_1_6' title='bbox 728 679 930 786; x_wconf 83' lang='lat' dir='ltr'>requisitus</span> <span class='ocrx_word' id='word_1_7' title='bbox 960 679 991 754; x_wconf 89' lang='lat' dir='ltr'>si</span> <span class='ocrx_word' id='word_1_8' title='bbox 1016 676 1162 782; x_wconf 89' lang='lat' dir='ltr'>aliquid</span> <span class='ocrx_word' id='word_1_9' title='bbox 1189 672 1294 751; x_wconf 89' lang='lat' dir='ltr'>aliud</span> <span class='ocrx_word' id='word_1_10' title='bbox 1322 673 1497 751; x_wconf 88' lang='lat' dir='ltr'>illicitum</span> <span class='ocrx_word' id='word_1_11' title='bbox 1520 671 1644 747; x_wconf 84' lang='lat' dir='ltr'>luerat</span> <span class='ocrx_word' id='word_1_12' title='bbox 1671 685 1798 746; x_wconf 89' lang='lat' dir='ltr'>actum</span> <span class='ocrx_word' id='word_1_13' title='bbox 1824 658 1875 745; x_wconf 58' lang='lat' dir='ltr'>in&#39;</span> <span class='ocrx_word' id='word_1_14' title='bbox 1896 697 1956 747; x_wconf 90' lang='lat' dir='ltr'>re-</span> 
     </span>
     <span class='ocr_line' id='line_1_3' title="bbox 505 800 1956 920; baseline -0.007 -29"><span class='ocrx_word' id='word_1_15' title='bbox 505 814 710 920; x_wconf 85' lang='lat' dir='ltr'>cepcione</span> <span class='ocrx_word' id='word_1_16' title='bbox 740 839 828 898; x_wconf 85' lang='lat' dir='ltr'>sua,</span> <span class='ocrx_word' id='word_1_17' title='bbox 860 808 1060 915; x_wconf 89' lang='lat' dir='ltr'>respondit·</span> <span class='ocrx_word' id='word_1_18' title='bbox 1084 805 1190 913; x_wconf 88' lang='lat' dir='ltr'>quod</span> <span class='ocrx_word' id='word_1_19' title='bbox 1219 806 1342 882; x_wconf 79' lang='lat' dir='ltr'>dictru</span> <span class='ocrx_word' id='word_1_20' title='bbox 1369 820 1567 911; x_wconf 84' lang='lat' dir='ltr'>preceptor</span> <span class='ocrx_word' id='word_1_21' title='bbox 1595 801 1763 907; x_wconf 81' lang='lat' dir='ltr'>precepit</span> <span class='ocrx_word' id='word_1_22' title='bbox 1790 800 1827 876; x_wconf 91' lang='lat' dir='ltr'>ei</span> <span class='ocrx_word' id='word_1_23' title='bbox 1848 802 1956 909; x_wconf 87' lang='lat' dir='ltr'>qnod</span> 
     </span>
     <span class='ocr_line' id='line_1_4' title="bbox 536 929 1957 1050; baseline -0.01 -29"><span class='ocrx_word' id='word_1_24' title='bbox 536 959 689 1050; x_wconf 85' lang='lat' dir='ltr'>spueret</span> <span class='ocrx_word' id='word_1_25' title='bbox 706 968 820 1045; x_wconf 90' lang='lat' dir='ltr'>super</span> <span class='ocrx_word' id='word_1_26' title='bbox 836 937 1025 1044; x_wconf 89' lang='lat' dir='ltr'>quandam</span> <span class='ocrx_word' id='word_1_27' title='bbox 1042 964 1193 1041; x_wconf 78' lang='lat' dir='ltr'>parram</span> <span class='ocrx_word' id='word_1_28' title='bbox 1213 963 1384 1020; x_wconf 90' lang='lat' dir='ltr'>crucem,</span> <span class='ocrx_word' id='word_1_29' title='bbox 1410 936 1450 1010; x_wconf 93' lang='lat' dir='ltr'>in</span> <span class='ocrx_word' id='word_1_30' title='bbox 1474 961 1549 1041; x_wconf 90' lang='lat' dir='ltr'>qua</span> <span class='ocrx_word' id='word_1_31' title='bbox 1568 948 1646 1008; x_wconf 89' lang='lat' dir='ltr'>erat</span> <span class='ocrx_word' id='word_1_32' title='bbox 1664 958 1801 1038; x_wconf 80' lang='lat' dir='ltr'><strong>ymago</strong></span> <span class='ocrx_word' id='word_1_33' title='bbox 1821 929 1957 1008; x_wconf 91' lang='lat' dir='ltr'>Cruci-</span> 
     </span>
     <span class='ocr_line' id='line_1_5' title="bbox 536 1062 1956 1178; baseline -0.009 -27"><span class='ocrx_word' id='word_1_34' title='bbox 536 1073 616 1160; x_wconf 76' lang='lat' dir='ltr'>fixi,</span> <span class='ocrx_word' id='word_1_35' title='bbox 637 1101 751 1178; x_wconf 89' lang='lat' dir='ltr'>quam</span> <span class='ocrx_word' id='word_1_36' title='bbox 771 1071 875 1147; x_wconf 92' lang='lat' dir='ltr'>idem</span> <span class='ocrx_word' id='word_1_37' title='bbox 896 1084 1068 1173; x_wconf 89' lang='lat' dir='ltr'>receptor</span> <span class='ocrx_word' id='word_1_38' title='bbox 1089 1064 1244 1143; x_wconf 88' lang='lat' dir='ltr'>tenebat</span> <span class='ocrx_word' id='word_1_39' title='bbox 1259 1066 1298 1141; x_wconf 93' lang='lat' dir='ltr'>in</span> <span class='ocrx_word' id='word_1_40' title='bbox 1320 1094 1435 1141; x_wconf 86' lang='lat' dir='ltr'>manu</span> <span class='ocrx_word' id='word_1_41' title='bbox 1458 1093 1545 1154; x_wconf 83' lang='lat' dir='ltr'>sua,</span> <span class='ocrx_word' id='word_1_42' title='bbox 1568 1080 1607 1138; x_wconf 92' lang='lat' dir='ltr'>et</span> <span class='ocrx_word' id='word_1_43' title='bbox 1627 1063 1705 1168; x_wconf 84' lang='lat' dir='ltr'>ipse</span> <span class='ocrx_word' id='word_1_44' title='bbox 1725 1062 1835 1138; x_wconf 83' lang='lat' dir='ltr'>testis</span> <span class='ocrx_word' id='word_1_45' title='bbox 1852 1063 1956 1168; x_wconf 84' lang='lat' dir='ltr'>spuit</span> 
     </span>
     <span class='ocr_line' id='line_1_6' title="bbox 530 1192 1953 1313; baseline -0.009 -31"><span class='ocrx_word' id='word_1_46' title='bbox 530 1206 637 1313; x_wconf 86' lang='lat' dir='ltr'>juxta</span> <span class='ocrx_word' id='word_1_47' title='bbox 664 1230 815 1280; x_wconf 90' lang='lat' dir='ltr'>crucem</span> <span class='ocrx_word' id='word_1_48' title='bbox 838 1200 1065 1307; x_wconf 88' lang='lat' dir='ltr'>predictam,</span> <span class='ocrx_word' id='word_1_49' title='bbox 1094 1197 1162 1274; x_wconf 88' lang='lat' dir='ltr'>sed</span> <span class='ocrx_word' id='word_1_50' title='bbox 1185 1224 1263 1273; x_wconf 91' lang='lat' dir='ltr'>non</span> <span class='ocrx_word' id='word_1_51' title='bbox 1282 1225 1407 1302; x_wconf 87' lang='lat' dir='ltr'>super,</span> <span class='ocrx_word' id='word_1_52' title='bbox 1434 1220 1512 1273; x_wconf 90' lang='lat' dir='ltr'>non</span> <span class='ocrx_word' id='word_1_53' title='bbox 1531 1211 1658 1271; x_wconf 88' lang='lat' dir='ltr'>tamen</span> <span class='ocrx_word' id='word_1_54' title='bbox 1675 1192 1896 1270; x_wconf 79' lang='lat' dir='ltr'>recordatur</span> <span class='ocrx_word' id='word_1_55' title='bbox 1919 1193 1953 1269; x_wconf 87' lang='lat' dir='ltr'>ai</span> 
     </span>
     <span class='ocr_line' id='line_1_7' title="bbox 536 1322 1954 1441; baseline -0.009 -28"><span class='ocrx_word' id='word_1_56' title='bbox 536 1336 635 1413; x_wconf 86' lang='lat' dir='ltr'>dicta</span> <span class='ocrx_word' id='word_1_57' title='bbox 652 1362 786 1441; x_wconf 84' lang='lat' dir='ltr'>ymago</span> <span class='ocrx_word' id='word_1_58' title='bbox 803 1347 883 1410; x_wconf 89' lang='lat' dir='ltr'>erat</span> <span class='ocrx_word' id='word_1_59' title='bbox 902 1330 1046 1435; x_wconf 89' lang='lat' dir='ltr'>sculpta</span> <span class='ocrx_word' id='word_1_60' title='bbox 1063 1327 1123 1404; x_wconf 85' lang='lat' dir='ltr'>vel</span> <span class='ocrx_word' id='word_1_61' title='bbox 1141 1329 1255 1434; x_wconf 90' lang='lat' dir='ltr'>picta,</span> <span class='ocrx_word' id='word_1_62' title='bbox 1278 1355 1348 1404; x_wconf 89' lang='lat' dir='ltr'>nec</span> <span class='ocrx_word' id='word_1_63' title='bbox 1369 1327 1400 1403; x_wconf 89' lang='lat' dir='ltr'>si</span> <span class='ocrx_word' id='word_1_64' title='bbox 1421 1327 1519 1403; x_wconf 89' lang='lat' dir='ltr'>dicta</span> <span class='ocrx_word' id='word_1_65' title='bbox 1538 1354 1628 1401; x_wconf 91' lang='lat' dir='ltr'>crux</span> <span class='ocrx_word' id='word_1_66' title='bbox 1648 1340 1727 1400; x_wconf 90' lang='lat' dir='ltr'>erat</span> <span class='ocrx_word' id='word_1_67' title='bbox 1750 1323 1879 1430; x_wconf 81' lang='lat' dir='ltr'>lignea</span> <span class='ocrx_word' id='word_1_68' title='bbox 1895 1322 1954 1400; x_wconf 87' lang='lat' dir='ltr'>vel</span> 
     </span>
     <span class='ocr_line' id='line_1_8' title="bbox 535 1463 723 1543; baseline -0.016 -2"><span class='ocrx_word' id='word_1_69' title='bbox 535 1463 723 1543; x_wconf 85' lang='lat' dir='ltr'>metalina.</span> 
     </span>
    </p>

    <p class='ocr_par' dir='ltr' id='par_1_3' title="bbox 535 1583 1954 2584">
     <span class='ocr_line' id='line_1_9' title="bbox 562 1583 1953 1702; baseline -0.006 -34"><span class='ocrx_word' id='word_1_70' title='bbox 562 1689 569 1702; x_wconf 39' lang='lat'><strong>·</strong></span> <span class='ocrx_word' id='word_1_71' title='bbox 591 1594 702 1682; x_wconf 87' lang='lat' dir='ltr'>ltem,</span> <span class='ocrx_word' id='word_1_72' title='bbox 721 1591 814 1666; x_wconf 80' lang='lat' dir='ltr'><strong>dixit</strong></span> <span class='ocrx_word' id='word_1_73' title='bbox 827 1589 971 1667; x_wconf 88' lang='lat' dir='ltr'>dictum</span> <span class='ocrx_word' id='word_1_74' title='bbox 986 1603 1219 1694; x_wconf 85' lang='lat' dir='ltr'>receptorem</span> <span class='ocrx_word' id='word_1_75' title='bbox 1239 1604 1331 1664; x_wconf 91' lang='lat' dir='ltr'>tunc</span> <span class='ocrx_word' id='word_1_76' title='bbox 1350 1586 1559 1692; x_wconf 83' lang='lat' dir='ltr'>precepisse</span> <span class='ocrx_word' id='word_1_77' title='bbox 1579 1585 1705 1663; x_wconf 91' lang='lat' dir='ltr'>eidem</span> <span class='ocrx_word' id='word_1_78' title='bbox 1721 1583 1829 1693; x_wconf 87' lang='lat' dir='ltr'>qnod</span> <span class='ocrx_word' id='word_1_79' title='bbox 1843 1611 1953 1661; x_wconf 88' lang='lat' dir='ltr'>oscu-</span> 
     </span>
     <span class='ocr_line' id='line_1_10' title="bbox 535 1712 1954 1826; baseline -0.007 -28"><span class='ocrx_word' id='word_1_80' title='bbox 535 1721 676 1798; x_wconf 89' lang='lat' dir='ltr'>laretur</span> <span class='ocrx_word' id='word_1_81' title='bbox 702 1722 826 1826; x_wconf 90' lang='lat' dir='ltr'>ipsum</span> <span class='ocrx_word' id='word_1_82' title='bbox 853 1737 1086 1825; x_wconf 87' lang='lat' dir='ltr'>receptorem</span> <span class='ocrx_word' id='word_1_83' title='bbox 1111 1734 1214 1794; x_wconf 87' lang='lat' dir='ltr'>retro</span> <span class='ocrx_word' id='word_1_84' title='bbox 1241 1745 1353 1823; x_wconf 88' lang='lat' dir='ltr'>supra</span> <span class='ocrx_word' id='word_1_85' title='bbox 1378 1716 1545 1794; x_wconf 88' lang='lat' dir='ltr'>braccale</span> <span class='ocrx_word' id='word_1_86' title='bbox 1574 1717 1614 1792; x_wconf 95' lang='lat' dir='ltr'>in</span> <span class='ocrx_word' id='word_1_87' title='bbox 1639 1743 1751 1791; x_wconf 90' lang='lat' dir='ltr'>carne</span> <span class='ocrx_word' id='word_1_88' title='bbox 1772 1712 1889 1799; x_wconf 87' lang='lat' dir='ltr'>nuda,</span> <span class='ocrx_word' id='word_1_89' title='bbox 1912 1731 1954 1789; x_wconf 88' lang='lat' dir='ltr'>et</span> 
     </span>
     <span class='ocr_line' id='line_1_11' title="bbox 536 1841 1954 1950; baseline -0.006 -23"><span class='ocrx_word' id='word_1_90' title='bbox 536 1852 722 1927; x_wconf 88' lang='lat' dir='ltr'>osculatus</span> <span class='ocrx_word' id='word_1_91' title='bbox 742 1850 814 1927; x_wconf 85' lang='lat' dir='ltr'>luit</span> <span class='ocrx_word' id='word_1_92' title='bbox 834 1878 922 1926; x_wconf 92' lang='lat' dir='ltr'>eum</span> <span class='ocrx_word' id='word_1_93' title='bbox 945 1849 1088 1925; x_wconf 88' lang='lat' dir='ltr'>ibidem</span> <span class='ocrx_word' id='word_1_94' title='bbox 1108 1863 1208 1924; x_wconf 83' lang='lat' dir='ltr'>retro</span> <span class='ocrx_word' id='word_1_95' title='bbox 1228 1848 1361 1935; x_wconf 91' lang='lat' dir='ltr'>altare,</span> <span class='ocrx_word' id='word_1_96' title='bbox 1382 1863 1426 1923; x_wconf 89' lang='lat' dir='ltr'>ut</span> <span class='ocrx_word' id='word_1_97' title='bbox 1446 1846 1556 1937; x_wconf 86' lang='lat' dir='ltr'>dixit,</span> <span class='ocrx_word' id='word_1_98' title='bbox 1579 1844 1694 1921; x_wconf 89' lang='lat' dir='ltr'>nullis</span> <span class='ocrx_word' id='word_1_99' title='bbox 1715 1841 1954 1950; x_wconf 80' lang='lat' dir='ltr'>presentibus</span> 
     </span>
     <span class='ocr_line' id='line_1_12' title="bbox 536 1973 1952 2086; baseline -0.005 -29"><span class='ocrx_word' id='word_1_100' title='bbox 536 1981 608 2057; x_wconf 90' lang='lat' dir='ltr'>nisi</span> <span class='ocrx_word' id='word_1_101' title='bbox 631 1982 720 2086; x_wconf 89' lang='lat' dir='ltr'>ipsis</span> <span class='ocrx_word' id='word_1_102' title='bbox 745 1980 908 2057; x_wconf 91' lang='lat' dir='ltr'>duobus.</span> <span class='ocrx_word' id='word_1_103' title='bbox 933 1979 1035 2056; x_wconf 91' lang='lat' dir='ltr'>Dixit</span> <span class='ocrx_word' id='word_1_104' title='bbox 1058 1979 1213 2083; x_wconf 88' lang='lat' dir='ltr'>insuper</span> <span class='ocrx_word' id='word_1_105' title='bbox 1231 1977 1338 2084; x_wconf 90' lang='lat' dir='ltr'>quod</span> <span class='ocrx_word' id='word_1_106' title='bbox 1357 1977 1502 2054; x_wconf 89' lang='lat' dir='ltr'>ibidem</span> <span class='ocrx_word' id='word_1_107' title='bbox 1522 1974 1711 2054; x_wconf 85' lang='lat' dir='ltr'>osculatus</span> <span class='ocrx_word' id='word_1_108' title='bbox 1734 1973 1808 2052; x_wconf 78' lang='lat' dir='ltr'>fuit</span> <span class='ocrx_word' id='word_1_109' title='bbox 1828 1974 1952 2080; x_wconf 87' lang='lat' dir='ltr'>ipsum</span> 
     </span>
     <span class='ocr_line' id='line_1_13' title="bbox 537 2106 1953 2219; baseline -0.004 -33"><span class='ocrx_word' id='word_1_110' title='bbox 537 2127 770 2213; x_wconf 81' lang='lat' dir='ltr'>receptorem</span> <span class='ocrx_word' id='word_1_111' title='bbox 790 2111 828 2185; x_wconf 92' lang='lat' dir='ltr'>in</span> <span class='ocrx_word' id='word_1_112' title='bbox 848 2108 1053 2195; x_wconf 87' lang='lat' dir='ltr'>umbilico,</span> <span class='ocrx_word' id='word_1_113' title='bbox 1074 2107 1142 2184; x_wconf 88' lang='lat' dir='ltr'>scd</span> <span class='ocrx_word' id='word_1_114' title='bbox 1161 2109 1201 2184; x_wconf 93' lang='lat' dir='ltr'>in</span> <span class='ocrx_word' id='word_1_115' title='bbox 1218 2109 1424 2186; x_wconf 79' lang='lat' dir='ltr'>tradicione</span> <span class='ocrx_word' id='word_1_116' title='bbox 1448 2107 1616 2184; x_wconf 89' lang='lat' dir='ltr'>mantelli</span> <span class='ocrx_word' id='word_1_117' title='bbox 1639 2106 1763 2219; x_wconf 76' lang='lat' dir='ltr'>dictim</span> <span class='ocrx_word' id='word_1_118' title='bbox 1781 2122 1953 2210; x_wconf 89' lang='lat' dir='ltr'>receptor</span> 
     </span>
     <span class='ocr_line' id='line_1_14' title="bbox 538 2234 1953 2323; baseline -0.001 -9"><span class='ocrx_word' id='word_1_119' title='bbox 538 2254 575 2314; x_wconf 89' lang='lat' dir='ltr'>et</span> <span class='ocrx_word' id='word_1_120' title='bbox 594 2236 657 2313; x_wconf 87' lang='lat' dir='ltr'>alii</span> <span class='ocrx_word' id='word_1_121' title='bbox 675 2236 807 2314; x_wconf 83' lang='lat' dir='ltr'>[ratres</span> <span class='ocrx_word' id='word_1_122' title='bbox 829 2255 988 2315; x_wconf 85' lang='lat' dir='ltr'>astantes</span> <span class='ocrx_word' id='word_1_123' title='bbox 1005 2237 1160 2313; x_wconf 85' lang='lat' dir='ltr'>luerunt</span> <span class='ocrx_word' id='word_1_124' title='bbox 1184 2238 1339 2314; x_wconf 91' lang='lat' dir='ltr'>osculati</span> <span class='ocrx_word' id='word_1_125' title='bbox 1364 2266 1454 2314; x_wconf 90' lang='lat' dir='ltr'>eum</span> <span class='ocrx_word' id='word_1_126' title='bbox 1477 2237 1515 2312; x_wconf 93' lang='lat' dir='ltr'>in</span> <span class='ocrx_word' id='word_1_127' title='bbox 1538 2265 1625 2323; x_wconf 92' lang='lat' dir='ltr'>ore,</span> <span class='ocrx_word' id='word_1_128' title='bbox 1650 2235 1757 2311; x_wconf 91' lang='lat' dir='ltr'>aliud</span> <span class='ocrx_word' id='word_1_129' title='bbox 1779 2234 1953 2313; x_wconf 88' lang='lat' dir='ltr'>illicitum</span> 
     </span>
     <span class='ocr_line' id='line_1_15' title="bbox 536 2366 1954 2473; baseline -0.001 -30"><span class='ocrx_word' id='word_1_130' title='bbox 536 2396 611 2444; x_wconf 95' lang='lat' dir='ltr'>non</span> <span class='ocrx_word' id='word_1_131' title='bbox 624 2368 756 2445; x_wconf 89' lang='lat' dir='ltr'>recolit</span> <span class='ocrx_word' id='word_1_132' title='bbox 772 2368 819 2444; x_wconf 92' lang='lat' dir='ltr'>ad</span> <span class='ocrx_word' id='word_1_133' title='bbox 836 2396 1005 2473; x_wconf 89' lang='lat' dir='ltr'>presens,</span> <span class='ocrx_word' id='word_1_134' title='bbox 1022 2386 1067 2444; x_wconf 88' lang='lat' dir='ltr'>ut</span> <span class='ocrx_word' id='word_1_135' title='bbox 1080 2368 1191 2454; x_wconf 89' lang='lat' dir='ltr'>dixit,</span> <span class='ocrx_word' id='word_1_136' title='bbox 1206 2366 1319 2444; x_wconf 76' lang='lat' dir='ltr'>baisse</span> <span class='ocrx_word' id='word_1_137' title='bbox 1335 2367 1475 2473; x_wconf 81' lang='lat' dir='ltr'>lacturp</span> <span class='ocrx_word' id='word_1_138' title='bbox 1493 2368 1533 2441; x_wconf 90' lang='lat' dir='ltr'>in</span> <span class='ocrx_word' id='word_1_139' title='bbox 1550 2366 1771 2472; x_wconf 87' lang='lat' dir='ltr'>recepcione</span> <span class='ocrx_word' id='word_1_140' title='bbox 1790 2394 1861 2443; x_wconf 86' lang='lat' dir='ltr'>sua</span> <span class='ocrx_word' id='word_1_141' title='bbox 1872 2394 1954 2471; x_wconf 89' lang='lat' dir='ltr'>pre·</span> 
     </span>
     <span class='ocr_line' id='line_1_16' title="bbox 536 2474 1360 2584; baseline -0.001 -10"><span class='ocrx_word' id='word_1_142' title='bbox 536 2497 651 2584; x_wconf 85' lang='lat' dir='ltr'>dicta,</span> <span class='ocrx_word' id='word_1_143' title='bbox 674 2515 712 2575; x_wconf 90' lang='lat' dir='ltr'>et</span> <span class='ocrx_word' id='word_1_144' title='bbox 733 2499 806 2575; x_wconf 93' lang='lat' dir='ltr'>hoc</span> <span class='ocrx_word' id='word_1_145' title='bbox 825 2495 898 2572; x_wconf 85' lang='lat' dir='ltr'>luit</span> <span class='ocrx_word' id='word_1_146' title='bbox 916 2497 1099 2584; x_wconf 89' lang='lat' dir='ltr'>nimium,</span> <span class='ocrx_word' id='word_1_147' title='bbox 1121 2513 1164 2573; x_wconf 91' lang='lat' dir='ltr'>ut</span> <span class='ocrx_word' id='word_1_148' title='bbox 1184 2496 1289 2573; x_wconf 89' lang='lat' dir='ltr'>dixit.</span> <span class='ocrx_word' id='word_1_149' title='bbox 1355 2474 1360 2483; x_wconf 89' lang='lat'><strong>.</strong></span> 
     </span>
    </p>

    <p class='ocr_par' dir='ltr' id='par_1_4' title="bbox 533 2623 1953 4159">
     <span class='ocr_line' id='line_1_17' title="bbox 590 2623 1953 2732; baseline -0.001 -29"><span class='ocrx_word' id='word_1_150' title='bbox 590 2628 706 2713; x_wconf 89' lang='lat' dir='ltr'>Item,</span> <span class='ocrx_word' id='word_1_151' title='bbox 727 2627 931 2732; x_wconf 91' lang='lat' dir='ltr'>requisitus</span> <span class='ocrx_word' id='word_1_152' title='bbox 951 2627 980 2700; x_wconf 92' lang='lat' dir='ltr'>si</span> <span class='ocrx_word' id='word_1_153' title='bbox 1003 2623 1224 2702; x_wconf 83' lang='lat' dir='ltr'>interfuerat</span> <span class='ocrx_word' id='word_1_154' title='bbox 1242 2625 1526 2731; x_wconf 86' lang='lat' dir='ltr'>recepcionibus</span> <span class='ocrx_word' id='word_1_155' title='bbox 1551 2626 1768 2732; x_wconf 90' lang='lat' dir='ltr'>aliquorum</span> <span class='ocrx_word' id='word_1_156' title='bbox 1792 2626 1953 2703; x_wconf 88' lang='lat' dir='ltr'>aliorum</span> 
     </span>
     <span class='ocr_line' id='line_1_18' title="bbox 536 2753 1948 2862; baseline -0.001 -31"><span class='ocrx_word' id='word_1_157' title='bbox 536 2755 692 2831; x_wconf 80' lang='lat' dir='ltr'>fratrum</span> <span class='ocrx_word' id='word_1_158' title='bbox 714 2755 803 2831; x_wconf 89' lang='lat' dir='ltr'>dicti</span> <span class='ocrx_word' id='word_1_159' title='bbox 825 2754 984 2845; x_wconf 88' lang='lat' dir='ltr'>ordinis,</span> <span class='ocrx_word' id='word_1_160' title='bbox 1006 2753 1200 2857; x_wconf 90' lang='lat' dir='ltr'>respondit</span> <span class='ocrx_word' id='word_1_161' title='bbox 1211 2754 1316 2861; x_wconf 91' lang='lat' dir='ltr'>quod</span> <span class='ocrx_word' id='word_1_162' title='bbox 1331 2757 1382 2831; x_wconf 91' lang='lat' dir='ltr'>sic</span> <span class='ocrx_word' id='word_1_163' title='bbox 1395 2754 1611 2860; x_wconf 89' lang='lat' dir='ltr'>aliquando.</span> <span class='ocrx_word' id='word_1_164' title='bbox 1633 2754 1851 2862; x_wconf 85' lang='lat' dir='ltr'>Reqnisitus</span> <span class='ocrx_word' id='word_1_165' title='bbox 1866 2754 1948 2844; x_wconf 90' lang='lat' dir='ltr'>ubi,</span> 
     </span>
     <span class='ocr_line' id='line_1_19' title="bbox 537 2884 1952 2993; baseline 0.001 -33"><span class='ocrx_word' id='word_1_166' title='bbox 537 2885 687 2989; x_wconf 90' lang='lat' dir='ltr'>quando</span> <span class='ocrx_word' id='word_1_167' title='bbox 709 2901 746 2960; x_wconf 89' lang='lat' dir='ltr'>et</span> <span class='ocrx_word' id='word_1_168' title='bbox 764 2885 803 2960; x_wconf 94' lang='lat' dir='ltr'>in</span> <span class='ocrx_word' id='word_1_169' title='bbox 822 2912 986 2991; x_wconf 88' lang='lat' dir='ltr'>quorum</span> <span class='ocrx_word' id='word_1_170' title='bbox 1010 2884 1230 2989; x_wconf 89' lang='lat' dir='ltr'>recepcione</span> <span class='ocrx_word' id='word_1_171' title='bbox 1251 2885 1490 2973; x_wconf 85' lang='lat' dir='ltr'>interfuerat,</span> <span class='ocrx_word' id='word_1_172' title='bbox 1514 2886 1711 2992; x_wconf 90' lang='lat' dir='ltr'>respondit</span> <span class='ocrx_word' id='word_1_173' title='bbox 1730 2886 1832 2993; x_wconf 88' lang='lat' dir='ltr'>quod</span> <span class='ocrx_word' id='word_1_174' title='bbox 1849 2887 1952 2963; x_wconf 88' lang='lat' dir='ltr'>Pari-</span> 
     </span>
     <span class='ocr_line' id='line_1_20' title="bbox 536 3013 1949 3124; baseline 0.004 -35"><span class='ocrx_word' id='word_1_175' title='bbox 536 3013 613 3089; x_wconf 87' lang='lat' dir='ltr'>sius</span> <span class='ocrx_word' id='word_1_176' title='bbox 641 3015 680 3089; x_wconf 93' lang='lat' dir='ltr'>in</span> <span class='ocrx_word' id='word_1_177' title='bbox 703 3013 818 3091; x_wconf 91' lang='lat' dir='ltr'>domo</span> <span class='ocrx_word' id='word_1_178' title='bbox 842 3015 991 3120; x_wconf 86' lang='lat' dir='ltr'>Templi</span> <span class='ocrx_word' id='word_1_179' title='bbox 1014 3015 1108 3091; x_wconf 88' lang='lat' dir='ltr'>vidit</span> <span class='ocrx_word' id='word_1_180' title='bbox 1131 3017 1247 3122; x_wconf 89' lang='lat' dir='ltr'>recipi</span> <span class='ocrx_word' id='word_1_181' title='bbox 1273 3017 1369 3094; x_wconf 87' lang='lat' dir='ltr'>duos</span> <span class='ocrx_word' id='word_1_182' title='bbox 1395 3015 1526 3093; x_wconf 87' lang='lat' dir='ltr'>fratres</span> <span class='ocrx_word' id='word_1_183' title='bbox 1551 3017 1718 3094; x_wconf 89' lang='lat' dir='ltr'>carnales</span> <span class='ocrx_word' id='word_1_184' title='bbox 1746 3017 1794 3094; x_wconf 91' lang='lat' dir='ltr'>de</span> <span class='ocrx_word' id='word_1_185' title='bbox 1812 3044 1949 3124; x_wconf 83' lang='lat' dir='ltr'>genere</span> 
     </span>
     <span class='ocr_line' id='line_1_21' title="bbox 537 3142 1950 3254; baseline 0.004 -36"><span class='ocrx_word' id='word_1_186' title='bbox 537 3142 681 3219; x_wconf 91' lang='lat' dir='ltr'>domini</span> <span class='ocrx_word' id='word_1_187' title='bbox 699 3145 746 3220; x_wconf 89' lang='lat' dir='ltr'>de</span> <span class='ocrx_word' id='word_1_188' title='bbox 764 3145 940 3231; x_wconf 84' lang='lat' dir='ltr'>Renaval‚</span> <span class='ocrx_word' id='word_1_189' title='bbox 955 3162 993 3221; x_wconf 90' lang='lat' dir='ltr'>et</span> <span class='ocrx_word' id='word_1_190' title='bbox 1005 3175 1091 3222; x_wconf 90' lang='lat' dir='ltr'>cum</span> <span class='ocrx_word' id='word_1_191' title='bbox 1105 3147 1158 3222; x_wconf 93' lang='lat' dir='ltr'>eis</span> <span class='ocrx_word' id='word_1_192' title='bbox 1170 3146 1370 3225; x_wconf 87' lang='lat' dir='ltr'>Ricardum</span> <span class='ocrx_word' id='word_1_193' title='bbox 1386 3147 1505 3234; x_wconf 89' lang='lat' dir='ltr'>Scoti,</span> <span class='ocrx_word' id='word_1_194' title='bbox 1517 3148 1712 3254; x_wconf 89' lang='lat' dir='ltr'>quondam</span> <span class='ocrx_word' id='word_1_195' title='bbox 1728 3148 1950 3226; x_wconf 79' lang='lat' dir='ltr'>servientem</span> 
     </span>
     <span class='ocr_line' id='line_1_22' title="bbox 535 3273 1953 3382; baseline 0.006 -35"><span class='ocrx_word' id='word_1_196' title='bbox 535 3273 659 3380; x_wconf 80' lang='lat' dir='ltr'>guoti,</span> <span class='ocrx_word' id='word_1_197' title='bbox 688 3291 724 3350; x_wconf 92' lang='lat' dir='ltr'>et</span> <span class='ocrx_word' id='word_1_198' title='bbox 747 3274 888 3351; x_wconf 89' lang='lat' dir='ltr'>multos</span> <span class='ocrx_word' id='word_1_199' title='bbox 912 3274 1004 3352; x_wconf 90' lang='lat' dir='ltr'>alios</span> <span class='ocrx_word' id='word_1_200' title='bbox 1028 3277 1076 3352; x_wconf 90' lang='lat' dir='ltr'>de</span> <span class='ocrx_word' id='word_1_201' title='bbox 1101 3306 1265 3382; x_wconf 92' lang='lat' dir='ltr'>quorum</span> <span class='ocrx_word' id='word_1_202' title='bbox 1290 3277 1508 3353; x_wconf 88' lang='lat' dir='ltr'>nominibus</span> <span class='ocrx_word' id='word_1_203' title='bbox 1534 3277 1627 3353; x_wconf 81' lang='lat' dir='ltr'>dixit</span> <span class='ocrx_word' id='word_1_204' title='bbox 1654 3306 1693 3354; x_wconf 85' lang='lat' dir='ltr'>se</span> <span class='ocrx_word' id='word_1_205' title='bbox 1723 3306 1802 3354; x_wconf 92' lang='lat' dir='ltr'>non</span> <span class='ocrx_word' id='word_1_206' title='bbox 1828 3307 1953 3355; x_wconf 91' lang='lat' dir='ltr'>recor-</span> 
     </span>
     <span class='ocr_line' id='line_1_23' title="bbox 537 3403 1949 3512; baseline 0.005 -36"><span class='ocrx_word' id='word_1_207' title='bbox 537 3403 632 3493; x_wconf 89' lang='lat' dir='ltr'>dari,</span> <span class='ocrx_word' id='word_1_208' title='bbox 655 3403 803 3480; x_wconf 81' lang='lat' dir='ltr'>alratre</span> <span class='ocrx_word' id='word_1_209' title='bbox 823 3408 982 3512; x_wconf 87' lang='lat' dir='ltr'>Hugone</span> <span class='ocrx_word' id='word_1_210' title='bbox 1013 3407 1060 3482; x_wconf 91' lang='lat' dir='ltr'>de</span> <span class='ocrx_word' id='word_1_211' title='bbox 1087 3407 1256 3485; x_wconf 88' lang='lat' dir='ltr'>Penrado</span> <span class='ocrx_word' id='word_1_212' title='bbox 1282 3408 1469 3484; x_wconf 88' lang='lat' dir='ltr'>visitatore</span> <span class='ocrx_word' id='word_1_213' title='bbox 1497 3409 1666 3496; x_wconf 89' lang='lat' dir='ltr'>Francie,</span> <span class='ocrx_word' id='word_1_214' title='bbox 1688 3407 1783 3482; x_wconf 88' lang='lat' dir='ltr'>circa</span> <span class='ocrx_word' id='word_1_215' title='bbox 1809 3405 1949 3483; x_wconf 84' lang='lat' dir='ltr'>festum</span> 
     </span>
     <span class='ocr_line' id='line_1_24' title="bbox 534 3530 1946 3643; baseline 0.003 -35"><span class='ocrx_word' id='word_1_216' title='bbox 534 3530 731 3608; x_wconf 82' lang='lat' dir='ltr'>beatorum</span> <span class='ocrx_word' id='word_1_217' title='bbox 752 3536 851 3610; x_wconf 91' lang='lat' dir='ltr'>Petri</span> <span class='ocrx_word' id='word_1_218' title='bbox 877 3553 915 3612; x_wconf 88' lang='lat' dir='ltr'>et</span> <span class='ocrx_word' id='word_1_219' title='bbox 937 3536 1041 3612; x_wconf 92' lang='lat' dir='ltr'>Pauli</span> <span class='ocrx_word' id='word_1_220' title='bbox 1067 3539 1236 3642; x_wconf 82' lang='lat' dir='ltr'>proxime</span> <span class='ocrx_word' id='word_1_221' title='bbox 1264 3538 1487 3643; x_wconf 88' lang='lat' dir='ltr'>preteritum</span> <span class='ocrx_word' id='word_1_222' title='bbox 1513 3536 1663 3614; x_wconf 83' lang='lat' dir='ltr'>luerunt</span> <span class='ocrx_word' id='word_1_223' title='bbox 1687 3561 1823 3611; x_wconf 89' lang='lat' dir='ltr'>novem</span> <span class='ocrx_word' id='word_1_224' title='bbox 1843 3538 1946 3612; x_wconf 89' lang='lat' dir='ltr'>anni.</span> 
     </span>
     <span class='ocr_line' id='line_1_25' title="bbox 534 3645 1947 3772; baseline 0.002 -33"><span class='ocrx_word' id='word_1_225' title='bbox 534 3645 826 3765; x_wconf 81' lang='lat' dir='ltr'>Veruinptamen</span> <span class='ocrx_word' id='word_1_226' title='bbox 848 3665 888 3739; x_wconf 90' lang='lat' dir='ltr'>in</span> <span class='ocrx_word' id='word_1_227' title='bbox 912 3665 1021 3741; x_wconf 88' lang='lat' dir='ltr'>dictis</span> <span class='ocrx_word' id='word_1_228' title='bbox 1041 3667 1323 3772; x_wconf 88' lang='lat' dir='ltr'>recepcionibus</span> <span class='ocrx_word' id='word_1_229' title='bbox 1343 3694 1419 3742; x_wconf 90' lang='lat' dir='ltr'>non</span> <span class='ocrx_word' id='word_1_230' title='bbox 1441 3666 1533 3741; x_wconf 90' lang='lat' dir='ltr'>vidit</span> <span class='ocrx_word' id='word_1_231' title='bbox 1557 3664 1696 3771; x_wconf 86' lang='lat' dir='ltr'>aliquid</span> <span class='ocrx_word' id='word_1_232' title='bbox 1715 3663 1845 3741; x_wconf 88' lang='lat' dir='ltr'>illicite</span> <span class='ocrx_word' id='word_1_233' title='bbox 1873 3668 1947 3772; x_wconf 84' lang='lat' dir='ltr'>agi,</span> 
     </span>
     <span class='ocr_line' id='line_1_26' title="bbox 534 3791 1951 3902; baseline 0.008 -38"><span class='ocrx_word' id='word_1_234' title='bbox 534 3791 623 3894; x_wconf 91' lang='lat' dir='ltr'>quia</span> <span class='ocrx_word' id='word_1_235' title='bbox 646 3793 798 3868; x_wconf 88' lang='lat' dir='ltr'>recessit</span> <span class='ocrx_word' id='word_1_236' title='bbox 829 3795 901 3870; x_wconf 91' lang='lat' dir='ltr'>cito</span> <span class='ocrx_word' id='word_1_237' title='bbox 929 3796 1093 3900; x_wconf 81' lang='lat' dir='ltr'>cogitans</span> <span class='ocrx_word' id='word_1_238' title='bbox 1117 3797 1223 3901; x_wconf 94' lang='lat' dir='ltr'>quod</span> <span class='ocrx_word' id='word_1_239' title='bbox 1251 3795 1315 3871; x_wconf 89' lang='lat' dir='ltr'>illa</span> <span class='ocrx_word' id='word_1_240' title='bbox 1344 3795 1480 3872; x_wconf 82' lang='lat' dir='ltr'>fierent</span> <span class='ocrx_word' id='word_1_241' title='bbox 1509 3796 1563 3871; x_wconf 89' lang='lat' dir='ltr'>eis</span> <span class='ocrx_word' id='word_1_242' title='bbox 1586 3823 1660 3902; x_wconf 91' lang='lat' dir='ltr'>que</span> <span class='ocrx_word' id='word_1_243' title='bbox 1682 3793 1833 3871; x_wconf 82' lang='lat' dir='ltr'>fuerant</span> <span class='ocrx_word' id='word_1_244' title='bbox 1857 3795 1951 3874; x_wconf 82' lang='lat' dir='ltr'>facta</span> 
     </span>
     <span class='ocr_line' id='line_1_27' title="bbox 533 3919 1947 4033; baseline 0.004 -38"><span class='ocrx_word' id='word_1_245' title='bbox 533 3919 622 4006; x_wconf 90' lang='lat' dir='ltr'>sibi,</span> <span class='ocrx_word' id='word_1_246' title='bbox 645 3923 733 4027; x_wconf 92' lang='lat' dir='ltr'>quia</span> <span class='ocrx_word' id='word_1_247' title='bbox 761 3924 838 4027; x_wconf 91' lang='lat' dir='ltr'>ipse</span> <span class='ocrx_word' id='word_1_248' title='bbox 864 3924 970 4001; x_wconf 90' lang='lat' dir='ltr'>testis</span> <span class='ocrx_word' id='word_1_249' title='bbox 993 3926 1147 4002; x_wconf 88' lang='lat' dir='ltr'>nolebat</span> <span class='ocrx_word' id='word_1_250' title='bbox 1164 3925 1308 4012; x_wconf 89' lang='lat' dir='ltr'>videre,</span> <span class='ocrx_word' id='word_1_251' title='bbox 1331 3941 1374 4001; x_wconf 95' lang='lat' dir='ltr'>ut</span> <span class='ocrx_word' id='word_1_252' title='bbox 1394 3925 1505 4015; x_wconf 82' lang='lat' dir='ltr'>dixit,</span> <span class='ocrx_word' id='word_1_253' title='bbox 1536 3926 1656 4003; x_wconf 88' lang='lat' dir='ltr'>credit</span> <span class='ocrx_word' id='word_1_254' title='bbox 1679 3941 1829 4002; x_wconf 89' lang='lat' dir='ltr'>tantum</span> <span class='ocrx_word' id='word_1_255' title='bbox 1847 3927 1947 4033; x_wconf 90' lang='lat' dir='ltr'>quod</span> 
     </span>
     <span class='ocr_line' id='line_1_28' title="bbox 533 4056 1303 4159; baseline 0.009 -34"><span class='ocrx_word' id='word_1_256' title='bbox 533 4064 617 4152; x_wconf 86' lang='lat' dir='ltr'>pos&#39;t</span> <span class='ocrx_word' id='word_1_257' title='bbox 635 4081 823 4130; x_wconf 89' lang='lat' dir='ltr'>recessum</span> <span class='ocrx_word' id='word_1_258' title='bbox 843 4084 956 4131; x_wconf 89' lang='lat' dir='ltr'>suum</span> <span class='ocrx_word' id='word_1_259' title='bbox 974 4056 1141 4159; x_wconf 87' lang='lat' dir='ltr'>predicta</span> <span class='ocrx_word' id='word_1_260' title='bbox 1159 4056 1303 4132; x_wconf 90' lang='lat' dir='ltr'>lierent.</span> 
     </span>
    </p>

    <p class='ocr_par' dir='ltr' id='par_1_5' title="bbox 588 4181 1945 4289">
     <span class='ocr_line' id='line_1_29' title="bbox 588 4181 1945 4289; baseline 0.005 -34"><span class='ocrx_word' id='word_1_261' title='bbox 588 4181 704 4269; x_wconf 90' lang='lat' dir='ltr'>Item,</span> <span class='ocrx_word' id='word_1_262' title='bbox 727 4184 820 4260; x_wconf 87' lang='lat' dir='ltr'>dixit</span> <span class='ocrx_word' id='word_1_263' title='bbox 839 4214 877 4261; x_wconf 90' lang='lat' dir='ltr'>se</span> <span class='ocrx_word' id='word_1_264' title='bbox 898 4186 1080 4289; x_wconf 91' lang='lat' dir='ltr'>recepisse</span> <span class='ocrx_word' id='word_1_265' title='bbox 1108 4186 1239 4262; x_wconf 87' lang='lat' dir='ltr'>lratres</span> <span class='ocrx_word' id='word_1_266' title='bbox 1260 4189 1298 4262; x_wconf 87' lang='lat' dir='ltr'>P.</span> <span class='ocrx_word' id='word_1_267' title='bbox 1322 4187 1368 4262; x_wconf 91' lang='lat' dir='ltr'>de</span> <span class='ocrx_word' id='word_1_268' title='bbox 1389 4186 1626 4265; x_wconf 89' lang='lat' dir='ltr'>Claramonte</span> <span class='ocrx_word' id='word_1_269' title='bbox 1647 4205 1686 4264; x_wconf 88' lang='lat' dir='ltr'>et</span> <span class='ocrx_word' id='word_1_270' title='bbox 1700 4187 1885 4264; x_wconf 88' lang='lat' dir='ltr'>Jacobum</span> <span class='ocrx_word' id='word_1_271' title='bbox 1902 4188 1945 4265; x_wconf 92' lang='lat' dir='ltr'>de</span> 
     </span>
    </p>
   </div>
   <div class='ocr_carea' id='block_1_3' title="bbox 463 4310 1945 4936">
    <p class='ocr_par' dir='ltr' id='par_1_6' title="bbox 463 4310 1945 4936">
     <span class='ocr_line' id='line_1_30' title="bbox 531 4310 1945 4423; baseline 0.004 -34"><span class='ocrx_word' id='word_1_272' title='bbox 531 4310 599 4389; x_wconf 89' lang='lat' dir='ltr'>Via</span> <span class='ocrx_word' id='word_1_273' title='bbox 614 4312 751 4390; x_wconf 90' lang='lat' dir='ltr'>Parisia</span> <span class='ocrx_word' id='word_1_274' title='bbox 773 4316 1014 4392; x_wconf 88' lang='lat' dir='ltr'>inservientes</span> <span class='ocrx_word' id='word_1_275' title='bbox 1036 4316 1153 4421; x_wconf 88' lang='lat' dir='ltr'>ipsius</span> <span class='ocrx_word' id='word_1_276' title='bbox 1175 4315 1335 4402; x_wconf 87' lang='lat' dir='ltr'>ordinis,</span> <span class='ocrx_word' id='word_1_277' title='bbox 1358 4317 1396 4391; x_wconf 94' lang='lat' dir='ltr'>in</span> <span class='ocrx_word' id='word_1_278' title='bbox 1416 4319 1556 4423; x_wconf 88' lang='lat' dir='ltr'>capella</span> <span class='ocrx_word' id='word_1_279' title='bbox 1577 4320 1713 4395; x_wconf 89' lang='lat' dir='ltr'>domus</span> <span class='ocrx_word' id='word_1_280' title='bbox 1731 4318 1884 4423; x_wconf 88' lang='lat' dir='ltr'>Templi</span> <span class='ocrx_word' id='word_1_281' title='bbox 1902 4317 1945 4394; x_wconf 87' lang='lat' dir='ltr'>de</span> 
     </span>
     <span class='ocr_line' id='line_1_31' title="bbox 463 4439 1943 4553; baseline 0.005 -38"><span class='ocrx_word' id='word_1_282' title='bbox 463 4522 467 4529; x_wconf 55' lang='grc'>,</span> <span class='ocrx_word' id='word_1_283' title='bbox 531 4439 671 4546; x_wconf 90' lang='lat' dir='ltr'>Campo</span> <span class='ocrx_word' id='word_1_284' title='bbox 695 4443 828 4519; x_wconf 90' lang='lat' dir='ltr'>Bubali</span> <span class='ocrx_word' id='word_1_285' title='bbox 854 4445 1082 4521; x_wconf 88' lang='lat' dir='ltr'>Senonensis</span> <span class='ocrx_word' id='word_1_286' title='bbox 1106 4445 1283 4531; x_wconf 85' lang='lat' dir='ltr'>diocesis,</span> <span class='ocrx_word' id='word_1_287' title='bbox 1314 4462 1351 4521; x_wconf 92' lang='lat' dir='ltr'>et</span> <span class='ocrx_word' id='word_1_288' title='bbox 1378 4447 1521 4522; x_wconf 88' lang='lat' dir='ltr'>dictum</span> <span class='ocrx_word' id='word_1_289' title='bbox 1543 4446 1696 4524; x_wconf 84' lang='lat' dir='ltr'>fratrem</span> <span class='ocrx_word' id='word_1_290' title='bbox 1721 4448 1759 4522; x_wconf 93' lang='grc' dir='ltr'>Ρ.</span> <span class='ocrx_word' id='word_1_291' title='bbox 1785 4447 1943 4553; x_wconf 89' lang='lat' dir='ltr'>recepit,</span> 
     </span>
     <span class='ocr_line' id='line_1_32' title="bbox 529 4568 1933 4680; baseline 0.006 -37"><span class='ocrx_word' id='word_1_292' title='bbox 529 4568 626 4645; x_wconf 92' lang='lat' dir='ltr'>bene</span> <span class='ocrx_word' id='word_1_293' title='bbox 656 4590 745 4647; x_wconf 90' lang='lat' dir='ltr'>sunt</span> <span class='ocrx_word' id='word_1_294' title='bbox 775 4591 858 4650; x_wconf 93' lang='lat' dir='ltr'>octo</span> <span class='ocrx_word' id='word_1_295' title='bbox 884 4575 990 4665; x_wconf 89' lang='lat' dir='ltr'>anni,</span> <span class='ocrx_word' id='word_1_296' title='bbox 1018 4575 1257 4680; x_wconf 89' lang='lat' dir='ltr'>presentibus</span> <span class='ocrx_word' id='word_1_297' title='bbox 1285 4575 1463 4653; x_wconf 79' lang='lat' dir='ltr'>[ratribus</span> <span class='ocrx_word' id='word_1_298' title='bbox 1491 4577 1697 4654; x_wconf 91' lang='lat' dir='ltr'>Guillelmo</span> <span class='ocrx_word' id='word_1_299' title='bbox 1725 4576 1760 4652; x_wconf 94' lang='lat' dir='ltr'>le</span> <span class='ocrx_word' id='word_1_300' title='bbox 1787 4579 1933 4654; x_wconf 88' lang='lat' dir='ltr'>Parrier</span> 
     </span>
     <span class='ocr_line' id='line_1_33' title="bbox 530 4696 1940 4812; baseline 0.008 -42"><span class='ocrx_word' id='word_1_301' title='bbox 530 4696 689 4775; x_wconf 86' lang='lat' dir='ltr'>Henrico</span> <span class='ocrx_word' id='word_1_302' title='bbox 710 4699 809 4775; x_wconf 90' lang='lat' dir='ltr'>dicto</span> <span class='ocrx_word' id='word_1_303' title='bbox 829 4703 957 4779; x_wconf 91' lang='lat' dir='ltr'>Bolart</span> <span class='ocrx_word' id='word_1_304' title='bbox 975 4706 1236 4798; x_wconf 88' lang='lat' dir='ltr'>servientibus,</span> <span class='ocrx_word' id='word_1_305' title='bbox 1258 4723 1297 4782; x_wconf 88' lang='lat' dir='ltr'>et</span> <span class='ocrx_word' id='word_1_306' title='bbox 1318 4705 1487 4783; x_wconf 87' lang='lat' dir='ltr'>Johanne</span> <span class='ocrx_word' id='word_1_307' title='bbox 1509 4707 1609 4783; x_wconf 91' lang='lat' dir='ltr'>dicto</span> <span class='ocrx_word' id='word_1_308' title='bbox 1628 4710 1787 4812; x_wconf 84' lang='lat' dir='ltr'>Peynet,</span> <span class='ocrx_word' id='word_1_309' title='bbox 1810 4725 1846 4784; x_wconf 90' lang='lat' dir='ltr'>et</span> <span class='ocrx_word' id='word_1_310' title='bbox 1866 4707 1940 4782; x_wconf 91' lang='lat' dir='ltr'>Hu-</span> 
     </span>
     <span class='ocr_line' id='line_1_34' title="bbox 527 4828 1940 4936; baseline 0.006 -34"><span class='ocrx_word' id='word_1_311' title='bbox 527 4854 623 4930; x_wconf 82' lang='lat' dir='ltr'>gone</span> <span class='ocrx_word' id='word_1_312' title='bbox 648 4828 746 4905; x_wconf 87' lang='lat' dir='ltr'>dicto</span> <span class='ocrx_word' id='word_1_313' title='bbox 771 4831 890 4907; x_wconf 88' lang='lat' dir='ltr'>David</span> <span class='ocrx_word' id='word_1_314' title='bbox 914 4834 1139 4936; x_wconf 88' lang='lat' dir='ltr'>presbiteris.</span> <span class='ocrx_word' id='word_1_315' title='bbox 1161 4835 1349 4914; x_wconf 86' lang='lat' dir='ltr'>Prelatum</span> <span class='ocrx_word' id='word_1_316' title='bbox 1368 4866 1455 4916; x_wconf 89' lang='lat' dir='ltr'>vero</span> <span class='ocrx_word' id='word_1_317' title='bbox 1474 4835 1629 4916; x_wconf 85' lang='lat' dir='ltr'>fratrem</span> <span class='ocrx_word' id='word_1_318' title='bbox 1650 4838 1832 4915; x_wconf 86' lang='lat' dir='ltr'>Jacobum</span> <span class='ocrx_word' id='word_1_319' title='bbox 1850 4835 1940 4913; x_wconf 89' lang='lat' dir='ltr'>dixit</span> 
     </span>
    </p>
   </div>
   <div class='ocr_carea' id='block_1_4' title="bbox 0 0 2044 6052">
    <p class='ocr_par' dir='ltr' id='par_1_7' title="bbox 0 0 2044 6052">
     <span class='ocr_line' id='line_1_35' title="bbox 0 0 2044 6052; baseline 0 1"><span class='ocrx_word' id='word_1_320' title='bbox 0 0 2044 6052; x_wconf 95' lang='lat' dir='ltr'> </span> 
     </span>
    </p>
   </div>
  </div>
 </body>
</html>
