4080 6052
335 539 407 611 aaa
718 517 915 611 mouns
941 537 1035 610 uns
1061 534 1361 611 ratramnus.

333 679 476 757 cerem
496 677 652 783 negocio
671 675 742 753 tuo
764 679 1066 783 totam,plena1·n
1087 694 1125 752 et
1144 704 1287 752 meram
1305 676 1517 764 veritatem,
1540 679 1754 755 secundum

334 811 492 886 formam
508 808 711 914 juramenti
733 809 894 886 aliorum
910 809 1065 884 testium
1086 809 1526 914 superiusregistratam,
1548 808 1604 883 eia
1629 809 1756 918 vulga·

331 943 483 1017 rizatam
504 957 541 1016 et
564 940 777 1045 expositam.

393 1207 525 1279 Frater·
541 1202 729 1279 lohannes
754 1202 800 1278 de
825 1201 1065 1278 Pollencourt
1087 1202 1293 1308 predictus,
1320 1205 1480 1280 existens
1502 1205 1541 1280 in
1563 1203 1754 1309 presencia

337 1335 524 1410 dictorum
553 1333 795 1410 dominorum
835 1332 1192 1425 commissariorum,
1227 1361 1302 1410 non
1331 1333 1505 1410 deferens
1532 1332 1753 1408 mantellum

338 1464 483 1542 ordinis
498 1464 587 1570 quia
604 1481 848 1569 consumptus
864 1462 1002 1554 luerat,
1016 1464 1112 1541 sicut
1126 1465 1235 1551 dixit,
1251 1482 1288 1542 et
1303 1464 1459 1541 barbam
1477 1463 1622 1542 habens
1635 1491 1755 1540 rasam

279 1583 285 1593 ’
339 1596 443 1700 quia,
470 1594 566 1670 sicut
594 1593 701 1682 dixit,
733 1593 847 1701 aliqui
873 1593 1004 1699 prelati
1031 1611 1069 1671 et
1098 1597 1313 1701 prepositus-
1336 1595 1559 1671 Pictavensis
1585 1594 1754 1670 dixerant

339 1725 410 1801 sibi
431 1741 469 1801 et
485 1724 566 1801 aliis
582 1721 758 1800 fratribus
774 1723 879 1830 quod
893 1742 1065 1830 poterant
1079 1726 1150 1803 sibi
1166 1727 1298 1803 radere
1315 1725 1617 1813 eam,·etatisrxx
1630 1750 1754 1799 anno-

338 1884 425 1930 rum
445 1871 485 1931 et
502 1854 617 1939 ultra,
640 1855 705 1961 qui
727 1855 873 1933 dicebat
891 1882 931 1931 se
951 1856 1067 1933 luisse
1087 1857 1176 1933 alias
1198 1858 1449 1934 examinatum
1468 1883 1537 1961 per
1554 1855 1754 1930 dominum

341 1989 557 2094 episcopum
578 1984 868 2063 Ambianensem
888 1987 954 2091 qui
966 2012 1076 2063 'nunc
1095 2004 1168 2075 est,
1195 2003 1234 2063 et
1254 1987 1469 2064 absolutum
1487 2003 1525 2062 et
1542 1983 1757 2060 reconcilia-

341 2134 430 2192 tum.
440 2144 509 2222 per
528 2144 633 2204 eum,
653 2115 758 2192 lectis
778 2132 816 2192 et
832 2115 1041 2223 'diligenter
1060 2118 1236 2222 expositis
1258 2117 1326 2194 sibi
1349 2114 1527 2193 omnibus
1546 2131 1586 2190 et
1605 2113 1757 2221 singulis

342 2247 522 2337 articulis,
534 2246 729 2352 respondit
742 2246 790 2322 ad
805 2274 880 2336 eos,
895 2264 933 2324 et
943 2247 1067 2353 primo
1080 2249 1128 2324 ad
1142 2249 1285 2354 primos
1301 2263 1392 2340 11110',
1405 2262 1449 2322 ut
1463 2245 1647 2351 sequitur,
1656 2245 1758 2321 ride·

343 2379 430 2454 licet
457 2377 561 2485 quod
584 2405 780 2483 nunquam
804 2359 1034 2453 interiuisset
1052 2378 1260 2482 recepcioni
1283 2376 1440 2483 alicujus
1464 2373 1757 2452 alteriusfmtris

343 2510 412 2587 nisi
436 2510 566 2599 unius,
593 2507 733 2585 scilicet
755 2507 917 2614 Philippi
939 2508 985 2583 de
1012 2508 1158 2597 Menin,
1184 2509 1323 2614 recepti
1347 2538 1366 2584 a
1391 2507 1503 2583 fratre
1523 2507 1695 2583 lohanne
1714 2505 1757 2582 de

344 2643 509 2746 Semeyo
525 2638 718 2745 quondam
733 2638 832 2742 apud
853 2636 1075 2742 Oysemont,
1094 2654 1132 2714 et
1150 2639 1259 2743 cujus
1278 2637 1455 2712 mandato
1476 2637 1606 2714 indicti
1624 2635 1673 2745 [i]
1692 2664 1759 2742 per

344 2773 459 2847 alium
480 2769 620 2845 scilicet
642 2767 795 2843 fratrem
814 2767 1008 2845 Nicolaum
1027 2770 1074 2845 de
1090 2768 1211 2854 Cella,
1234 2770 1272 2843 in
1293 2768 1399 2874 cujus
1418 2767 1633 2874 recepcione
1654 2767 1757 2843 nulla

344 2904 540 2978 inhonesta
554 2898 647 2974 facta
665 2896 819 2973 fuerunt
832 2897 891 2973 vel
911 2898 1093 3004 injuncta,
1105 2926 1174 2974 nec
1186 2898 1406 2974 interfuerat
1423 2897 1590 3005 capitulis
1607 2926 1755 2985 eorum,

345 3030 446 3107 unde
467 3027 657 3105 nesciebat
675 3028 705 3103 si
724 3054 810 3104 vera
827 3046 932 3106 erant
951 3031 1182 3107 contenta-in
1191 3030 1361 3107 articulis
1379 3029 1573 3135 predictis,
1594 3058 1663 3105 nec
1682 3057 1759 3104 cre—

347 3160 474 3249 debat,
497 3159 583 3265 quia
608 3187 685 3236 non
705 3160 857 3237 viderat.
876 3157 1091 3266 Requisitus
1111 3161 1272 3268 qualiter
1291 3161 1370 3266 ipse
1391 3159 1514 3237 luerat
1532 3178 1706 3266 receptus
1725 3162 1758 3236 in

347 3291 495 3377 ordine,
509 3290 574 3366 ubi
592 3307 628 3366 et
639 3290 803 3396 quando,
817 3306 854 3364 et
868 3291 897 3364 si
915 3289 1090 3367 credebat
1104 3293 1208 3397 quod
1226 3290 1285 3365 alii
1303 3293 1560 3395 reciperentur
1574 3293 1669 3368 sicut
1685 3293 1760 3396 ipsc

346 3423 415 3497 fuit
434 3440 624 3528 receptus,
646 3421 842 3526 respoudit
857 3447 895 3497 se
917 3421 1069 3496 credere
1089 3422 1194 3526 quod
1214 3421 1275 3497 alii
1292 3424 1549 3527 reciperentur
1565 3423 1657 3497 sicut
1681 3423 1758 3525 ipsc

345 3553 416 3628 suit
435 3570 606 3659 receptus
622 3584 630 3627 :
649 3554 727 3658 ipse
750 3569 877 3627 autem
900 3550 1022 3626 fuerat
1043 3571 1214 3656 receptus
1232 3554 1270 3626 in
1291 3553 1393 3627 hunc
1418 3554 1573 3629 modum
1597 3580 1664 3657 per
1687 3551 1761 3626 lra—

346 3701 441 3758 trem
456 3684 640 3761 Garinum
660 3684 706 3758 de
723 3681 863 3759 Grandi
874 3681 1016 3759 Villarii
1028 3683 1220 3788 quondam
1238 3701 1513 3788 preceptorem,
1526 3700 1615 3758 tunc
1627 3679 1760 3757 ballivo

346 3814 392 3890 de
414 3814 568 3890 Pontivo
597 3813 753 3889 diocesis
773 3811 1048 3900 Ambianensis,
1071 3814 1109 3888 in
1136 3814 1220 3889 aula
1248 3816 1383 3889 domus
1405 3813 1553 3918 Templi
1580 3829 1707 3887 vocata
1732 3811 1761 3887 la

346 3944 522 4020 Ronsiera
543 3944 713 4049 ejusdem
725 3943 897 4030 diocesis,
919 3960 1002 4018 ante
1019 3944 1188 4035 missam,
1207 3946 1244 4019 in
1261 3946 1321 4020 die
1337 3944 1581 4020 Brandonum
1601 3943 1761 4048 proxima

348 4091 459 4149 erunt
478 4101 500 4150 x
520 4074 622 4161 anni,
646 4074 702 4149 vel
730 4074 844 4164 circa,
866 4072 1104 4178 presentibus
1129 4073 1305 4151 fratribus
1328 4074 1461 4181 Egidio
1490 4073 1536 4148 de
1564 4072 1762 4177 Rontangis

349 4204 570 4308 presbitero,
594 4206 702 4309 Hugo
723 4205 770 4279 de
792 4203 1014 4294 Gamaches‚
1037 4204 1200 4281 Roberto
1221 4204 1267 4279 de
1287 4204 1409 4312 Goylri
1429 4202 1694 4294 servientibus,
1712 4202 1764 4276 ad·

348 4336 422 4410 huc
442 4334 669 4424 viventibus,
692 4351 735 4409 ut
754 4334 884 4410 credit.
906 4335 1004 4411 Cum
1025 4351 1151 4409 autem
1169 4333 1342 4438 peciiss'et
1362 4362 1497 4439 panem
1517 4351 1555 4408 et
1575 4361 1712 4439 aquam
1732 4349 1764 4406 et

348 4465 563 4540 societatem
587 4464 743 4540 fratrum
775 4463 938 4553 ordinis,
967 4463 1101 4541 habuit
1121 4463 1319 4540 consilium
1348 4465 1449 4540 idem
1482 4481 1653 4568 receptor
1683 4490 1764 4538 cum

350 4596 458 4671 dictis
472 4597 689 4684 astantibus,
707 4613 745 4671 et
758 4612 817 4672 ter
832 4595 923 4672 dixit
938 4595 970 4670 ei
988 4595 1093 4701 quod
1108 4594 1333 4672 deliberaret
1348 4595 1461 4684 bene,
1475 4596 1563 4700 quia
1579 4606 1766 4699 oporteret

352 4751 438 4796 eum
460 4751 539 4799 esse
560 4752 706 4800 servum
732 4725 916 4802 esclavum
942 4727 1085 4802 ordinis
1110 4744 1147 4802 et
1172 4727 1360 4803 dimittere
1385 4727 1574 4831 propriam
1599 4724 1766 4801 volunta-

350 4868 428 4926 tem
441 4869 479 4929 et
494 4852 548 4928 ire
564 4853 662 4929 ultra
677 4883 794 4945 mare,
815 4873 852 4931 et
862 4854 979 4932 multa
990 4857 1212 4946 consimilia3
1229 4874 1367 4933 etcum
1383 4856 1653 4963 respondiisset
1665 4851 1768 4960 quod
