4080 6052
663 560 666 564 ·
694 527 887 623 raonns
915 546 1010 619 nas
1035 546 1334 623 rnurmnrs.
1644 557 1717 630 sss

307 685 460 765 eeclesia
474 687 717 780 matutinum,
730 688 909 793 primam,
925 686 1096 780 terciam,
1110 688 1309 767 meridiem
1323 705 1361 767 et
1371 688 1540 783 missam3
1556 711 1719 797 postmo-

307 817 400 894 dum
416 818 463 894 ad
480 816 734 922 pulsacionem
748 846 924 924 campane
946 815 1135 894 debebant
1146 819 1341 897 convenire
1359 818 1407 895 ad
1426 846 1594 898 mensem
1610 839 1649 899 et
1659 852 1721 902 co-

306 947 545 1039 mestionem,
558 948 627 1025 etsi
643 949 684 1025 in
703 948 818 1027 domo
834 966 914 1027 erat
932 947 1046 1026 frater
1063 949 1247 1054 presbiter
1261 968 1461 1056 antequam
1482 951 1658 1031 sederent
1681 956 1719 1032 in

305 1104 444 1167 mensa,
457 1077 749 1182 debebanteum
762 1096 972 1185 exspectare
988 1106 1057 1186 pro
1067 1077 1330 1157 benedictione
1346 1080 1385 1156 in
1400 1107 1529 1156 mensa
1538 1081 1718 1176 facienda,

307 1225 344 1287 et
367 1206 529 1315 quilibet
554 1205 711 1283 fratrum
737 1208 859 1286 dicere
884 1209 1017 1287 saltem
1043 1209 1161 1286 semel
1186 1210 1299 1287 Pater
1319 1212 1463 1301 Noster;
1492 1227 1576 1287 ante
1603 1213 1719 1289 eciam

306 1365 420 1442 quam
439 1339 624 1430 sederent,
641 1337 831 1415 debebant
847 1339 974 1417 videre
994 1338 1025 1415 si
1044 1339 1083 1414 in
1103 1367 1232 1415 mensa
1251 1357 1329 1417 erat
1348 1341 1452 1445 panis
1462 1356 1500 1416 et
1508 1341 1578 1431 sal,
1590 1342 1720 1420 vinum

306 1484 345 1544 et
354 1497 466 1574 aque,
477 1467 544 1544 ubi
560 1495 635 1544 non
645 1467 835 1545 habebant
848 1469 994 1559 vinum,
1010 1469 1098 1544 etin
1112 1496 1240 1545 mensa
1253 1469 1441 1556 debebant
1453 1499 1587 1576 parum
1597 1472 1717 1581 loqui;

304 1595 504 1675 retectione
520 1615 684 1704 sumpta,
701 1596 889 1674 dehebant
905 1596 1029 1674 redire
1049 1596 1097 1673 ad
1117 1597 1325 1690 ecclesiam,
1343 1599 1373 1675 si
1393 1599 1604 1705 propinqua
1624 1620 1717 1692 erat,

303 1755 371 1834 pro
384 1726 592 1805 referendis
603 1727 746 1834 graciis,
760 1743 797 1803 et
809 1726 996 1832 presbiter
1007 1726 1191 1803 reddebat
1204 1728 1343 1832 gracias
1353 1728 1514 1805 dicendo
1529 1731 1720 1810 oraciones

305 1875 343 1934 et
357 1859 532 1935 Miserere
552 1865 631 1944 mei,
644 1873 682 1933 et
696 1854 828 1933 fratres
845 1855 1019 1932 dicebant
1042 1854 1158 1932 semel
1172 1856 1285 1934 Peter
1299 1856 1443 1946 Noster,·
1460 1873 1498 1932 et
1517 1858 1548 1934 si
1568 1860 1721 1939 ecclesia

307 1988 436 2064 deerat
457 1986 516 2063 vel
537 2004 616 2064 erat
634 2003 794 2076 remota,
815 1984 889 2061 hoo
907 1983 1090 2060 iaciebant
1115 1985 1154 2060 in
1176 1983 1373 2062 refectorio
1397 1986 1455 2062 vel
1480 1986 1520 2063 in
1546 1988 1660 2066 domo
1679 1992 1718 2067 in

305 2144 380 2221 qua
395 2133 512 2206 erant,
527 2116 660 2192 stando
676 2131 714 2191 et
733 2142 810 2191 non
830 2113 1010 2191 sedendo.
1021 2114 1268 2191 Postmodum
1285 2114 1332 2190 ad
1352 2115 1607 2221 pulsacionem
1620 2147 1718 2197 noue

305 2244 496 2323 debebant
514 2245 693 2321 reintrare
713 2242 922 2332 ecclesiam,
941 2258 978 2317 et
996 2269 1065 2346 pro
1085 2241 1217 2318 eadem
1234 2243 1357 2319 dicere
1377 2271 1436 2323 x1v
1456 2246 1568 2323 Peter
1579 2248 1716 2336 Noster,

307 2376 397 2453 etin
417 2375 580 2480 vesperis
594 2400 698 2465 xv111;
719 2388 1003 2477 verumptamen
1025 2397 1102 2446 non
1122 2370 1347 2448 tenebantur
1365 2373 1414 2448 ad
1437 2372 1640 2450 dicendum
1664 2376 1720 2453 di-

306 2522 408 2583 ctum
425 2532 628 2582 numerum
647 2504 694 2580 de
709 2504 1037 2607 PaterNosterpro
1049 2500 1204 2606 singulis
1215 2502 1335 2591 boris,
1350 2501 1502 2607 quando
1519 2530 1580 2579 eas
1590 2505 1719 2582 audie-

256 2631 258 2635 ’
305 2635 397 2713 bant
415 2635 454 2711 in
475 2634 627 2710 ecclesia
639 2632 713 2709 dici
726 2632 783 2708 vel
796 2631 945 2720 cantari,
955 2629 1027 2706 nisi
1046 2628 1200 2717 vellent,
1219 2646 1257 2706 et
1271 2629 1310 2705 in
1321 2630 1503 2708 omnibus
1512 2631 1615 2710 horis
1624 2634 1721 2711 inco

306 2765 446 2843 habant
463 2764 585 2869 primo
606 2763 728 2841 dicere
742 2763 854 2841 Pater
868 2762 997 2840 Noster
1013 2786 1082 2866 pro
1094 2759 1199 2836 horis
1208 2759 1316 2836 beate
1331 2760 1466 2852 Maria
1482 2761 1603 2839 sedin
1625 2792 1721 2841 com·

306 2893 466 3001 pletorio
485 2893 660 2971 dicebant
676 2892 795 2970 dictos
813 2893 926 2969 Peter
942 2893 1072 2968 Noster
1088 2917 1156 2995 pro
1178 2889 1281 2967 horis
1300 2888 1408 2969 beate
1429 2891 1563 2980 Maris,
1581 2892 1717 2970 ultimo

308 3027 355 3103 ad
370 3023 672 3131 significandum,
686 3038 730 3099 ut
747 3021 839 3098 dixit
855 3021 908 3096 eis
926 3019 1048 3096 dictus
1062 3035 1243 3124 receptor,
1260 3020 1364 3125 quod
1378 3019 1472 3097 ordo
1488 3048 1622 3098 eorum
1641 3040 1719 3100 erat

309 3153 506 3229 inchoatus
532 3152 581 3229 ad
603 3152 786 3228 honorem
814 3151 922 3227 beate
946 3150 1063 3227 Marie
1090 3165 1128 3225 et
1156 3148 1203 3223 ad
1229 3148 1310 3254 ejus
1336 3149 1520 3227 bonorem
1546 3151 1720 3230 finiretur

308 3282 460 3389 quando
484 3282 565 3359 Deo
588 3280 762 3387 placeret.
778 3281 825 3356 Et
839 3279 938 3357 ultra
955 3260 1123 3384 predicta
1140 3277 1307 3383 precepit
1326 3278 1380 3355 eis
1405 3281 1510 3385 quod
1533 3280 1637 3356 omni
1657 3280 1718 3356 die

307 3428 393 3489 ante
413 3411 681 3488 comestionem
703 3409 869 3487 dicerent
886 3437 930 3487 nx
945 3411 1057 3488 Peter
1068 3410 1205 3496 Noster,
1225 3435 1297 3485 xxx
1315 3409 1454 3486 scilicet
1471 3436 1540 3514 pro
1560 3408 1661 3499 vivis,
1677 3425 1720 3485 ut

306 3541 411 3620 Deus
433 3569 497 3620 eos
516 3542 564 3618 ad
580 3542 725 3619 bonum
752 3539 869 3617 finem
890 3539 1115 3646 perduceret
1137 3553 1176 3613 et
1193 3556 1369 3628 servaret,
1393 3553 1432 3615 et
1457 3564 1528 3615 xxx
1546 3562 1615 3642 pro
1640 3536 1721 3614 del·

308 3669 461 3760 functis3
475 3671 584 3761 etita,
603 3687 647 3747 ut
661 3670 764 3760 dixit,
773 3644 1050 3775 precipiebatur
1065 3695 1110 3744 ex
1119 3667 1282 3772 generali
1295 3683 1470 3773 precepto
1486 3668 1629 3755 ordinis
1639 3666 1721 3744 aliis

309 3799 486 3877 fratribus
505 3799 656 3903 quando
678 3797 965 3903 recipiebantur.
978 3798 1089 3882 Item,
1107 3795 1199 3871 dixit
1218 3795 1271 3871 eis
1289 3795 1411 3874 dictus
1424 3813 1595 3902 receptor
1603 3797 1720 3901 quod,

310 3931 350 4007 in
365 3955 455 4006 cena
469 3926 791 4034 quam‘debebant
806 3954 955 4004 sumere
973 3943 1058 4002 ante
1077 3925 1381 4031 completorium,
1397 3926 1586 4004 debebant
1597 3926 1661 4003 illa
1674 3926 1723 4004 sa-

310 4087 393 4137 cere
423 4085 497 4164 que
523 4054 734 4162 supradicta
758 4072 846 4132 sunt
866 4055 912 4131 de
932 4053 1089 4161 prandio
1114 4070 1159 4134 et.
1177 4070 1262 4159 post
1280 4054 1567 4160 completorium
1589 4084 1724 4161 parum

310 4189 435 4296 loqui,
462 4204 500 4265 et
522 4186 626 4293 quod
646 4187 837 4263 visitarent
855 4213 973 4293 equos
990 4213 1096 4274 suos,
1126 4201 1165 4260 et
1187 4186 1340 4291 quando
1365 4202 1489 4262 essent
1513 4187 1553 4262 in
1574 4186 1725 4292 expedi·

311 4320 417 4397 cioue
440 4344 641 4416 armorum,
662 4316 833 4393 viderent
855 4316 998 4392 amesia
1021 4343 1105 4408 sua,
1132 4331 1170 4391 et
1192 4314 1435 4419 postmodum
1462 4314 1643 4393 intrarent
1669 4315 1725 4392 le-

312 4467 389 4527 ctos
405 4475 494 4526 suos
514 4464 551 4524 et
565 4446 733 4553 jacerent
752 4473 839 4520 cum
855 4445 989 4551 pannis
1009 4463 1047 4522 et
1066 4441 1190 4548 caligis
1208 4443 1335 4533 lineis;
1357 4460 1396 4520 et
1413 4444 1519 4549 quod
1536 4443 1727 4551 cingerent

311 4607 352 4657 se
377 4577 566 4683 aliquibus
590 4574 765 4666 cordulis,
788 4575 997 4682 insignum
1016 4573 1122 4680 quod
1143 4587 1239 4651 caste
1259 4573 1380 4652 vivere
1401 4571 1590 4652 debebant
1610 4591 1645 4650 et
1667 4602 1727 4651 re-

259 4774 264 4785 .
310 4708 495 4816 stringere
515 4733 643 4784 carnes
662 4733 763 4796 suas3
787 4720 826 4782 et
846 4706 952 4812 quod
974 4718 1147 4783 tenerent
1165 4703 1296 4781 lumen
1317 4703 1364 4780 de
1388 4720 1500 4781 nocte·
1518 4703 1558 4779 in
1584 4702 1668 4781 loco
1688 4703 1728 4780 in

313 4867 390 4946 quo
406 4838 589 4946 jacerent,
613 4864 660 4917 ue
681 4835 800 4913 hostis
824 4834 998 4918 inimicus
1017 4836 1123 4913 daret
1143 4835 1198 4912 eis
1221 4833 1453 4913 occasionem
1465 4831 1727 4940 delinquendi,

399 4957 508 5036 esocis
530 4993 582 5036 ors
602 4992 822 5040 rursum-
834 4993 855 5036 ι.
1583 4972 1624 5052 [19
