4080 6052
509 547 578 619 152
890 519 1084 612 moces
1109 536 1203 609 nes
1229 532 1533 606 rnurmms.

503 703 619 771 ctum,
642 697 756 787 prout
774 680 933 757 traditus
952 677 1024 755 fuit
1043 676 1097 753 eis
1117 692 1155 752 et
1172 702 1242 780 per
1259 671 1390 751 sedem
1409 669 1649 786 apostolicam
1668 665 1924 748 confirmatus.
1957 754 1960 760 ,

558 814 669 901 Item,
690 810 822 888 eadem
850 811 911 887 die
929 808 1027 886 lovis
1048 805 1268 883 accessimus
1288 804 1337 880 ad
1356 802 1514 911 domum
1533 798 1671 877 Nicolai
1686 798 1865 878 Hondree
1885 802 1925 879 in

502 944 582 1020 vico
604 940 885 1019 Predicatorum
901 939 1079 1025 Parisius,
1106 935 1173 1015 ubi
1194 933 1494 1012 detinebanturx
1514 928 1735 1036 Templarii,
1752 929 1926 1009 videlicet

502 1072 632 1150 fratres
641 1073 829 1150 lohannes
844 1071 891 1147 de
910 1072 1009 1147 Nans
1023 1068 1063 1143 in
1075 1066 1180 1146 Valle
1198 1066 1404 1173 presbyter,
1420 1062 1649 1142 Guillelmus
1666 1060 1713 1136 de
1731 1059 1924 1168 Maynillio

502 1202 642 1280 Albrici
667 1200 876 1308 presbyter,
896 1200 1084 1277 Robertus
1103 1197 1138 1274 le
1158 1196 1304 1304 Brioys,
1332 1194 1451 1273 Adam
1470 1193 1518 1270 de
1538 1192 1707 1280 lnlerno,
1729 1191 1925 1300 Philippus

503 1330 550 1407 de
565 1330 600 1407 la
609 1331 803 1418 Vereines‚
819 1329 1007 1407 lohannes
1021 1326 1069 1405 de
1085 1326 1304 1415 Diuncuria,
1320 1324 1541 1403 Dominicus
1556 1325 1603 1401 de
1616 1324 1777 1416 Divone,
1794 1327 1925 1405 Johan·

501 1487 568 1536 nes
581 1462 611 1537 F
611 1478 670 1537 ort
690 1459 738 1536 de
750 1457 843 1550 Vin,
860 1458 1044 1534 Henricus
1062 1456 1110 1533 de
1126 1456 1311 1534 Favarolis
1331 1472 1369 1533 et
1384 1455 1674 1532 Bartholomeus
1694 1454 1745 1531 de
1756 1455 1921 1536 Volenis.

502 1588 578 1680 Qui
600 1587 816 1692 interrogati
833 1613 902 1691 per
915 1614 1009 1674 nos,
1031 1602 1074 1663 ut
1096 1585 1157 1662 alii
1182 1612 1315 1692 supra,
1338 1584 1616 1692 responderimt
1634 1583 1740 1690 quod
1763 1587 1921 1676 nolunt,

501 1743 571 1791 nec
590 1716 745 1805 debent,
765 1744 835 1793 nec
853 1731 1012 1821 possunt
1029 1713 1149 1792 lacere
1169 1743 1237 1793 seu
1259 1716 1484 1793 constituere
1503 1731 1763 1822 procuratores
1782 1715 1922 1825 absque

501 1842 654 1923 licencia
683 1846 886 1952 superioris
916 1847 992 1938 sui,
1026 1846 1198 1925 videlicet
1223 1846 1388 1954 Magistri
1421 1843 1573 1953 majoris
1602 1845 1919 1951 Templariorum,

501 1975 573 2054 sub
591 1977 698 2084 cujus
718 1976 937 2053 obediencia
951 1993 1057 2064 sunt,
1077 1976 1145 2053 sed
1157 1976 1187 2054 si
1201 2006 1288 2053 cum
1304 1977 1384 2083 ipso
1396 1975 1654 2083 loquerentur,
1672 1975 1923 2055 deliberarent

500 2132 614 2210 super
638 2106 943 2211 procuratoribus
973 2104 1166 2199 faciendis,
1198 2106 1414 2215 adjicientes
1442 2106 1546 2212 quod
1575 2107 1644 2183 ista
1673 2107 1839 2185 clausula
1868 2128 1923 2188 est

500 2233 701 2310 criminalis
725 2234 764 2310 in
788 2266 863 2343 qua
886 2237 1048 2342 quilibet
1074 2236 1188 2314 debet
1215 2266 1255 2315 se
1278 2266 1347 2344 per
1371 2266 1408 2315 se
1432 2236 1557 2344 ipsum
1585 2236 1804 2330 defendere,
1836 2268 1921 2316 cum

499 2363 569 2469 ipsi
587 2363 722 2444 fratres
736 2364 872 2445 faciant
890 2367 1131 2476 religionem,
1153 2369 1403 2478 dixeruntque
1423 2368 1527 2476 quod
1548 2397 1680 2447 eorum
1700 2368 1832 2475 religio
1851 2369 1922 2446 luit

497 2520 566 2598 per
581 2494 715 2572 sedem
742 2497 980 2603 apostolicam
1011 2497 1214 2605 approbata
1238 2517 1276 2576 et
1302 2501 1519 2575 confirmata
1543 2515 1734 2602 tamquam
1763 2498 1864 2575 bona
1886 2518 1923 2577 et

493 2623 610 2729 justa,
637 2643 676 2702 et
698 2645 812 2732 prout
831 2628 1034 2730 approbata
1057 2644 1095 2702 et
1114 2626 1330 2702 confirmata
1348 2654 1417 2730 per
1441 2624 1610 2701 eandem·
1626 2624 1755 2700 sedem
1783 2629 1920 2719 extitit,

499 2781 581 2828 eam
596 2769 825 2845 tenuerunt,
843 2770 1046 2843 ettonem,
1064 2769 1102 2829 et
1120 2769 1250 2830 tenere
1268 2753 1401 2831 volunt
1423 2782 1543 2860 usque
1565 2754 1614 2830 ad
1632 2770 1814 2843 mortem3
1832 2773 1870 2830 et
1889 2760 1920 2832 si

499 2881 633 2986 aliquis
649 2892 823 2988 appareat
840 2883 907 2988 qui
922 2881 1026 2959 vellit
1041 2880 1164 2959 dicere
1181 2883 1239 2960 vel
1258 2910 1469 2990 proponere
1482 2884 1587 2990 quod
1604 2883 1673 2989 ipsi
1694 2883 1753 2960 usi
1766 2882 1922 2964 fuerunt

498 3010 718 3088 criminibus
736 3012 836 3090 dicto
857 3013 1000 3090 ordinis
1015 3014 1220 3119 impositis,
1252 3014 1359 3121 quod
1377 3015 1494 3120 parati
1514 3031 1603 3091 sunt
1624 3043 1663 3091 se
1688 3031 1726 3090 et
1746 3015 1919 3093 ordinem

403 3183 404 3186 ¹
497 3141 707 3246 predictum
726 3171 886 3250 purgare
908 3171 1021 3249 super
1033 3143 1105 3220 hoc
1119 3162 1234 3250 prout
1244 3146 1307 3252 jus
1321 3163 1360 3223 et
1375 3147 1473 3224 racio
1496 3144 1731 3234 suadebunt,
1754 3146 1919 3225 dicentes

498 3271 615 3348 eciam
635 3273 739 3377 quod
758 3301 836 3350 non
852 3289 909 3350 est
922 3301 1031 3349 verus
1051 3275 1289 3381 Templarius
1303 3276 1369 3379 qui
1389 3276 1481 3352 dicit
1495 3276 1667 3352 ordinem
1682 3304 1859 3381 pravum,
1882 3295 1919 3354 et

496 3404 692 3507 pecierunt
705 3404 948 3482 ecclesiastica
967 3423 1217 3496 sacramenta,
1243 3423 1435 3511 tamquam
1449 3407 1540 3484 boni
1561 3405 1776 3483 Christiani.

552 3534 640 3612 Post
667 3532 754 3623 hec,
791 3533 924 3611 eadem
954 3534 1016 3611 die
1040 3534 1138 3612 lovis
1170 3535 1391 3613 accessimus
1421 3536 1469 3612 ad
1493 3536 1650 3612 domum
1676 3538 1854 3614 Johannis
1882 3539 1916 3615 le

495 3661 629 3754 Grant,
651 3664 760 3742 sitam
782 3664 945 3741 Parisius
969 3693 1086 3770 prope
1106 3684 1280 3770 ponctam
1299 3667 1415 3744 sancti
1434 3668 1671 3757 Heustachii,
1694 3668 1760 3746 ubi
1781 3670 1917 3746 detine-

496 3793 634 3871 bantur
650 3822 721 3872 xxx
734 3795 960 3901 Templarii,
991 3822 1035 3871 ex
1060 3795 1133 3873 hiis
1154 3797 1219 3903 qui
1237 3796 1386 3875 fuerant
1399 3798 1439 3874 in
1458 3798 1557 3875 dicto
1572 3799 1745 3876 viridario
1774 3800 1914 3876 domini
1947 3871 1952 3879 .

494 3926 656 4032 episcopi
681 3926 913 4016 Parisiensis,
939 3943 983 4002 ut
1006 3927 1262 4032 supradictum
1287 3946 1356 4016 est,
1383 3928 1555 4005 videlicet
1577 3928 1708 4007 fratres
1732 3932 1770 4006 P.
1796 3931 1913 4019 Bous,

493 4054 668 4134 Ansellus
696 4057 744 4134 de
768 4057 804 4133 la
828 4056 1033 4148 Rochiera,
1060 4057 1247 4134 Evrardus
1277 4059 1324 4134 de
1353 4049 1577 4148 Valdencia',
1603 4060 1642 4134 P.
1670 4058 1717 4133 de
1740 4056 1915 4161 Dampno

492 4184 671 4277 Martino,
692 4189 859 4267 Thomas
885 4188 932 4264 de
957 4188 1107 4274 Trecis‚
1129 4187 1354 4265 Lambertus
1379 4187 1427 4265 de
1452 4187 1604 4276 Gorzol,
1627 4185 1671 4263 G.
1694 4184 1741 4259 de
1762 4183 1911 4275 Conde,

491 4316 703 4422 Raynaldus
724 4318 770 4395 de
792 4317 1239 4406 Lendovilla,·Robertus
1259 4319 1307 4396 de
1328 4316 1582 4405 Morestoirol,
1603 4317 1726 4394 Droco
1747 4313 1793 4390 de
1815 4315 1914 4394 Cha-

491 4463 568 4534 rut,
591 4447 814 4524 Lambemus
833 4449 1041 4537 Daverons,
1064 4449 1252 4527 Robertus
1272 4451 1319 4527 de
1341 4449 1529 4556 Cornayo,
1551 4449 1591 4525 P.
1612 4446 1658 4523 de
1679 4445 1829 4538 Cables,
1853 4450 1915 4526 lo-

491 4575 634 4652 hannes
653 4575 794 4666 Pillon,
822 4578 862 4653 P.
885 4576 932 4653 de
957 4575 1137 4685 Herblay,
1159 4579 1347 4658 Robertus
1367 4579 1414 4655 de
1440 4579 1594 4684 Somay,
1616 4575 1846 4654 Guillelmus
1865 4579 1911 4654 de

489 4703 653 4792 Brimez,
675 4703 904 4782 Guillelmus
927 4705 1098 4796 Arneldi‚
1127 4708 1316 4788 lohannes
1341 4711 1388 4787 de
1413 4707 1651 4796 Amblevilla,
1677 4706 1839 4786 Michael
1864 4709 1910 4783 de

490 4832 596 4923 Flex,
623 4831 837 4911 Ganfredus
862 4833 909 4911 de
932 4834 968 4910 la
991 4838 1123 4927 Ferer,
1151 4838 1363 4944 Stephanus
1392 4839 1440 4917 de
1467 4839 1502 4918 la
1526 4840 1731 4945 Romagna‚
1758 4837 1912 4920 Orricus
