4080 6052
687 538 882 629 proces
909 557 1004 628 uns
1031 557 1333 653 retinemus.
1650 562 1719 637 irs
1829 569 1839 595 ⁴

306 701 393 776 dem
416 697 571 779 fratrum
595 715 868 804 proposuerant
890 714 928 773 et
959 698 997 773 in
1021 698 1166 804 scriptis
1189 698 1432 801 reddiderant
1451 697 1576 802 aliqua
1595 727 1718 777 coram

304 828 478 934 predictis
498 828 660 906 dominis
680 828 943 904 commissariis
960 857 1029 934 pro
1050 830 1139 935 ipsis
1153 828 1329 906 fratribus
1344 845 1382 904 et
1396 827 1444 903 ad
1464 827 1720 905 defensionem

305 958 446 1035 ordinis
460 958 678 1065 supradicti,
700 960 796 1035 sicut
815 976 967 1064 apparet
985 987 1054 1065 per
1066 988 1282 1064 processum
1298 951 1471 1063 superius
1487 956 1642 1050 factum,
1660 987 1722 1034 vo-

305 1106 477 1166 carentur
497 1091 544 1166 ad
570 1089 802 1194 presenciam
828 1089 1014 1166 dictorum
1047 1089 1289 1166 dominorum
1319 1088 1659 1165 commissariorum
1686 1109 1724 1166 et

306 1249 374 1325 per
393 1247 458 1297 eos
478 1220 759 1324 deputarentur,
782 1248 870 1294 cnm
889 1219 1082 1296 videretur
1103 1220 1245 1297 eisdem
1267 1219 1429 1295 dominis
1448 1218 1721 1312 commissoriis,

307 1366 351 1425 ut
365 1348 554 1438 dicebant,
572 1349 675 1456 quod
691 1366 816 1426 essent
831 1350 963 1426 ceteris
978 1351 1179 1456 ydoniores
1195 1350 1243 1426 ad
1254 1348 1461 1425 videndum
1469 1350 1596 1455 jurare
1611 1367 1725 1427 testes

309 1478 355 1556 de
376 1479 516 1585 quibus
536 1479 728 1557 videretur
754 1479 899 1556 eisdem
924 1480 1087 1556 dominis
1107 1479 1371 1557 commissariis
1390 1481 1494 1585 quod
1514 1480 1724 1584 periculum

309 1637 383 1685 non
413 1610 629 1686 immineret
653 1608 815 1695 eisdem,
846 1626 884 1685 et
911 1611 958 1686 ad
985 1608 1199 1685 faciendum
1218 1609 1288 1684 alia
1310 1637 1527 1715 processum
1557 1610 1725 1713 ipsorum

308 1739 549 1829 dominorum
581 1739 924 1817 commissariorum
957 1740 1189 1817 continencia
1220 1769 1294 1846 que
1328 1756 1451 1816 essent
1482 1757 1726 1817 consentanea

308 1869 462 1960 racioni,
479 1871 633 1976 quando
649 1887 687 1946 et
701 1887 815 1975 prout
835 1871 979 1946 eisdem
999 1871 1164 1961 dominis
1184 1870 1446 1947 commissoriis
1464 1870 1656 1945 videretur
1674 1870 1726 1946 fa-

310 1999 504 2087 ciendum,
525 2027 603 2075 non
621 1999 861 2078 intendentes
876 2017 1030 2106 propter
1049 2001 1123 2077 hoc
1138 2001 1227 2077 dicti
1246 2000 1395 2077 domini
1407 2000 1667 2111 ¹commissarii,
1685 2018 1728 2077 ut

312 2120 501 2213 dixerunt,
527 2128 693 2233 recipere
714 2116 833 2207 dictos
847 2145 926 2207 rm⁰r
944 2130 1075 2207 fratres
1091 2148 1134 2207 ut
1154 2130 1370 2209 defensores
1385 2130 1528 2206 ordinis
1542 2156 1611 2236 pro
1632 2159 1671 2207 se
1692 2148 1729 2206 et

312 2256 392 2334 aliis
406 2258 623 2333 memoratis
641 2256 818 2335 fratribus
836 2260 901 2365 qui
922 2287 960 2334 se
978 2260 1027 2335 ad
1042 2259 1300 2336 defensionem
1321 2259 1542 2335 obtulerunt
1563 2260 1731 2364 supradi-

312 2405 425 2477 ctam,
441 2386 500 2463 vel
519 2400 568 2463 ut
585 2360 735 2492 parteni
749 2386 938 2464 facientes
968 2389 1007 2462 in
1027 2389 1183 2494 negocio
1212 2390 1300 2473 isto,
1321 2388 1379 2463 vel
1407 2404 1451 2463 ut
1476 2388 1729 2478 instructores,
1768 2403 1775 2417 ‘

312 2517 382 2593 nisi
401 2517 432 2593 si'
453 2534 491 2592 et
505 2516 544 2591 in
561 2534 747 2622 quantum
764 2518 988 2595 admittendi
1009 2534 1133 2594 essent
1150 2518 1198 2593 de
1213 2517 1313 2623 jure.
1331 2519 1415 2610 Que
1435 2518 1561 2591 omnia
1580 2516 1733 2594 fuerunt

313 2647 429 2723 iidem
445 2647 589 2723 domini
610 2646 853 2723 commissarii
869 2647 1080 2752 protestati,
1104 2647 1277 2723 adductis
1296 2645 1344 2721 ad
1356 2674 1421 2722 eos
1440 2663 1478 2723 et
1496 2646 1734 2752 presentibus

313 2792 391 2855 mr’r
410 2777 587 2854 fratribus
605 2779 838 2865 memoratis,
861 2795 900 2854 et
920 2779 994 2854 hoc
1014 2777 1286 2855 mandaverunt
1304 2777 1423 2882 redigi
1445 2777 1483 2851 in
1503 2805 1730 2881 processum.

369 2908 517 3002 Quibus
529 2908 702 3014 peractis,
720 2907 875 3009 fuerunt
890 2908 1043 2984 adducti
1060 2908 1108 2984 ad
1122 2908 1357 3013 presenciam
1376 2907 1599 2983 eorumdem
1615 2907 1735 2982 domi-

266 3026 268 3031 ’
315 3065 452 3115 norum
482 3037 823 3115 commissariorum
849 3067 918 3143 per
944 3038 1132 3143 predictos
1155 3037 1389 3142 prepositum
1414 3037 1666 3113 Pictavensem
1697 3055 1735 3112 et

315 3168 525 3243 lohannem
546 3169 594 3244 de
613 3168 782 3259 lanvilla,
798 3169 972 3245 custodes
993 3170 1180 3246 dictorum
1200 3167 1519 3272 Templariorum‚
1543 3167 1590 3242 ad
1610 3165 1734 3244 feren-

317 3296 410 3374 dum
429 3298 687 3376 testimonium
707 3299 746 3374 in
766 3300 922 3406 negocio
943 3300 1014 3376 isto
1036 3317 1074 3376 et
1090 3328 1204 3404 super
1217 3299 1382 3375 articulis
1395 3297 1441 3374 de
1454 3297 1593 3404 quibus
1613 3297 1736 3402 inqui-

315 3428 478 3504 rendum
506 3445 578 3520 est,
607 3428 827 3535 infrascripti
848 3432 930 3537 qui,
952 3430 1190 3537 presentibus
1216 3448 1253 3505 et
1276 3429 1490 3506 videntibus
1515 3426 1736 3531 supradictis

315 3573 393 3636 11110'
407 3558 600 3646 fratribus,
611 3558 833 3665 juraverunt
851 3561 1088 3668 singulariter
1103 3559 1258 3666 singuli,
1275 3559 1515 3636 sacrosanctis
1529 3556 1737 3662 Evangeliis

316 3717 384 3795 per
403 3717 468 3766 eos
493 3719 608 3766 manu
630 3691 753 3778 tactis,
776 3692 899 3769 dicere
918 3691 1097 3798 predictis
1123 3690 1287 3767 dominis
1312 3687 1574 3766 commissoriis
1599 3703 1735 3777 totam,

317 3818 468 3923 plenam
484 3836 521 3894 et
541 3847 684 3894 meram
702 3823 896 3899 veritatem
917 3852 1032 3929 quam
1052 3822 1174 3899 sciunt
1191 3821 1251 3897 vel
1272 3821 1448 3911 credunt,
1467 3821 1514 3895 de
1535 3817 1699 3893 articulis
1719 3846 1738 3892 a

319 3947 408 4025 sede
423 3947 622 4053 apostolica
643 3951 765 4027 missis
784 3981 897 4057 snper
916 3953 1056 4059 quibus
1075 3953 1348 4058 inquirendum
1364 3967 1420 4028 est
1439 3965 1477 4026 et
1491 3948 1739 4052 contingenti·

318 4079 391 4155 bus
401 4077 577 4155 articulos
587 4097 829 4169 memoratos,
843 4098 881 4157 et
894 4085 998 4188 quod
1010 4109 1172 4173 meram,
1188 4109 1322 4187 puram
1334 4096 1372 4156 et
1385 4079 1536 4184 plenam
1545 4078 1738 4154 veritatem

319 4208 460 4293 dicent,
482 4236 560 4284 non
578 4208 830 4286 immiscentes
849 4210 992 4317 aliquid
1010 4210 1194 4299 falsitatis,
1215 4210 1320 4317 quod
1339 4210 1457 4285 eciam
1478 4207 1602 4284 dicent
1615 4206 1740 4283 verita·

318 4357 395 4417 tem
410 4338 616 4443 predictam
635 4355 713 4414 tam
728 4357 857 4417 contra
872 4341 998 4447 ipsum
1018 4340 1193 4417 ordinem
1212 4367 1327 4446 quam
1340 4367 1410 4444 pro
1431 4339 1511 4444 ipso
1531 4337 1680 4429 ordine,
1703 4354 1740 4414 et

321 4468 426 4573 quod
448 4496 517 4544 nec
540 4496 668 4573 prece,
696 4496 765 4545 nec
791 4470 935 4575 precio,
962 4497 1032 4547 nec
1057 4496 1201 4561 amore,
1231 4497 1301 4546 nec
1324 4468 1479 4554 timore,
1505 4494 1575 4543 nec
1600 4466 1739 4571 privato

323 4596 428 4685 odio,
452 4628 521 4676 nec
541 4628 610 4705 pro
636 4601 796 4677 comodo
816 4600 1013 4707 temporali
1043 4599 1149 4707 quod
1176 4601 1409 4687 babuerunt,
1430 4599 1490 4674 vel
1505 4596 1668 4674 habeant
1683 4595 1742 4672 vel

322 4727 462 4804 habere
482 4746 649 4836 sperent,
668 4731 931 4811 testimonium
947 4732 1088 4819 dicent,
1108 4730 1325 4807 ordinantes
1346 4729 1461 4805 iidem
1482 4728 1627 4805 domini
1642 4755 1744 4803 com-

325 4859 481 4936 missarii
501 4860 707 4965 predictam
722 4859 928 4968 juramenti
948 4860 1107 4942 formam
1126 4861 1344 4939 servandam
1365 4888 1444 4938 esse
1466 4861 1505 4936 in
1523 4858 1742 4963 recepcione
