4080 6052
311 553 384 635 set
695 535 890 630 raeces
914 555 1011 628 nas
1036 553 1336 630 ranrmnas,

310 725 456 777 errores
474 691 589 773 fuisse
615 694 802 773 confessos
822 712 949 772 contra
969 695 1160 786 ordinem,
1189 694 1237 772 ad
1263 693 1372 802 cujus
1390 691 1680 771 deffensionem
1703 722 1740 771 se

309 827 513 914 obtulerat,
531 842 572 901 et
589 825 832 934 postmodum
850 841 1063 902 retraxerat.

364 956 580 1063 Requisitus
603 957 633 1034 si
658 956 711 1032 sic
731 956 956 1060 deposuerat
979 983 1107 1062 prece,
1133 971 1326 1062 precepto,
1356 953 1515 1042 timore,
1545 953 1649 1043 odio,
1674 955 1735 1032 vel

308 1086 504 1193 temporali
524 1085 685 1164 comodo
702 1084 832 1163 babito
849 1084 908 1163 vel
927 1084 1119 1179 babendo,
1137 1084 1447 1191 responditquod
1461 1111 1563 1174 non,
1585 1086 1651 1162 sed
1662 1113 1733 1191 pro

309 1217 460 1294 veritate
484 1213 653 1292 dicenda.
677 1214 748 1293 Cui
768 1214 842 1292 fuit
859 1215 1072 1322 injunctum
1088 1216 1195 1325 quod
1208 1242 1285 1292 non
1305 1215 1490 1292 revelaret
1510 1216 1612 1292 hanc
1631 1243 1734 1293 suam

311 1346 590 1454 deposlcionem
616 1372 817 1454 quousque
836 1346 1095 1425 attestaciones
1114 1345 1256 1425 fuerim
1271 1344 1476 1451 publicato.

366 1608 494 1684 Frater
512 1603 741 1685 Guillelmus
756 1605 803 1682 de
816 1577 877 1684 Gii
892 1605 1071 1694 serviens,
1088 1604 1275 1682 Bisuntini
1295 1602 1474 1693 diocesis,
1495 1600 1600 1679 testis
1617 1628 1729 1706 supra

305 1737 470 1843 juratus,
492 1759 568 1811 non
590 1733 777 1813 defferens
796 1734 1019 1812 mantellum
1039 1735 1199 1823 ordinis,
1219 1733 1309 1841 quia
1329 1734 1459 1839 ipsum
1479 1731 1667 1810 dimiserat
1686 1730 1728 1806 in

310 1865 468 1943 concilio
481 1865 706 1957 senonensi,
727 1864 973 1972 postmodnm
992 1865 1130 1942 fecerat
1148 1864 1219 1942 sibi
1240 1863 1322 1941 radi
1338 1861 1519 1954 barbam,
1535 1859 1728 1939 absolutus

310 2013 349 2072 et
380 1994 641 2074 reconciliatus
684 2020 752 2101 per
791 1995 990 2073 dominum
1029 1997 1247 2101 episcopum
1286 1994 1553 2082 Parisiensem,
1581 1991 1729 2100 triginta

311 2153 496 2203 annorum
528 2102 586 2200 vel
615 2124 728 2212 circa,
755 2124 862 2203 lectis
892 2142 931 2204 et
962 2124 1163 2233 diligenter
1189 2126 1363 2233 expositis
1389 2124 1463 2203 sibi
1491 2123 1672 2202 omnibus
1695 2140 1729 2200 et

310 2253 467 2364 singulis
487 2253 668 2349 articulis,
690 2254 884 2362 respondit
900 2255 1006 2363 quod
1026 2283 1223 2363 nunquam
1247 2256 1391 2333 viderat
1412 2253 1584 2363 aliquem
1616 2251 1727 2330 alium

310 2386 349 2461 in
375 2385 507 2463 ordine
526 2383 661 2491 recipi,
679 2412 750 2463 nec
761 2384 902 2463 sciebat
916 2384 964 2463 de
977 2386 1163 2464 contentis
1177 2386 1218 2462 in
1234 2385 1324 2492 ipsis
1343 2384 1512 2463 articulis
1533 2383 1608 2462 nisi
1628 2381 1728 2490 quod

309 2515 491 2626 sequitur.
524 2516 607 2621 lpse
635 2534 762 2594 autem
790 2533 965 2623 receptus
987 2503 1127 2608 fuerat,
1156 2518 1196 2593 in
1229 2516 1381 2594 instanti
1404 2515 1504 2595 festo
1531 2514 1727 2592 nativitatis

309 2644 409 2722 beati
432 2645 615 2725 lobannis
637 2647 801 2753 Baptista
825 2663 938 2724 erunt
964 2673 1029 2726 vm
1056 2646 1164 2740 anni,
1180 2676 1250 2754 per
1272 2646 1429 2725 fratrem
1455 2648 1660 2754 Symonem
1680 2643 1727 2721 de

308 2775 513 2868 Quinciaco
534 2774 694 2853 militem
714 2777 923 2883 quondam,
940 2777 1196 2885 presidentem
1224 2793 1316 2854 tnnc
1332 2776 1512 2854 fratribus
1528 2792 1724 2852 transeun⁶

309 2905 411 2982 tibus
431 2903 530 2981 ultra
554 2933 674 2995 mare,
703 2905 743 2982 in
763 2905 926 3014 quadam
946 2935 1093 3005 camera
1117 2906 1255 2985 domus
1279 2906 1432 3014 Templi
1453 2907 1500 2984 de
1522 2903 1722 2991 Marssilia,

308 3032 547 3140 presentibus
569 3036 748 3115 fratribus
773 3038 911 3116 Jacobo
938 3038 987 3116 de
1010 3032 1190 3131 Coblans,
1215 3039 1403 3117 Ricbardo
1428 3055 1468 3132 et
1485 3039 1652 3116 lobanne
1674 3035 1721 3111 de

310 3166 438 3243 Monte
458 3164 584 3258 Claro,
606 3165 783 3247 fratribus
798 3168 1024 3260 carnalibus,
1048 3169 1249 3261 militibus,
1276 3187 1314 3247 et
1333 3169 1416 3246 aliis
1438 3167 1633 3275 pluribus,
1660 3167 1723 3274 qui

309 3311 399 3371 tunc
410 3295 741 3374 transfretaverunt
755 3299 793 3373 in
806 3299 908 3375 bunc
922 3300 1081 3378 modum
1092 3332 1100 3376 :
1112 3328 1200 3376 nam
1217 3329 1304 3378 cum
1320 3299 1575 3405 requisivisset
1588 3323 1723 3402 panem

309 3443 346 3501 et
365 3455 517 3532 aquam,
538 3429 753 3506 societatem
774 3447 812 3506 et
828 3456 1032 3536 pauperem
1052 3432 1227 3508 vestitum
1246 3431 1389 3508 ordinis
1407 3447 1464 3506 ter
1480 3425 1718 3531 interpolate,

309 3573 345 3632 et
368 3555 497 3636 fuisset
522 3557 646 3634 eidem
666 3575 725 3635 ter
743 3588 965 3665 responsum
988 3562 1092 3666 quod
1118 3561 1236 3637 exiret
1254 3588 1434 3638 cameram
1453 3574 1490 3634 et
1504 3556 1602 3632 bene
1623 3554 1721 3631 deli-

306 3685 468 3778 beraret,
483 3688 572 3795 quia
583 3689 764 3794 grandem
779 3718 860 3767 rem
876 3690 1039 3796 petebat,
1054 3707 1091 3766 et
1102 3690 1253 3767 videbat
1268 3719 1333 3768 eos
1348 3693 1387 3768 in
1399 3714 1531 3795 magno
1542 3702 1720 3791 apparatu

306 3846 493 3924 equorum
517 3837 556 3896 et
573 3820 793 3911 vestituum,
816 3839 854 3897 et
873 3822 952 3927 ipse
971 3821 1125 3899 forsitan
1143 3822 1231 3898 talia
1248 3849 1323 3899 non
1351 3821 1524 3907 baberet,
1554 3834 1594 3895 et
1615 3844 1722 3923 opor-

304 3965 400 4025 teret
433 3978 520 4025 eum
558 3950 677 4026 multa
707 3950 799 4027 dura
839 3967 876 4026 et
909 3979 1037 4055 aspera
1067 3951 1270 4042 sustinere,
1301 3970 1339 4027 et
1366 3951 1445 4057 ipse
1469 3948 1721 4055 respondisset

304 4078 408 4183 quod
421 4080 546 4155 omnia
566 4080 784 4168 sustineret,
807 4079 970 4157 finaliter
984 4082 1167 4159 concessit
1183 4083 1216 4160 ei
1228 4082 1351 4158 dictus
1364 4109 1503 4187 panem
1525 4097 1565 4156 et
1577 4108 1718 4185 aquam.

304 4223 341 4281 et
354 4207 569 4284 societatem
591 4225 629 4284 et
647 4209 975 4315 participacionem
994 4209 1185 4288 bonorum
1206 4212 1365 4300 ordinis;
1388 4229 1426 4288 et
1450 4211 1720 4288 associaverunt

302 4353 378 4414 tres
399 4366 442 4413 ex
457 4339 585 4418 amicis
600 4340 695 4429 suis,
714 4369 811 4446 quos
828 4342 906 4448 ipse
922 4344 1077 4420 duceret
1096 4342 1302 4449 eligendos,
1326 4344 1426 4419 dicte
1444 4341 1717 4448 participacioni

302 4467 490 4546 bonorum
511 4471 775 4577 spiritualium,
795 4490 836 4554 ,et
856 4472 1059 4550 voluerunt
1078 4473 1182 4579 quod
1202 4474 1281 4578 ipse
1302 4474 1419 4550 eciam
1439 4473 1643 4550 associaret
1663 4498 1718 4547 eos

302 4597 340 4671 in
361 4599 471 4676 bonis
494 4632 567 4708 que
588 4604 742 4693 faceret,
762 4622 800 4680 et
826 4603 999 4682 fecerunt
1028 4634 1117 4682 eum
1137 4633 1269 4682 vovere
1288 4623 1325 4682 et
1339 4607 1468 4714 jurare
1497 4605 1715 4686 castitatem,

303 4725 573 4820 obedienciam,
595 4753 631 4810 et
649 4736 770 4812 vivere
792 4736 872 4812 sine
892 4737 1063 4843 proprio,
1081 4753 1119 4813 et
1138 4764 1282 4814 servare
1302 4736 1424 4814 bonos
1438 4766 1531 4813 usus
1552 4754 1592 4813 et
1610 4734 1715 4811 bonas

303 4859 598 4936 consuetudines
629 4864 782 4943 ordinis.
810 4868 1059 4946 Postmodum
1097 4868 1219 4945 dictus
1261 4886 1434 4973 receptor
1467 4866 1651 4973 imposuit
1680 4862 1709 4937 ei
