<?xml version="1.0" encoding="UTF-8"?>
<!DOCTYPE html PUBLIC "-//W3C//DTD XHTML 1.0 Transitional//EN"
    "http://www.w3.org/TR/xhtml1/DTD/xhtml1-transitional.dtd">
<html xmlns="http://www.w3.org/1999/xhtml" xml:lang="en" lang="en">
 <head>
  <title>
</title>
<meta http-equiv="Content-Type" content="text/html;charset=utf-8" />
  <meta name='ocr-system' content='tesseract 3.04.00' />
  <meta name='ocr-capabilities' content='ocr_page ocr_carea ocr_par ocr_line ocrx_word'/>
</head>
<body>
  <div class='ocr_page' id='page_1' title='image "./procsdestemplie02defegoog_0519.png"; bbox 0 0 4080 6052; ppageno 0'>
   <div class='ocr_carea' id='block_1_1' title="bbox 488 560 1516 656">
    <p class='ocr_par' dir='ltr' id='par_1_1' title="bbox 488 560 1516 656">
     <span class='ocr_line' id='line_1_1' title="bbox 488 560 1516 656; baseline 0.004 -6"><span class='ocrx_word' id='word_1_1' title='bbox 488 560 685 653; x_wconf 80' lang='lat' dir='ltr'>rnocss</span> <span class='ocrx_word' id='word_1_2' title='bbox 711 578 806 651; x_wconf 82' lang='lat' dir='ltr'>uns</span> <span class='ocrx_word' id='word_1_3' title='bbox 830 576 1131 652; x_wconf 81' lang='lat' dir='ltr'>rnurmms.</span> <span class='ocrx_word' id='word_1_4' title='bbox 1447 585 1516 656; x_wconf 76' lang='grc' dir='ltr'>ιιι</span> 
     </span>
    </p>
   </div>
   <div class='ocr_carea' id='block_1_2' title="bbox 60 718 1637 5006">
    <p class='ocr_par' dir='ltr' id='par_1_2' title="bbox 60 718 1637 5006">
     <span class='ocr_line' id='line_1_2' title="bbox 103 718 1523 827; baseline -0.001 -28"><span class='ocrx_word' id='word_1_5' title='bbox 103 718 296 827; x_wconf 73' lang='lat' dir='ltr'>presbyter</span> <span class='ocrx_word' id='word_1_6' title='bbox 323 736 370 795; x_wconf 80' lang='lat' dir='ltr'>et·</span> <span class='ocrx_word' id='word_1_7' title='bbox 385 718 639 796; x_wconf 81' lang='lat' dir='ltr'><strong>thesaurarius</strong></span> <span class='ocrx_word' id='word_1_8' title='bbox 666 719 822 796; x_wconf 85' lang='lat' dir='ltr'>fuerunt</span> <span class='ocrx_word' id='word_1_9' title='bbox 849 748 938 795; x_wconf 90' lang='lat' dir='ltr'>eum</span> <span class='ocrx_word' id='word_1_10' title='bbox 967 720 1123 797; x_wconf 82' lang='lat' dir='ltr'>osculati</span> <span class='ocrx_word' id='word_1_11' title='bbox 1144 722 1184 794; x_wconf 94' lang='lat' dir='ltr'>in</span> <span class='ocrx_word' id='word_1_12' title='bbox 1202 746 1284 807; x_wconf 77' lang='lat' dir='ltr'>ore3</span> <span class='ocrx_word' id='word_1_13' title='bbox 1306 719 1444 798; x_wconf 92' lang='lat' dir='ltr'>deinde</span> <span class='ocrx_word' id='word_1_14' title='bbox 1464 724 1523 798; x_wconf 94' lang='lat' dir='ltr'>in-</span> 
     </span>
     <span class='ocr_line' id='line_1_3' title="bbox 103 849 1523 957; baseline -0.001 -27"><span class='ocrx_word' id='word_1_15' title='bbox 103 852 236 930; x_wconf 80' lang='lat' dir='ltr'>struxit</span> <span class='ocrx_word' id='word_1_16' title='bbox 253 880 342 928; x_wconf 90' lang='lat' dir='ltr'>eum</span> <span class='ocrx_word' id='word_1_17' title='bbox 359 868 454 957; x_wconf 91' lang='lat' dir='ltr'>quot</span> <span class='ocrx_word' id='word_1_18' title='bbox 467 852 580 929; x_wconf 83' lang='lat' dir='ltr'>Pater</span> <span class='ocrx_word' id='word_1_19' title='bbox 594 867 708 928; x_wconf 79' lang='lat' dir='ltr'>noster</span> <span class='ocrx_word' id='word_1_20' title='bbox 726 849 890 927; x_wconf 89' lang='lat' dir='ltr'>debebat</span> <span class='ocrx_word' id='word_1_21' title='bbox 907 850 1031 928; x_wconf 82' lang='lat' dir='ltr'><strong>dicere</strong></span> <span class='ocrx_word' id='word_1_22' title='bbox 1049 878 1118 957; x_wconf 94' lang='lat' dir='ltr'>pro</span> <span class='ocrx_word' id='word_1_23' title='bbox 1132 849 1237 927; x_wconf 91' lang='lat' dir='ltr'>horis</span> <span class='ocrx_word' id='word_1_24' title='bbox 1255 849 1347 936; x_wconf 91' lang='lat' dir='ltr'>suis,</span> <span class='ocrx_word' id='word_1_25' title='bbox 1364 851 1523 956; x_wconf 83' lang='lat' dir='ltr'>qualiter</span> 
     </span>
     <span class='ocr_line' id='line_1_4' title="bbox 103 980 1543 1088; baseline -0.001 -28"><span class='ocrx_word' id='word_1_26' title='bbox 103 983 265 1060; x_wconf 90' lang='lat' dir='ltr'>debehat</span> <span class='ocrx_word' id='word_1_27' title='bbox 281 1011 321 1059; x_wconf 91' lang='lat' dir='ltr'>se</span> <span class='ocrx_word' id='word_1_28' title='bbox 339 1010 470 1088; x_wconf 84' lang='lat' dir='ltr'>regere</span> <span class='ocrx_word' id='word_1_29' title='bbox 490 983 529 1058; x_wconf 93' lang='lat' dir='ltr'>in</span> <span class='ocrx_word' id='word_1_30' title='bbox 550 982 715 1073; x_wconf 86' lang='lat' dir='ltr'>ecclesia,</span> <span class='ocrx_word' id='word_1_31' title='bbox 739 981 832 1057; x_wconf 91' lang='lat' dir='ltr'>etin</span> <span class='ocrx_word' id='word_1_32' title='bbox 849 1008 989 1074; x_wconf 83' lang='lat' dir='ltr'>mense,</span> <span class='ocrx_word' id='word_1_33' title='bbox 1013 999 1050 1058; x_wconf 93' lang='lat' dir='ltr'>et</span> <span class='ocrx_word' id='word_1_34' title='bbox 1070 981 1108 1057; x_wconf 92' lang='lat' dir='ltr'>in</span> <span class='ocrx_word' id='word_1_35' title='bbox 1129 980 1280 1071; x_wconf 73' lang='lat' dir='ltr'>ordine,</span> <span class='ocrx_word' id='word_1_36' title='bbox 1296 997 1335 1057; x_wconf 89' lang='lat' dir='ltr'>et</span> <span class='ocrx_word' id='word_1_37' title='bbox 1354 983 1525 1086; x_wconf 88' lang='lat' dir='ltr'>exposuit</span> <span class='ocrx_word' id='word_1_38' title='bbox 1541 1041 1543 1045; x_wconf 54' lang='grc'><strong><em>«</em></strong></span> 
     </span>
     <span class='ocr_line' id='line_1_5' title="bbox 102 1113 1521 1221; baseline -0.001 -30"><span class='ocrx_word' id='word_1_39' title='bbox 102 1115 173 1192; x_wconf 87' lang='lat' dir='ltr'>sibi</span> <span class='ocrx_word' id='word_1_40' title='bbox 208 1143 314 1191; x_wconf 87' lang='lat' dir='ltr'>casus</span> <span class='ocrx_word' id='word_1_41' title='bbox 343 1131 498 1219; x_wconf 86' lang='lat' dir='ltr'>propter</span> <span class='ocrx_word' id='word_1_42' title='bbox 529 1141 625 1220; x_wconf 90' lang='lat' dir='ltr'>quos</span> <span class='ocrx_word' id='word_1_43' title='bbox 647 1128 802 1219; x_wconf 39' lang='lat' dir='ltr'>,poterat</span> <span class='ocrx_word' id='word_1_44' title='bbox 830 1113 993 1221; x_wconf 77' lang='lat' dir='ltr'><strong>perdere</strong></span> <span class='ocrx_word' id='word_1_45' title='bbox 1023 1113 1196 1189; x_wconf 88' lang='lat' dir='ltr'>ordinem</span> <span class='ocrx_word' id='word_1_46' title='bbox 1231 1129 1269 1189; x_wconf 92' lang='lat' dir='ltr'>et</span> <span class='ocrx_word' id='word_1_47' title='bbox 1289 1113 1521 1190; x_wconf 89' lang='lat' dir='ltr'>mantellum.</span> 
     </span>
     <span class='ocr_line' id='line_1_6' title="bbox 103 1241 1526 1350; baseline -0.004 -27"><span class='ocrx_word' id='word_1_48' title='bbox 103 1245 250 1323; x_wconf 82' lang='lat' dir='ltr'>Deinde</span> <span class='ocrx_word' id='word_1_49' title='bbox 270 1243 450 1320; x_wconf 84' lang='lat' dir='ltr'>recedens</span> <span class='ocrx_word' id='word_1_50' title='bbox 469 1245 594 1321; x_wconf 90' lang='lat' dir='ltr'>dictus</span> <span class='ocrx_word' id='word_1_51' title='bbox 609 1243 864 1320; x_wconf 79' lang='lat' dir='ltr'>thesaurarius</span> <span class='ocrx_word' id='word_1_52' title='bbox 881 1244 1050 1350; x_wconf 85' lang='lat' dir='ltr'>precepit</span> <span class='ocrx_word' id='word_1_53' title='bbox 1069 1243 1139 1349; x_wconf 92' lang='lat' dir='ltr'>ipsi</span> <span class='ocrx_word' id='word_1_54' title='bbox 1162 1243 1249 1318; x_wconf 86' lang='lat' dir='ltr'>testi</span> <span class='ocrx_word' id='word_1_55' title='bbox 1267 1244 1371 1349; x_wconf 91' lang='lat' dir='ltr'>quod</span> <span class='ocrx_word' id='word_1_56' title='bbox 1391 1241 1526 1320; x_wconf 82' lang='lat' dir='ltr'>laceret</span> 
     </span>
     <span class='ocr_line' id='line_1_7' title="bbox 105 1372 1525 1483; baseline -0.001 -32"><span class='ocrx_word' id='word_1_57' title='bbox 105 1376 167 1451; x_wconf 94' lang='lat' dir='ltr'>illa</span> <span class='ocrx_word' id='word_1_58' title='bbox 186 1404 259 1482; x_wconf 89' lang='lat' dir='ltr'>que</span> <span class='ocrx_word' id='word_1_59' title='bbox 279 1375 368 1451; x_wconf 87' lang='lat' dir='ltr'>dicti</span> <span class='ocrx_word' id='word_1_60' title='bbox 388 1372 519 1452; x_wconf 82' lang='lat' dir='ltr'>fratres</span> <span class='ocrx_word' id='word_1_61' title='bbox 538 1376 673 1452; x_wconf 86' lang='lat' dir='ltr'>Petrus</span> <span class='ocrx_word' id='word_1_62' title='bbox 691 1392 729 1451; x_wconf 91' lang='lat' dir='ltr'>et</span> <span class='ocrx_word' id='word_1_63' title='bbox 749 1373 978 1454; x_wconf 86' lang='lat' dir='ltr'>Guillelmus</span> <span class='ocrx_word' id='word_1_64' title='bbox 993 1375 1229 1480; x_wconf 89' lang='lat' dir='ltr'>preciperent</span> <span class='ocrx_word' id='word_1_65' title='bbox 1246 1374 1298 1460; x_wconf 74' lang='grc' dir='ltr'>εἰς</span> <span class='ocrx_word' id='word_1_66' title='bbox 1320 1391 1358 1449; x_wconf 88' lang='lat' dir='ltr'>et</span> <span class='ocrx_word' id='word_1_67' title='bbox 1373 1374 1525 1483; x_wconf 85' lang='lat' dir='ltr'>presby-</span> 
     </span>
     <span class='ocr_line' id='line_1_8' title="bbox 104 1501 1527 1609; baseline -0.001 -26"><span class='ocrx_word' id='word_1_68' title='bbox 104 1525 162 1583; x_wconf 88' lang='lat' dir='ltr'>ter</span> <span class='ocrx_word' id='word_1_69' title='bbox 181 1506 332 1583; x_wconf 87' lang='lat' dir='ltr'>recessit</span> <span class='ocrx_word' id='word_1_70' title='bbox 352 1532 439 1580; x_wconf 90' lang='lat' dir='ltr'>cnm</span> <span class='ocrx_word' id='word_1_71' title='bbox 460 1504 560 1580; x_wconf 90' lang='lat' dir='ltr'>dicto</span> <span class='ocrx_word' id='word_1_72' title='bbox 580 1503 830 1590; x_wconf 74' lang='lat' dir='ltr'>thesaurario,</span> <span class='ocrx_word' id='word_1_73' title='bbox 855 1503 922 1609; x_wconf 90' lang='lat' dir='ltr'>qui</span> <span class='ocrx_word' id='word_1_74' title='bbox 942 1501 1105 1581; x_wconf 87' lang='lat' dir='ltr'>habebat</span> <span class='ocrx_word' id='word_1_75' title='bbox 1126 1503 1293 1608; x_wconf 83' lang='lat' dir='ltr'>equitare</span> <span class='ocrx_word' id='word_1_76' title='bbox 1314 1519 1399 1579; x_wconf 90' lang='lat' dir='ltr'>ante</span> <span class='ocrx_word' id='word_1_77' title='bbox 1418 1533 1527 1609; x_wconf 90' lang='lat' dir='ltr'>pran-</span> 
     </span>
     <span class='ocr_line' id='line_1_9' title="bbox 105 1632 1524 1741; baseline 0.001 -30"><span class='ocrx_word' id='word_1_78' title='bbox 105 1635 209 1712; x_wconf 91' lang='lat' dir='ltr'>dium</span> <span class='ocrx_word' id='word_1_79' title='bbox 231 1663 300 1741; x_wconf 93' lang='lat' dir='ltr'>per</span> <span class='ocrx_word' id='word_1_80' title='bbox 317 1651 394 1710; x_wconf 87' lang='lat' dir='ltr'>tres</span> <span class='ocrx_word' id='word_1_81' title='bbox 413 1633 576 1710; x_wconf 89' lang='lat' dir='ltr'>leuchas.</span> <span class='ocrx_word' id='word_1_82' title='bbox 596 1635 727 1735; x_wconf 86' lang='lat' dir='ltr'>Postea</span> <span class='ocrx_word' id='word_1_83' title='bbox 744 1633 867 1710; x_wconf 86' lang='lat' dir='ltr'>dictus</span> <span class='ocrx_word' id='word_1_84' title='bbox 881 1632 994 1710; x_wconf 87' lang='lat' dir='ltr'>lrater</span> <span class='ocrx_word' id='word_1_85' title='bbox 1010 1632 1240 1712; x_wconf 89' lang='lat' dir='ltr'>Guillelmus</span> <span class='ocrx_word' id='word_1_86' title='bbox 1257 1632 1399 1737; x_wconf 87' lang='lat' dir='ltr'>accepit</span> <span class='ocrx_word' id='word_1_87' title='bbox 1412 1664 1524 1712; x_wconf 91' lang='lat' dir='ltr'>unam</span> 
     </span>
     <span class='ocr_line' id='line_1_10' title="bbox 104 1761 1527 1871; baseline 0.001 -31"><span class='ocrx_word' id='word_1_88' title='bbox 104 1793 253 1842; x_wconf 89' lang='lat' dir='ltr'>crucem</span> <span class='ocrx_word' id='word_1_89' title='bbox 274 1765 321 1841; x_wconf 89' lang='lat' dir='ltr'>de</span> <span class='ocrx_word' id='word_1_90' title='bbox 342 1765 447 1841; x_wconf 89' lang='lat' dir='ltr'>altari</span> <span class='ocrx_word' id='word_1_91' title='bbox 466 1781 712 1871; x_wconf 83' lang='lat' dir='ltr'>argentatum,</span> <span class='ocrx_word' id='word_1_92' title='bbox 730 1765 770 1839; x_wconf 90' lang='lat' dir='ltr'>in</span> <span class='ocrx_word' id='word_1_93' title='bbox 784 1791 859 1869; x_wconf 90' lang='lat' dir='ltr'>qua</span> <span class='ocrx_word' id='word_1_94' title='bbox 875 1780 954 1840; x_wconf 90' lang='lat' dir='ltr'>erat</span> <span class='ocrx_word' id='word_1_95' title='bbox 967 1791 1100 1870; x_wconf 78' lang='lat' dir='ltr'>ymago</span> <span class='ocrx_word' id='word_1_96' title='bbox 1114 1761 1306 1849; x_wconf 87' lang='lat' dir='ltr'>Crucilixi‚</span> <span class='ocrx_word' id='word_1_97' title='bbox 1323 1780 1360 1838; x_wconf 92' lang='lat' dir='ltr'>et</span> <span class='ocrx_word' id='word_1_98' title='bbox 1372 1763 1527 1841; x_wconf 84' lang='lat' dir='ltr'>firmatis</span> 
     </span>
     <span class='ocr_line' id='line_1_11' title="bbox 104 1891 1525 2001; baseline -0.001 -30"><span class='ocrx_word' id='word_1_99' title='bbox 104 1897 208 1972; x_wconf 89' lang='lat' dir='ltr'>ostiis</span> <span class='ocrx_word' id='word_1_100' title='bbox 226 1893 367 2000; x_wconf 90' lang='lat' dir='ltr'>capelle</span> <span class='ocrx_word' id='word_1_101' title='bbox 381 1894 559 1999; x_wconf 84' lang='lat' dir='ltr'>predicte,</span> <span class='ocrx_word' id='word_1_102' title='bbox 577 1895 744 2001; x_wconf 88' lang='lat' dir='ltr'>precepit</span> <span class='ocrx_word' id='word_1_103' title='bbox 757 1894 791 1969; x_wconf 88' lang='lat' dir='ltr'>ei</span> <span class='ocrx_word' id='word_1_104' title='bbox 810 1892 915 1999; x_wconf 85' lang='lat' dir='ltr'>quod</span> <span class='ocrx_word' id='word_1_105' title='bbox 928 1892 1131 1998; x_wconf 86' lang='lat' dir='ltr'>abnegaret</span> <span class='ocrx_word' id='word_1_106' title='bbox 1143 1893 1300 1970; x_wconf 88' lang='lat' dir='ltr'>Jhesum</span> <span class='ocrx_word' id='word_1_107' title='bbox 1317 1891 1525 1984; x_wconf 65' lang='lat' dir='ltr'>Christum</span> 
     </span>
     <span class='ocr_line' id='line_1_12' title="bbox 107 2020 1527 2132; baseline 0 -32"><span class='ocrx_word' id='word_1_108' title='bbox 107 2042 144 2100; x_wconf 90' lang='lat' dir='ltr'>et</span> <span class='ocrx_word' id='word_1_109' title='bbox 163 2025 343 2129; x_wconf 91' lang='lat' dir='ltr'>cumipse</span> <span class='ocrx_word' id='word_1_110' title='bbox 362 2024 467 2101; x_wconf 86' lang='lat' dir='ltr'>testis</span> <span class='ocrx_word' id='word_1_111' title='bbox 481 2024 688 2115; x_wconf 80' lang='lat' dir='ltr'>resisteret,</span> <span class='ocrx_word' id='word_1_112' title='bbox 706 2023 801 2101; x_wconf 81' lang='lat' dir='ltr'>dixit</span> <span class='ocrx_word' id='word_1_113' title='bbox 815 2024 874 2100; x_wconf 88' lang='lat' dir='ltr'>ei:</span> <span class='ocrx_word' id='word_1_114' title='bbox 894 2022 1054 2130; x_wconf 90' lang='lat' dir='ltr'>Oportet</span> <span class='ocrx_word' id='word_1_115' title='bbox 1070 2023 1176 2130; x_wconf 90' lang='lat' dir='ltr'>quod</span> <span class='ocrx_word' id='word_1_116' title='bbox 1196 2024 1268 2101; x_wconf 93' lang='lat' dir='ltr'>hoc</span> <span class='ocrx_word' id='word_1_117' title='bbox 1287 2020 1420 2101; x_wconf 87' lang='lat' dir='ltr'>facias:</span> <span class='ocrx_word' id='word_1_118' title='bbox 1440 2026 1527 2132; x_wconf 87' lang='lat' dir='ltr'>quia</span> 
     </span>
     <span class='ocr_line' id='line_1_13' title="bbox 107 2142 1529 2260; baseline 0.004 -32"><span class='ocrx_word' id='word_1_119' title='bbox 107 2142 608 2259; x_wconf 77' lang='lat' dir='ltr'>promisisliobedienciam,</span> <span class='ocrx_word' id='word_1_120' title='bbox 630 2171 669 2232; x_wconf 90' lang='lat' dir='ltr'>et</span> <span class='ocrx_word' id='word_1_121' title='bbox 686 2151 940 2232; x_wconf 73' lang='lat' dir='ltr'>thesaurarius</span> <span class='ocrx_word' id='word_1_122' title='bbox 957 2155 1124 2260; x_wconf 89' lang='lat' dir='ltr'>precepit</span> <span class='ocrx_word' id='word_1_123' title='bbox 1134 2154 1205 2230; x_wconf 90' lang='lat' dir='ltr'>tibi</span> <span class='ocrx_word' id='word_1_124' title='bbox 1217 2155 1321 2260; x_wconf 91' lang='lat' dir='ltr'>quod</span> <span class='ocrx_word' id='word_1_125' title='bbox 1336 2171 1380 2231; x_wconf 91' lang='lat' dir='ltr'>tu</span> <span class='ocrx_word' id='word_1_126' title='bbox 1390 2151 1529 2233; x_wconf 85' lang='lat' dir='ltr'>laceres</span> 
     </span>
     <span class='ocr_line' id='line_1_14' title="bbox 107 2283 1527 2390; baseline 0.003 -32"><span class='ocrx_word' id='word_1_127' title='bbox 107 2283 170 2360; x_wconf 92' lang='lat' dir='ltr'>illa</span> <span class='ocrx_word' id='word_1_128' title='bbox 190 2313 265 2390; x_wconf 93' lang='lat' dir='ltr'>que</span> <span class='ocrx_word' id='word_1_129' title='bbox 285 2311 354 2361; x_wconf 91' lang='lat' dir='ltr'>nos</span> <span class='ocrx_word' id='word_1_130' title='bbox 375 2284 589 2361; x_wconf 87' lang='lat' dir='ltr'>diceremus</span> <span class='ocrx_word' id='word_1_131' title='bbox 605 2284 689 2375; x_wconf 90' lang='lat' dir='ltr'>tibi,</span> <span class='ocrx_word' id='word_1_132' title='bbox 710 2302 747 2360; x_wconf 93' lang='lat' dir='ltr'>et</span> <span class='ocrx_word' id='word_1_133' title='bbox 760 2285 832 2361; x_wconf 90' lang='lat' dir='ltr'>nisi</span> <span class='ocrx_word' id='word_1_134' title='bbox 845 2284 960 2361; x_wconf 87' lang='lat' dir='ltr'>velles</span> <span class='ocrx_word' id='word_1_135' title='bbox 974 2283 1110 2371; x_wconf 85' lang='lat' dir='ltr'>facere,</span> <span class='ocrx_word' id='word_1_136' title='bbox 1132 2302 1175 2361; x_wconf 89' lang='lat' dir='ltr'>tu</span> <span class='ocrx_word' id='word_1_137' title='bbox 1195 2312 1294 2361; x_wconf 89' lang='lat' dir='ltr'>esses</span> <span class='ocrx_word' id='word_1_138' title='bbox 1309 2304 1527 2365; x_wconf 89' lang='lat' dir='ltr'>mortuuset</span> 
     </span>
     <span class='ocr_line' id='line_1_15' title="bbox 108 2414 1528 2523; baseline 0.001 -33"><span class='ocrx_word' id='word_1_139' title='bbox 108 2414 288 2519; x_wconf 88' lang='lat' dir='ltr'>perditus,</span> <span class='ocrx_word' id='word_1_140' title='bbox 300 2442 388 2490; x_wconf 93' lang='lat' dir='ltr'>nam</span> <span class='ocrx_word' id='word_1_141' title='bbox 400 2414 451 2491; x_wconf 91' lang='lat' dir='ltr'>ita</span> <span class='ocrx_word' id='word_1_142' title='bbox 460 2431 743 2492; x_wconf 89' lang='lat' dir='ltr'>estconsuetum</span> <span class='ocrx_word' id='word_1_143' title='bbox 752 2414 1049 2519; x_wconf 80' lang='lat' dir='ltr'>lieriTuncipse</span> <span class='ocrx_word' id='word_1_144' title='bbox 1057 2415 1163 2492; x_wconf 89' lang='lat' dir='ltr'>testis</span> <span class='ocrx_word' id='word_1_145' title='bbox 1172 2414 1528 2523; x_wconf 83' lang='lat' dir='ltr'>abnegavitlhesum</span> 
     </span>
     <span class='ocr_line' id='line_1_16' title="bbox 108 2545 1637 2653; baseline -0.001 -32"><span class='ocrx_word' id='word_1_146' title='bbox 108 2545 299 2622; x_wconf 89' lang='lat' dir='ltr'>Christum</span> <span class='ocrx_word' id='word_1_147' title='bbox 320 2573 385 2621; x_wconf 92' lang='lat' dir='ltr'>ore</span> <span class='ocrx_word' id='word_1_148' title='bbox 401 2571 482 2622; x_wconf 90' lang='lat' dir='ltr'>-non</span> <span class='ocrx_word' id='word_1_149' title='bbox 493 2546 616 2623; x_wconf 88' lang='lat' dir='ltr'>corde.</span> <span class='ocrx_word' id='word_1_150' title='bbox 628 2546 774 2623; x_wconf 88' lang='lat' dir='ltr'>Deinde</span> <span class='ocrx_word' id='word_1_151' title='bbox 787 2546 955 2653; x_wconf 87' lang='lat' dir='ltr'>precepit</span> <span class='ocrx_word' id='word_1_152' title='bbox 973 2547 1078 2652; x_wconf 84' lang='lat' dir='ltr'>quod</span> <span class='ocrx_word' id='word_1_153' title='bbox 1094 2564 1246 2652; x_wconf 90' lang='lat' dir='ltr'>spueret</span> <span class='ocrx_word' id='word_1_154' title='bbox 1263 2572 1373 2653; x_wconf 88' lang='lat' dir='ltr'>supra</span> <span class='ocrx_word' id='word_1_155' title='bbox 1392 2547 1528 2623; x_wconf 91' lang='lat' dir='ltr'>dictam</span> <span class='ocrx_word' id='word_1_156' title='bbox 1634 2624 1637 2630; x_wconf 68' lang='grc'>,</span> 
     </span>
     <span class='ocr_line' id='line_1_17' title="bbox 109 2677 1529 2786; baseline 0.001 -36"><span class='ocrx_word' id='word_1_157' title='bbox 109 2702 273 2764; x_wconf 90' lang='lat' dir='ltr'>crucem,</span> <span class='ocrx_word' id='word_1_158' title='bbox 295 2693 333 2751; x_wconf 87' lang='lat' dir='ltr'>et</span> <span class='ocrx_word' id='word_1_159' title='bbox 352 2677 432 2781; x_wconf 91' lang='lat' dir='ltr'>ipse</span> <span class='ocrx_word' id='word_1_160' title='bbox 451 2677 552 2781; x_wconf 90' lang='lat' dir='ltr'>spuit</span> <span class='ocrx_word' id='word_1_161' title='bbox 571 2703 649 2754; x_wconf 93' lang='lat' dir='ltr'>non</span> <span class='ocrx_word' id='word_1_162' title='bbox 669 2706 779 2783; x_wconf 91' lang='lat' dir='ltr'>supra</span> <span class='ocrx_word' id='word_1_163' title='bbox 798 2678 867 2755; x_wconf 89' lang='lat' dir='ltr'>sed</span> <span class='ocrx_word' id='word_1_164' title='bbox 877 2678 993 2786; x_wconf 88' lang='lat' dir='ltr'>juxta.</span> <span class='ocrx_word' id='word_1_165' title='bbox 1007 2677 1153 2755; x_wconf 89' lang='lat' dir='ltr'>Deinde</span> <span class='ocrx_word' id='word_1_166' title='bbox 1175 2678 1268 2755; x_wconf 82' lang='lat' dir='ltr'>dixit</span> <span class='ocrx_word' id='word_1_167' title='bbox 1285 2677 1319 2755; x_wconf 91' lang='lat' dir='ltr'>ei</span> <span class='ocrx_word' id='word_1_168' title='bbox 1339 2678 1443 2785; x_wconf 91' lang='lat' dir='ltr'>quod</span> <span class='ocrx_word' id='word_1_169' title='bbox 1461 2704 1529 2782; x_wconf 92' lang='lat' dir='ltr'>po-</span> 
     </span>
     <span class='ocr_line' id='line_1_18' title="bbox 107 2804 1532 2885; baseline 0.001 -5"><span class='ocrx_word' id='word_1_170' title='bbox 107 2821 203 2881; x_wconf 90' lang='lat' dir='ltr'>terat</span> <span class='ocrx_word' id='word_1_171' title='bbox 222 2804 432 2884; x_wconf 90' lang='lat' dir='ltr'>secnndum</span> <span class='ocrx_word' id='word_1_172' title='bbox 453 2806 767 2885; x_wconf 87' lang='lat' dir='ltr'>consuetudinem</span> <span class='ocrx_word' id='word_1_173' title='bbox 789 2808 933 2885; x_wconf 92' lang='lat' dir='ltr'>ordinis</span> <span class='ocrx_word' id='word_1_174' title='bbox 952 2807 1148 2885; x_wconf 86' lang='lat' dir='ltr'>carnaliter</span> <span class='ocrx_word' id='word_1_175' title='bbox 1165 2808 1396 2885; x_wconf 89' lang='lat' dir='ltr'>commisceri</span> <span class='ocrx_word' id='word_1_176' title='bbox 1416 2806 1532 2883; x_wconf 80' lang='lat' dir='ltr'>fratri·</span> 
     </span>
     <span class='ocr_line' id='line_1_19' title="bbox 108 2929 1528 3045; baseline 0 -34"><span class='ocrx_word' id='word_1_177' title='bbox 108 2936 180 3012; x_wconf 92' lang='lat' dir='ltr'>bus</span> <span class='ocrx_word' id='word_1_178' title='bbox 206 2936 369 3024; x_wconf 74' lang='lat' dir='ltr'>ordinis,</span> <span class='ocrx_word' id='word_1_179' title='bbox 394 2964 470 3014; x_wconf 94' lang='lat' dir='ltr'>non</span> <span class='ocrx_word' id='word_1_180' title='bbox 495 2954 623 3014; x_wconf 85' lang='lat' dir='ltr'>tamen</span> <span class='ocrx_word' id='word_1_181' title='bbox 646 2937 720 3015; x_wconf 91' lang='lat' dir='ltr'>boc</span> <span class='ocrx_word' id='word_1_182' title='bbox 742 2937 832 3016; x_wconf 87' lang='lat' dir='ltr'>lecit</span> <span class='ocrx_word' id='word_1_183' title='bbox 852 2967 923 3014; x_wconf 92' lang='lat' dir='ltr'>nec</span> <span class='ocrx_word' id='word_1_184' title='bbox 948 2938 1020 3014; x_wconf 82' lang='lat' dir='ltr'>luit</span> <span class='ocrx_word' id='word_1_185' title='bbox 1043 2939 1266 3045; x_wconf 88' lang='lat' dir='ltr'>requisitus,</span> <span class='ocrx_word' id='word_1_186' title='bbox 1287 2929 1356 3015; x_wconf 85' lang='lat' dir='ltr'>nec</span> <span class='ocrx_word' id='word_1_187' title='bbox 1373 2939 1442 3015; x_wconf 89' lang='lat' dir='ltr'>scit</span> <span class='ocrx_word' id='word_1_188' title='bbox 1461 2966 1528 3012; x_wconf 91' lang='lat' dir='ltr'>nec</span> 
     </span>
     <span class='ocr_line' id='line_1_20' title="bbox 111 3065 1530 3175; baseline 0.004 -35"><span class='ocrx_word' id='word_1_189' title='bbox 111 3066 228 3141; x_wconf 84' lang='lat' dir='ltr'>credit</span> <span class='ocrx_word' id='word_1_190' title='bbox 246 3065 351 3170; x_wconf 90' lang='lat' dir='ltr'>qnod</span> <span class='ocrx_word' id='word_1_191' title='bbox 370 3066 468 3142; x_wconf 88' lang='lat' dir='ltr'>inter</span> <span class='ocrx_word' id='word_1_192' title='bbox 485 3065 615 3145; x_wconf 80' lang='lat' dir='ltr'>fratres</span> <span class='ocrx_word' id='word_1_193' title='bbox 638 3069 728 3145; x_wconf 91' lang='lat' dir='ltr'>dicti</span> <span class='ocrx_word' id='word_1_194' title='bbox 755 3068 899 3145; x_wconf 89' lang='lat' dir='ltr'>ordinis</span> <span class='ocrx_word' id='word_1_195' title='bbox 920 3068 1217 3146; x_wconf 89' lang='lat' dir='ltr'>committeretur</span> <span class='ocrx_word' id='word_1_196' title='bbox 1239 3069 1382 3145; x_wconf 89' lang='lat' dir='ltr'>dictum</span> <span class='ocrx_word' id='word_1_197' title='bbox 1401 3098 1530 3175; x_wconf 90' lang='lat' dir='ltr'>pecca·</span> 
     </span>
     <span class='ocr_line' id='line_1_21' title="bbox 110 3195 1531 3304; baseline 0.005 -35"><span class='ocrx_word' id='word_1_198' title='bbox 110 3214 205 3271; x_wconf 88' lang='lat' dir='ltr'>tum.</span> <span class='ocrx_word' id='word_1_199' title='bbox 222 3195 309 3273; x_wconf 87' lang='lat' dir='ltr'>Post</span> <span class='ocrx_word' id='word_1_200' title='bbox 329 3225 403 3303; x_wconf 88' lang='lat' dir='ltr'>que</span> <span class='ocrx_word' id='word_1_201' title='bbox 424 3196 517 3273; x_wconf 91' lang='lat' dir='ltr'>dixit</span> <span class='ocrx_word' id='word_1_202' title='bbox 537 3198 570 3273; x_wconf 91' lang='lat' dir='ltr'>ei</span> <span class='ocrx_word' id='word_1_203' title='bbox 592 3197 712 3304; x_wconf 88' lang='lat' dir='ltr'>quod,</span> <span class='ocrx_word' id='word_1_204' title='bbox 729 3199 940 3277; x_wconf 90' lang='lat' dir='ltr'>secundum</span> <span class='ocrx_word' id='word_1_205' title='bbox 960 3198 1274 3276; x_wconf 84' lang='lat' dir='ltr'>consuetudinem</span> <span class='ocrx_word' id='word_1_206' title='bbox 1289 3199 1446 3288; x_wconf 85' lang='lat' dir='ltr'>ordinis,</span> <span class='ocrx_word' id='word_1_207' title='bbox 1465 3201 1531 3276; x_wconf 93' lang='lat' dir='ltr'>de-</span> 
     </span>
     <span class='ocr_line' id='line_1_22' title="bbox 110 3311 1528 3438; baseline 0.005 -37"><span class='ocrx_word' id='word_1_208' title='bbox 110 3325 223 3403; x_wconf 89' lang='lat' dir='ltr'>bebat</span> <span class='ocrx_word' id='word_1_209' title='bbox 240 3327 399 3404; x_wconf 89' lang='lat' dir='ltr'>osculari</span> <span class='ocrx_word' id='word_1_210' title='bbox 420 3334 652 3435; x_wconf 87' lang='lat' dir='ltr'>receptorem</span> <span class='ocrx_word' id='word_1_211' title='bbox 672 3329 731 3406; x_wconf 87' lang='lat' dir='ltr'>vel</span> <span class='ocrx_word' id='word_1_212' title='bbox 750 3330 831 3438; x_wconf 83' lang='lat' dir='ltr'>ejus</span> <span class='ocrx_word' id='word_1_213' title='bbox 845 3329 972 3407; x_wconf 91' lang='lat' dir='ltr'>locum</span> <span class='ocrx_word' id='word_1_214' title='bbox 991 3345 1184 3406; x_wconf 89' lang='lat' dir='ltr'>tenentem</span> <span class='ocrx_word' id='word_1_215' title='bbox 1204 3311 1243 3405; x_wconf 96' lang='lat' dir='ltr'>in</span> <span class='ocrx_word' id='word_1_216' title='bbox 1266 3358 1354 3418; x_wconf 91' lang='lat' dir='ltr'>ano,</span> <span class='ocrx_word' id='word_1_217' title='bbox 1373 3330 1439 3405; x_wconf 89' lang='lat' dir='ltr'>sed</span> <span class='ocrx_word' id='word_1_218' title='bbox 1458 3331 1528 3437; x_wconf 90' lang='lat' dir='ltr'>ipsi</span> 
     </span>
     <span class='ocr_line' id='line_1_23' title="bbox 110 3457 1531 3566; baseline 0.002 -33"><span class='ocrx_word' id='word_1_219' title='bbox 110 3457 353 3538; x_wconf 86' lang='lat' dir='ltr'>remittebant</span> <span class='ocrx_word' id='word_1_220' title='bbox 369 3460 403 3537; x_wconf 93' lang='lat' dir='ltr'>ei</span> <span class='ocrx_word' id='word_1_221' title='bbox 419 3461 562 3538; x_wconf 89' lang='lat' dir='ltr'>dictum</span> <span class='ocrx_word' id='word_1_222' title='bbox 577 3460 768 3550; x_wconf 88' lang='lat' dir='ltr'>osculum,</span> <span class='ocrx_word' id='word_1_223' title='bbox 781 3461 958 3539; x_wconf 90' lang='lat' dir='ltr'>volebant</span> <span class='ocrx_word' id='word_1_224' title='bbox 971 3477 1098 3538; x_wconf 86' lang='lat' dir='ltr'>tamen</span> <span class='ocrx_word' id='word_1_225' title='bbox 1113 3461 1260 3566; x_wconf 91' lang='lat' dir='ltr'>quodsi</span> <span class='ocrx_word' id='word_1_226' title='bbox 1275 3460 1531 3565; x_wconf 89' lang='lat' dir='ltr'>requireretur</span> 
     </span>
     <span class='ocr_line' id='line_1_24' title="bbox 111 3590 1528 3698; baseline 0.003 -35"><span class='ocrx_word' id='word_1_227' title='bbox 111 3620 130 3663; x_wconf 92' lang='lat' dir='ltr'>a</span> <span class='ocrx_word' id='word_1_228' title='bbox 151 3590 327 3669; x_wconf 84' lang='lat' dir='ltr'>fratribus</span> <span class='ocrx_word' id='word_1_229' title='bbox 340 3591 483 3670; x_wconf 91' lang='lat' dir='ltr'>ordinis</span> <span class='ocrx_word' id='word_1_230' title='bbox 498 3620 545 3670; x_wconf 91' lang='lat' dir='ltr'>an</span> <span class='ocrx_word' id='word_1_231' title='bbox 562 3593 705 3683; x_wconf 89' lang='lat' dir='ltr'>dictum</span> <span class='ocrx_word' id='word_1_232' title='bbox 721 3593 893 3671; x_wconf 88' lang='lat' dir='ltr'>osculum</span> <span class='ocrx_word' id='word_1_233' title='bbox 903 3592 1071 3683; x_wconf 81' lang='lat' dir='ltr'>lecisset,</span> <span class='ocrx_word' id='word_1_234' title='bbox 1088 3592 1334 3698; x_wconf 90' lang='lat' dir='ltr'>responderet</span> <span class='ocrx_word' id='word_1_235' title='bbox 1347 3592 1453 3698; x_wconf 92' lang='lat' dir='ltr'>quod</span> <span class='ocrx_word' id='word_1_236' title='bbox 1466 3592 1528 3668; x_wconf 91' lang='lat' dir='ltr'>sic.</span> 
     </span>
     <span class='ocr_line' id='line_1_25' title="bbox 112 3719 1532 3828; baseline 0.001 -34"><span class='ocrx_word' id='word_1_237' title='bbox 112 3719 192 3795; x_wconf 81' lang='lat' dir='ltr'>Atia</span> <span class='ocrx_word' id='word_1_238' title='bbox 204 3722 403 3798; x_wconf 88' lang='lat' dir='ltr'>inhonesta</span> <span class='ocrx_word' id='word_1_239' title='bbox 420 3751 496 3799; x_wconf 95' lang='lat' dir='ltr'>non</span> <span class='ocrx_word' id='word_1_240' title='bbox 512 3724 796 3823; x_wconf 82' lang='lat' dir='ltr'>intervenerunt</span> <span class='ocrx_word' id='word_1_241' title='bbox 809 3723 848 3797; x_wconf 95' lang='lat' dir='ltr'>in</span> <span class='ocrx_word' id='word_1_242' title='bbox 865 3723 1086 3828; x_wconf 90' lang='lat' dir='ltr'>recepcione</span> <span class='ocrx_word' id='word_1_243' title='bbox 1099 3749 1166 3798; x_wconf 93' lang='lat' dir='ltr'>sua</span> <span class='ocrx_word' id='word_1_244' title='bbox 1178 3723 1362 3828; x_wconf 89' lang='lat' dir='ltr'>predicta,</span> <span class='ocrx_word' id='word_1_245' title='bbox 1377 3750 1447 3800; x_wconf 93' lang='lat' dir='ltr'>nec</span> <span class='ocrx_word' id='word_1_246' title='bbox 1464 3722 1532 3797; x_wconf 90' lang='lat' dir='ltr'>scit</span> 
     </span>
     <span class='ocr_line' id='line_1_26' title="bbox 113 3849 1532 3962; baseline 0.004 -38"><span class='ocrx_word' id='word_1_247' title='bbox 113 3849 183 3924; x_wconf 91' lang='lat' dir='ltr'>alia</span> <span class='ocrx_word' id='word_1_248' title='bbox 203 3850 251 3925; x_wconf 92' lang='lat' dir='ltr'>de</span> <span class='ocrx_word' id='word_1_249' title='bbox 271 3852 455 3928; x_wconf 91' lang='lat' dir='ltr'>contentis</span> <span class='ocrx_word' id='word_1_250' title='bbox 476 3852 514 3928; x_wconf 95' lang='lat' dir='ltr'>in</span> <span class='ocrx_word' id='word_1_251' title='bbox 531 3879 594 3929; x_wconf 86' lang='grc' dir='ltr'>ιιιιι</span> <span class='ocrx_word' id='word_1_252' title='bbox 615 3850 781 3929; x_wconf 86' lang='lat' dir='ltr'>articulis</span> <span class='ocrx_word' id='word_1_253' title='bbox 800 3852 1035 3959; x_wconf 82' lang='lat' dir='ltr'>supradictis.</span> <span class='ocrx_word' id='word_1_254' title='bbox 1056 3852 1272 3958; x_wconf 84' lang='lat' dir='ltr'>Requisitus</span> <span class='ocrx_word' id='word_1_255' title='bbox 1290 3881 1453 3962; x_wconf 90' lang='lat' dir='ltr'>quorum</span> <span class='ocrx_word' id='word_1_256' title='bbox 1473 3882 1532 3929; x_wconf 90' lang='lat' dir='ltr'>re-</span> 
     </span>
     <span class='ocr_line' id='line_1_27' title="bbox 115 3979 1532 4090; baseline 0.004 -36"><span class='ocrx_word' id='word_1_257' title='bbox 115 3979 355 4083; x_wconf 88' lang='lat' dir='ltr'>cepcionibus</span> <span class='ocrx_word' id='word_1_258' title='bbox 378 3981 606 4071; x_wconf 83' lang='lat' dir='ltr'>interfuerit,</span> <span class='ocrx_word' id='word_1_259' title='bbox 629 3982 824 4088; x_wconf 88' lang='lat' dir='ltr'>respondit</span> <span class='ocrx_word' id='word_1_260' title='bbox 842 3983 948 4090; x_wconf 92' lang='lat' dir='ltr'>quod</span> <span class='ocrx_word' id='word_1_261' title='bbox 969 3983 1180 4089; x_wconf 91' lang='lat' dir='ltr'>recepcioni</span> <span class='ocrx_word' id='word_1_262' title='bbox 1200 3983 1323 4062; x_wconf 81' lang='lat' dir='ltr'>fratris</span> <span class='ocrx_word' id='word_1_263' title='bbox 1342 3984 1461 4061; x_wconf 82' lang='lat' dir='ltr'>Adam</span> <span class='ocrx_word' id='word_1_264' title='bbox 1485 3984 1532 4060; x_wconf 91' lang='lat' dir='ltr'>de</span> 
     </span>
     <span class='ocr_line' id='line_1_28' title="bbox 113 4109 1534 4222; baseline 0.003 -35"><span class='ocrx_word' id='word_1_265' title='bbox 113 4109 325 4202; x_wconf 90' lang='lat' dir='ltr'>Benovalle,</span> <span class='ocrx_word' id='word_1_266' title='bbox 347 4112 411 4219; x_wconf 89' lang='lat' dir='ltr'>qui</span> <span class='ocrx_word' id='word_1_267' title='bbox 429 4112 518 4190; x_wconf 86' lang='lat' dir='ltr'>vivit</span> <span class='ocrx_word' id='word_1_268' title='bbox 534 4111 632 4190; x_wconf 90' lang='lat' dir='ltr'>ultra</span> <span class='ocrx_word' id='word_1_269' title='bbox 652 4142 766 4204; x_wconf 91' lang='lat' dir='ltr'>mare,</span> <span class='ocrx_word' id='word_1_270' title='bbox 788 4131 826 4191; x_wconf 93' lang='lat' dir='ltr'>et</span> <span class='ocrx_word' id='word_1_271' title='bbox 845 4114 966 4192; x_wconf 90' lang='lat' dir='ltr'>credit</span> <span class='ocrx_word' id='word_1_272' title='bbox 992 4142 1081 4191; x_wconf 90' lang='lat' dir='ltr'>eum</span> <span class='ocrx_word' id='word_1_273' title='bbox 1104 4114 1238 4203; x_wconf 87' lang='lat' dir='ltr'>vivere,</span> <span class='ocrx_word' id='word_1_274' title='bbox 1257 4119 1372 4222; x_wconf 76' lang='lat' dir='ltr'>quem</span> <span class='ocrx_word' id='word_1_275' title='bbox 1393 4115 1534 4221; x_wconf 90' lang='lat' dir='ltr'>recepit</span> 
     </span>
     <span class='ocr_line' id='line_1_29' title="bbox 113 4239 1534 4355; baseline 0.006 -40"><span class='ocrx_word' id='word_1_276' title='bbox 113 4239 227 4319; x_wconf 87' lang='lat' dir='ltr'>lrater</span> <span class='ocrx_word' id='word_1_277' title='bbox 244 4243 353 4350; x_wconf 85' lang='lat' dir='ltr'>Hugo</span> <span class='ocrx_word' id='word_1_278' title='bbox 373 4243 420 4320; x_wconf 90' lang='lat' dir='ltr'>de</span> <span class='ocrx_word' id='word_1_279' title='bbox 440 4243 598 4321; x_wconf 90' lang='lat' dir='ltr'>Peraldo</span> <span class='ocrx_word' id='word_1_280' title='bbox 617 4245 657 4321; x_wconf 91' lang='lat' dir='ltr'>in</span> <span class='ocrx_word' id='word_1_281' title='bbox 678 4243 855 4351; x_wconf 90' lang='lat' dir='ltr'>capitulio</span> <span class='ocrx_word' id='word_1_282' title='bbox 875 4244 1039 4355; x_wconf 83' lang='lat' dir='ltr'>generali</span> <span class='ocrx_word' id='word_1_283' title='bbox 1060 4245 1222 4322; x_wconf 90' lang='lat' dir='ltr'>Parisius</span> <span class='ocrx_word' id='word_1_284' title='bbox 1248 4246 1352 4353; x_wconf 89' lang='lat' dir='ltr'>quod</span> <span class='ocrx_word' id='word_1_285' title='bbox 1373 4246 1534 4325; x_wconf 90' lang='lat' dir='ltr'>celebra-</span> 
     </span>
     <span class='ocr_line' id='line_1_30' title="bbox 115 4371 1535 4485; baseline 0.005 -38"><span class='ocrx_word' id='word_1_286' title='bbox 115 4371 225 4449; x_wconf 87' lang='lat' dir='ltr'>batur</span> <span class='ocrx_word' id='word_1_287' title='bbox 243 4374 283 4449; x_wconf 94' lang='lat' dir='ltr'>in</span> <span class='ocrx_word' id='word_1_288' title='bbox 301 4372 397 4451; x_wconf 81' lang='lat' dir='ltr'>festo</span> <span class='ocrx_word' id='word_1_289' title='bbox 417 4375 616 4453; x_wconf 85' lang='lat' dir='ltr'>nativitatis</span> <span class='ocrx_word' id='word_1_290' title='bbox 634 4375 734 4453; x_wconf 91' lang='lat' dir='ltr'>beati</span> <span class='ocrx_word' id='word_1_291' title='bbox 753 4376 934 4454; x_wconf 89' lang='lat' dir='ltr'>Johannis</span> <span class='ocrx_word' id='word_1_292' title='bbox 948 4376 1127 4483; x_wconf 79' lang='lat' dir='ltr'>baptiste,</span> <span class='ocrx_word' id='word_1_293' title='bbox 1146 4395 1183 4453; x_wconf 89' lang='lat' dir='ltr'>et</span> <span class='ocrx_word' id='word_1_294' title='bbox 1202 4377 1323 4455; x_wconf 91' lang='lat' dir='ltr'>credit</span> <span class='ocrx_word' id='word_1_295' title='bbox 1339 4380 1443 4485; x_wconf 89' lang='lat' dir='ltr'>quod</span> <span class='ocrx_word' id='word_1_296' title='bbox 1461 4379 1535 4455; x_wconf 90' lang='lat' dir='ltr'>sint</span> 
     </span>
     <span class='ocr_line' id='line_1_31' title="bbox 116 4502 1536 4612; baseline 0.007 -36"><span class='ocrx_word' id='word_1_297' title='bbox 116 4502 232 4607; x_wconf 88' lang='lat' dir='ltr'>elapsi</span> <span class='ocrx_word' id='word_1_298' title='bbox 260 4531 322 4582; x_wconf 86' lang='lat' dir='ltr'>vm</span> <span class='ocrx_word' id='word_1_299' title='bbox 346 4505 449 4594; x_wconf 91' lang='lat' dir='ltr'>anni,</span> <span class='ocrx_word' id='word_1_300' title='bbox 472 4522 512 4582; x_wconf 90' lang='lat' dir='ltr'>et</span> <span class='ocrx_word' id='word_1_301' title='bbox 533 4504 604 4582; x_wconf 81' lang='lat' dir='ltr'>fuit</span> <span class='ocrx_word' id='word_1_302' title='bbox 627 4534 781 4612; x_wconf 90' lang='lat' dir='ltr'>presens</span> <span class='ocrx_word' id='word_1_303' title='bbox 804 4505 917 4583; x_wconf 77' lang='lat' dir='ltr'>frater</span> <span class='ocrx_word' id='word_1_304' title='bbox 936 4506 1056 4583; x_wconf 83' lang='lat' dir='ltr'>Adam</span> <span class='ocrx_word' id='word_1_305' title='bbox 1081 4505 1129 4582; x_wconf 92' lang='lat' dir='ltr'>de</span> <span class='ocrx_word' id='word_1_306' title='bbox 1148 4506 1409 4596; x_wconf 88' lang='lat' dir='ltr'>Vollencourt,</span> <span class='ocrx_word' id='word_1_307' title='bbox 1431 4510 1536 4588; x_wconf 89' lang='lat' dir='ltr'>testis</span> 
     </span>
     <span class='ocr_line' id='line_1_32' title="bbox 116 4633 1534 4747; baseline 0.006 -40"><span class='ocrx_word' id='word_1_308' title='bbox 116 4660 228 4736; x_wconf 89' lang='lat' dir='ltr'>supra</span> <span class='ocrx_word' id='word_1_309' title='bbox 248 4635 496 4723; x_wconf 86' lang='lat' dir='ltr'>examinatus,</span> <span class='ocrx_word' id='word_1_310' title='bbox 512 4652 550 4712; x_wconf 88' lang='lat' dir='ltr'>et</span> <span class='ocrx_word' id='word_1_311' title='bbox 565 4633 737 4714; x_wconf 88' lang='lat' dir='ltr'>Galterus</span> <span class='ocrx_word' id='word_1_312' title='bbox 754 4636 801 4713; x_wconf 91' lang='lat' dir='ltr'>de</span> <span class='ocrx_word' id='word_1_313' title='bbox 818 4636 1025 4713; x_wconf 91' lang='lat' dir='ltr'>Liencourt</span> <span class='ocrx_word' id='word_1_314' title='bbox 1043 4635 1168 4724; x_wconf 89' lang='lat' dir='ltr'>miles,</span> <span class='ocrx_word' id='word_1_315' title='bbox 1188 4638 1423 4747; x_wconf 88' lang='lat' dir='ltr'>propinquus</span> <span class='ocrx_word' id='word_1_316' title='bbox 1446 4640 1534 4716; x_wconf 92' lang='lat' dir='ltr'>dicti</span> 
     </span>
     <span class='ocr_line' id='line_1_33' title="bbox 60 4760 1534 4873; baseline 0.007 -37"><span class='ocrx_word' id='word_1_317' title='bbox 60 4840 67 4847; x_wconf 70' lang='grc'><strong>,</strong></span> <span class='ocrx_word' id='word_1_318' title='bbox 115 4760 212 4852; x_wconf 82' lang='lat' dir='ltr'>Ade,</span> <span class='ocrx_word' id='word_1_319' title='bbox 240 4779 277 4838; x_wconf 88' lang='lat' dir='ltr'>et</span> <span class='ocrx_word' id='word_1_320' title='bbox 298 4763 360 4841; x_wconf 87' lang='lat' dir='ltr'>alii</span> <span class='ocrx_word' id='word_1_321' title='bbox 379 4765 518 4872; x_wconf 88' lang='lat' dir='ltr'>plures.</span> <span class='ocrx_word' id='word_1_322' title='bbox 541 4765 715 4843; x_wconf 77' lang='lat' dir='ltr'>Interfuit</span> <span class='ocrx_word' id='word_1_323' title='bbox 737 4767 854 4844; x_wconf 88' lang='lat' dir='ltr'>eciam</span> <span class='ocrx_word' id='word_1_324' title='bbox 872 4766 1083 4873; x_wconf 89' lang='lat' dir='ltr'>recepcioni</span> <span class='ocrx_word' id='word_1_325' title='bbox 1102 4769 1282 4846; x_wconf 86' lang='lat' dir='ltr'>Johannis</span> <span class='ocrx_word' id='word_1_326' title='bbox 1307 4770 1354 4848; x_wconf 93' lang='lat' dir='ltr'>de</span> <span class='ocrx_word' id='word_1_327' title='bbox 1373 4770 1534 4848; x_wconf 89' lang='lat' dir='ltr'>Parisius</span> 
     </span>
     <span class='ocr_line' id='line_1_34' title="bbox 117 4893 1536 5006; baseline 0.004 -37"><span class='ocrx_word' id='word_1_328' title='bbox 117 4893 325 4983; x_wconf 85' lang='lat' dir='ltr'>servientis,</span> <span class='ocrx_word' id='word_1_329' title='bbox 348 4894 416 4972; x_wconf 84' lang='lat' dir='ltr'>filii</span> <span class='ocrx_word' id='word_1_330' title='bbox 437 4894 637 4975; x_wconf 84' lang='lat' dir='ltr'>Hisabellis</span> <span class='ocrx_word' id='word_1_331' title='bbox 656 4896 704 4973; x_wconf 91' lang='lat' dir='ltr'>de</span> <span class='ocrx_word' id='word_1_332' title='bbox 724 4895 950 4985; x_wconf 79' lang='lat' dir='ltr'>Aurelianis,</span> <span class='ocrx_word' id='word_1_333' title='bbox 971 4925 1086 5003; x_wconf 88' lang='lat' dir='ltr'>quern</span> <span class='ocrx_word' id='word_1_334' title='bbox 1113 4900 1255 5006; x_wconf 89' lang='lat' dir='ltr'>recepit</span> <span class='ocrx_word' id='word_1_335' title='bbox 1278 4900 1400 4979; x_wconf 89' lang='lat' dir='ltr'>dictus</span> <span class='ocrx_word' id='word_1_336' title='bbox 1424 4901 1536 4976; x_wconf 84' lang='lat' dir='ltr'>frater</span> 
     </span>
    </p>
   </div>
   <div class='ocr_carea' id='block_1_3' title="bbox 0 0 2062 6052">
    <p class='ocr_par' dir='ltr' id='par_1_3' title="bbox 0 0 2062 6052">
     <span class='ocr_line' id='line_1_35' title="bbox 0 0 2062 6052; baseline 0 0"><span class='ocrx_word' id='word_1_337' title='bbox 0 0 2062 6052; x_wconf 95' lang='lat' dir='ltr'> </span> 
     </span>
    </p>
   </div>
  </div>
 </body>
</html>
