4080 6052
304 552 377 625 sss
687 523 885 617 rnocns
911 541 1005 619 nas
1032 537 1329 612 ravennas.

307 691 410 800 quod
436 706 533 767 esset
555 688 716 793 suspicio
739 686 932 781 intereos.
955 680 1320 784 Iu-recepcionesua
1340 675 1468 753 fuitei
1490 675 1649 751 dictum
1670 701 1733 781 per

303 824 447 902 dictum
463 837 695 924 receptorem
711 814 837 924 quod,
855 813 925 888 nisi
942 811 1081 888 faceret
1092 809 1238 915 aliquid
1252 807 1299 884 de
1319 806 1430 882 dictis
1445 803 1619 892 illicitis,
1637 806 1730 883 male

302 953 445 1032 veniret
464 951 518 1037 ei,
541 965 579 1025 et
597 944 877 1054 probibuitsibi
891 943 995 1050 quod
1010 968 1086 1019 non
1104 939 1287 1018 revelaret
1300 954 1441 1015 secreta
1455 934 1722 1042 capitoliorum

304 1112 375 1161 nec
389 1080 548 1158 modum
562 1109 628 1157 sue
643 1075 888 1184 recepcionis,
905 1090 943 1149 et
958 1072 989 1150 si
1001 1071 1231 1151 contrarium
1243 1069 1399 1156 laceret,
1418 1067 1461 1142 in
1476 1068 1722 1173 compedibus

302 1228 519 1319 poneretur.
546 1209 629 1290 Non
663 1208 734 1285 fuit
767 1207 799 1284 ei
834 1202 1039 1281 inhibitum
1064 1201 1169 1308 quod
1190 1229 1266 1276 non
1295 1197 1550 1276 confiteretur
1575 1198 1648 1276 nisi
1675 1229 1721 1277 sa·

303 1342 520 1420 cerdotibus
540 1338 695 1416 ordinis.
708 1335 936 1439 Fratresqui
952 1331 1120 1409 sciebant
1134 1357 1279 1408 errores
1293 1329 1453 1406 fuerunt
1472 1327 1722 1436 negligentes,

303 1474 490 1580 quianon
515 1485 756 1546 correxerunt
779 1493 844 1543 eos
862 1491 940 1540 nec
962 1462 1281 1540 denunciaverunt
1304 1458 1485 1536 Ecclesie.
1508 1459 1637 1568 Aliqui
1662 1462 1725 1539 da·

302 1601 396 1678 bant
415 1599 660 1678 eleemosinas
672 1615 712 1674 et
724 1596 918 1676 servabant
930 1594 1221 1701 hospitalitatem
1239 1596 1279 1671 in
1297 1593 1432 1672 ordine
1452 1592 1589 1701 largius
1606 1622 1718 1699 quam

304 1730 378 1806 alii.
394 1730 546 1807 Audiuit
558 1729 630 1805 dici
646 1727 751 1834 quod
764 1726 859 1802 clam
876 1750 1008 1802 eorum
1024 1725 1199 1831 capitulia
1213 1725 1457 1803 tenebantur.
1468 1722 1592 1801 Credit
1609 1722 1715 1829 quod

303 1878 406 1937 totus
426 1859 520 1937 ordo
539 1874 718 1935 servasset
726 1856 831 1964 quod
848 1883 1006 1962 magnus
1020 1856 1195 1964 Magister
1210 1884 1297 1933 cum
1312 1869 1504 1932 conventu
1519 1854 1714 1930 statuisset.

304 1990 435 2069 Credit
451 1990 555 2096 quod
575 1988 691 2094 aliqui
712 1989 882 2064 exierunt
894 1985 1068 2063 ordinem
1080 2003 1234 2094 propter
1245 2014 1379 2063 eorum
1391 1984 1580 2071 levitates,
1601 2003 1640 2060 et
1649 1983 1722 2061 lor-

255 2153 261 2161 ·
304 2122 399 2196 sitan
418 2135 571 2225 propter
593 2117 781 2224 predicta3
807 2134 846 2193 et
864 2117 943 2222 ipse
969 2115 1153 2205 exivisset,
1176 2117 1204 2192 si
1226 2116 1411 2222 potuisset
1434 2141 1660 2221 recuperare
1683 2142 1721 2191 ea

304 2279 378 2358 que
396 2249 503 2326 amici
525 2249 583 2326 sui
604 2248 787 2326 dederant
803 2275 872 2354 pro
892 2247 1111 2354 recepcione
1131 2276 1208 2325 sua.
1230 2249 1338 2325 Nunc
1356 2245 1517 2356 grandia
1536 2246 1720 2331 scandala,

303 2380 466 2486 suspicio
497 2397 535 2457 et
556 2378 706 2455 infamia
735 2395 824 2456 suut
850 2395 976 2454 exorta
996 2394 1127 2455 contra
1152 2377 1341 2464 ordinem,
1372 2377 1421 2453 ad
1444 2377 1558 2484 cujus
1583 2375 1722 2454 deffen-

303 2512 449 2588 sionem
470 2537 607 2587 senon
628 2508 827 2587 obtulerat.

360 2639 576 2746 Requisitus
605 2639 636 2716 si
666 2639 718 2716 sic
738 2638 963 2744 deposuerat
991 2667 1118 2747 prece,
1153 2657 1349 2746 precepto,
1382 2639 1546 2730 timore,
1578 2667 1718 2728 amore,

303 2771 362 2847 rel
391 2768 592 2848 commodo
611 2768 809 2874 temporali
833 2768 963 2847 habito
983 2768 1041 2846 vel
1061 2769 1256 2862 habendo,
1282 2768 1481 2875 respondit
1505 2769 1607 2876 quod
1625 2796 1715 2856 non,

305 2901 372 2975 sed
397 2928 466 3005 pro
496 2901 648 2979 veritate
679 2898 848 2977 dicenda.
879 2900 951 2978 Cui
975 2898 1049 2977 fuit
1072 2900 1285 3007 injunctum
1311 2898 1415 3005 quod
1440 2927 1522 2977 non
1548 2898 1717 2976 revelaret

303 3029 401 3105 hanc
420 3058 526 3106 suam
549 3028 828 3133 deposicionem
853 3055 1061 3137 quousque
1075 3031 1335 3109 attestaciones
1359 3028 1506 3108 fuerint
1526 3028 1716 3137 publicato.

360 3291 489 3366 Frater
519 3290 708 3367 lohannes
741 3291 788 3367 do
818 3291 1030 3370 Elemosina
1062 3295 1245 3383 serviens,
1286 3293 1504 3369 Parisiensis
1540 3293 1721 3377 diocesis,

303 3419 408 3495 testis
428 3447 540 3523 supra
558 3419 723 3525 juratus,
751 3448 828 3496 non
852 3422 1038 3499 defferens
1057 3424 1278 3499 mantellum
1303 3423 1465 3510 ordinis,
1487 3424 1573 3527 quia
1597 3423 1722 3526 ipsum

306 3549 497 3626 dimiserat
512 3551 550 3625 in
567 3549 724 3626 concilio
739 3551 964 3641 Senonensi,
982 3527 1223 3658 postmodum
1234 3551 1315 3627 radi
1327 3550 1538 3629 feceratsibi
1548 3549 1716 3640 barbam,

304 3681 455 3787 triginta
483 3682 648 3757 duorum
669 3708 851 3756 annorum
882 3681 939 3758 vel
966 3682 1077 3770 circa,
1104 3681 1283 3788 premissa
1321 3680 1589 3787 protestacione
1616 3679 1721 3786 quod

304 3838 380 3888 non
406 3812 569 3888 intendit
595 3813 769 3888 recedere
791 3842 810 3888 a
838 3813 1077 3918 deposicione
1097 3841 1164 3919 per
1185 3842 1270 3889 eum
1293 3814 1386 3890 sacta
1407 3813 1577 3898 Carnoti,
1600 3840 1721 3888 coram

306 3943 461 4019 domino
480 3944 654 4048 episcopo
678 3942 916 4030 Carnotensi,
939 3944 1004 4048 qui
1029 3944 1186 4020 absolvit
1207 3962 1243 4019 et
1261 3945 1515 4022 reconciliavit
1532 3944 1720 4021 eumdem.

306 4074 425 4150 Lectis
459 4093 496 4151 et
531 4073 732 4179 diligenter
764 4075 938 4179 expositis
971 4075 1040 4150 sibi
1073 4074 1251 4151 omnibus
1282 4093 1318 4150 et
1348 4076 1506 4185 singulis
1541 4074 1721 4163 articulis,

304 4207 499 4310 respondit
518 4206 621 4312 quod
641 4233 836 4309 nunquam
857 4206 951 4282 vidit
977 4205 1093 4282 alium
1114 4206 1265 4282 fratrem
1286 4207 1400 4312 recipi
1422 4209 1460 4282 iu
1485 4207 1636 4292 ordine,
1658 4235 1722 4282 nec

303 4363 467 4440 unquam
491 4334 708 4412 interfuerat
722 4333 958 4440 generalibus
978 4336 1148 4441 capitulis
1165 4338 1403 4429 eorumdem,
1426 4366 1497 4415 nec
1524 4337 1662 4415 sciebat
1681 4336 1722 4413 de

305 4467 486 4542 contentis
511 4467 550 4541 in
576 4464 665 4570 ipsis
691 4464 855 4540 articulis
883 4464 953 4539 nisi
975 4465 1079 4571 quod
1102 4467 1288 4571 sequitur,
1317 4467 1522 4545 videlicet:
1551 4497 1591 4545 se
1617 4469 1723 4545 inter-

304 4593 416 4670 fuisse
445 4595 632 4700 aliquibus
663 4595 834 4699 capitulis
860 4595 1128 4702 singularibus,
1162 4599 1200 4672 in
1230 4594 1369 4703 quibus
1392 4598 1471 4704 ipse
1508 4599 1634 4675 etalii
1659 4598 1722 4674 lra-

303 4740 378 4797 tres
402 4727 466 4828 qui
493 4726 532 4799 in
555 4725 714 4830 jacendo
743 4725 823 4802 sine
844 4731 977 4831 pannis
1001 4728 1110 4804 lineis
1134 4728 1192 4803 vel
1217 4727 1306 4804 alias
1330 4732 1555 4836 transgressi
1582 4732 1720 4808 fueraut

304 4852 559 4933 observancias
584 4854 791 4960 religionis,
820 4858 877 4932 vel
905 4857 1103 4936 violassent
1127 4860 1331 4936 castitatem
1351 4860 1409 4936 vel
1438 4861 1713 4945 obedienciam,
