4080 6052
471 557 669 662 raeces
695 569 1117 653 nas-nemesium.
1431 573 1503 653 tet
1528 538 1538 546 ⁴

83 725 342 831 juramentum
362 718 541 801 voluisset
563 720 657 797 scire
685 717 733 799 sb
755 717 837 825 ipso
857 734 954 799 teste
978 719 1008 796 si
1036 735 1115 798 erat
1146 720 1502 808 excommunicatus,

85 851 323 937 matrimonio
347 849 406 928 vel
432 849 538 929 elteri
565 848 739 956 religioni
769 848 973 956 obligatus,
999 850 1029 927 si
1047 847 1221 927 babebat
1245 848 1502 927 infirnutat'em

83 983 278 1076 latentem,
292 998 332 1060 et
344 981 469 1061 eidem
482 998 578 1060 teste
592 980 842 1088 respondente
856 980 964 1086 quod
979 1006 1074 1067 non,
1088 978 1362 1059 consuluerunt
1370 976 1502 1058 fratres

83 1129 242 1196 astantes
259 1111 372 1218 vquod
398 1111 610 1218 reciperent
634 1140 740 1200 curm
761 1127 854 1189 tune
872 1109 1040 1190 fuerunt-
1055 1127 1245 1217 apportate
1269 1122 1401 1189 vestes
1418 1112 1505 1188 'reli-

82 1243 219 1350 gionis,
245 1259 284 1320 et
306 1242 386 1348 ipse
404 1241 531 1321 induit
551 1270 611 1321 eas
636 1242 674 1322 in
693 1241 861 1348 quodam
878 1241 1036 1346 porticu.
1056 1241 1319 1319 Postearediit
1333 1238 1504 1319 adeum»

83 1389 122 1449 et
139 1372 294 1451 tradidit
314 1373 389 1456 sibi
417 1371 657 1461 mantellum,
683 1388 721 1452 et
743 1370 818 1450 luit
841 1399 937 1450 enm.
950 1372 1138 1448 osculatus
1163 1371 1203 1446 in
1228 1398 1310 1458 ore,
1336 1371 1504 1451 sednon

83 1519 257 1594 astantes,
277 1518 315 1580 et
334 1503 427 1583 dixit
441 1502 479 1580 ei
491 1500 821 1608 quodsecundunr
836 1517 974 1606 puncta
985 1502 1128 1579 ordinis
1141 1499 1303 1577 debehat
1318 1522 1506 1579 voverent

76 1631 219 1737 jurare,
237 1648 275 1708 et
295 1632 368 1709 hoc
384 1631 484 1711 vovit
507 1646 549 1706 et
558 1630 717 1736 juravit,
735 1629 958 1722 castitatem,
975 1629 1252 1718 obedienciam,
1275 1630 1396 1707 vivere
1423 1631 1503 1709 sine

79 1761 243 1866 proprio,
253 1778 292 1871 et
304 1789 385 1840 non
393 1759 561 1839 revetere
569 1775 710 1839 secreta
724 1759 878 1848 ordinis,
893 1759 1140 1865 dicensquod
1149 1760 1181 1835 si
1190 1759 1382 1846 revelaret,
1401 1758 1506 1838 arnitss

79 1907 177 1968 teret
202 1869 425 1976 mantellum
445 1889 680 1981 et·dnntum;
699 1887 946 1993 posteatdixit
966 1888 1011 1964 ei·
1024 1888 1131 1995 qnod
1149 1888 1222 1965 alit
1240 1907 1378 1994 puncta
1398 1909 1504 1973 erant

80 2018 119 2104 in
140 2020 273 2104 ordine
288 2047 421 2105 eorum
436 2045 511 2123 que
529 2017 725 2122 oportebat
745 2046 1009 2109 eum.servere.;
1025 2017 1152 2124 primo>
1169 2018 1381 2124 dixitqued
1393 2048 1504 2127 open

80 2147 184 2225 tebat
203 2165 300 2235 eum·
311 2176 446 2254 spuere
465 2171 584 2252 snper
598 2148 800 2261 quamdam
820 2160 975 2246 'crucem
996 2147 1044 2225 de
1057 2175 1191 2252 panno
1214 2148 1502 2228 urben-allatam
1627 2200 1634 2210 ·
1675 2156 1681 2175 ⁴

80 2306 147 2383 per
171 2279 300 2384 ipsunt·
316 2293 568 2385 receptorem,
585 2278 635 2368 in
657 2290 763 2358 terra·
779 2277 966 2384 positam,
979 2295 1019 2356 et
1034 2279 1201 2384 precepit
1218 2281 1324 2385 quod
1352 2301 1503 2387 spueret

81 2428 194 2516 super
213 2439 313 2498 earn,
340 2427 379 2493 et
399 2410 478 2515 ipse
494 2413 615 2505 ,testis
639 2409 762 2490 n'oluit
787 2418 921 2517 spuere
948 2410 1166 2514 supersedi
1185 2411 1302 2517 juxta.
1325 2407 1502 2490 Secundo

80 2540 247 2646 precepit
264 2541 369 2646 qnod
384 2518 593 2648 'abnegaret
607 2542 750 2626 Deum,
766 2554 804 2619 et
825 2547 912 2616 cum
930 2538 1137 2644 ipse-testis
1150 2539 1292 2615 diceret
1309 2541 1416 2646 qnod
1429 2542 1502 2619 hoc
1594 2530 1602 2553 '

81 2695 156 2746 non
181 2686 259 2753 erat
278 2669 355 2761 fes,
371 2687 551 2775 ‚receptor
573 2669 669 2779 dixit
684 2668 726 2749 ,ei
751 2667 857 2776 quod
874 2667 948 2745 hoc
966 2667 1173 2773 oportebat·
1187 2686 1276 2746 enm
1298 2667 1502 2758 lacere.,·fet

79 2815 168 2877 tunc
187 2799 266 2904 ipse
285 2800 392 2880 testis
410 2801 582 2880 turbatus
600 2799 692 2879 dixit
702 2811 724 2879 ἐ,
737 2798 783 2879 'Si
796 2823 868 2907 ego
881 2797 1030 2892 faciam,
1051 2826 1120 2906 ego
1133 2798 1269 2881 faciam
1287 2795 1407 2880 orest
1425 2795 1502 2878 non

80 2929 210 3019 corde,
230 2946 268 3007 et
281 2946 371 3008 tunc
386 2906 582 3038 abnegarit
596 2958 751 3008 orenon
765 2929 897 3007 corde.
915 2931 1048 3007 Postea
1062 2929 1161 3006 dixit
1170 2930 1281 3036 quod}
1290 2927 1500 3008 sectindnnr

81 3059 178 3134 dicta
196 3076 334 3164 puncta
361 3059 525 3140 debebat
548 3073 638 3141 eum
659 3059 819 3140 osculari
846 3060 1001 3147 inane:
1027 3061 1095 3137 sed
1115 3061 1202 3166 ¹ip'se
1222 3060 1298 3137 no'n
1318 3056 1391 3137 luit
1413 3054 1502 3138 enm

80 3187 287 3279 osculatus,
311 3190 399 3295 quia
425 3191 519 3269 dixit
543 3208 717 3300 receptor
740 3191 845 3298 quod
868 3206 1038 3296 parceret
1060 3190 1141 3267 sibi.
1166 3187 1315 3267 Deinde
1330 3187 1441 3268 'dixit
1466 3192 1499 3267 ei
1542 3302 1544 3306 .
1666 3262 1668 3266 ,

79 3319 183 3421 quod
209 3321 419 3399 secundum
439 3341 577 3431 puncta
599 3323 766 3429 predicta
789 3338 935 3427 poterat
957 3321 1153 3399 carnaliter
1176 3320 1410 3414 commisceri
1435 3315 1501 3398 irn-

78 3447 198 3527 tn‘bus
216 3451 376 3540 ordinis,
396 3469 434 3529 et
453 3455 529 3559 pati
547 3455 652 3561 quod
669 3453 740 3561 ipsi
756 3453 1088 3531 commiscerentur
1105 3481 1193 3530 cum
1204 3479 1263 3527 eo.
1276 3452 1355 3527 Hoc
1373 3467 1500 3562 tamen

80 3606 156 3657 non
167 3577 274 3673 lecit,
290 3609 360 3660 nec
370 3581 443 3661 fuit
457 3584 672 3690 requisitus,
690 3613 760 3661 nec
775 3583 846 3662 scit
863 3611 933 3660 nec
952 3582 1073 3659 credit
1087 3582 1189 3688 quod
1208 3579 1340 3659 iratres
1358 3580 1500 3657 ordinis

79 3710 357 3789 committerent
375 3712 517 3792 dictum
540 3729 752 3818 peccatum,
772 3711 882 3818 plura
900 3712 1070 3789 nesciens
1093 3711 1141 3788 de
1169 3711 1356 3789 contentis
1380 3711 1418 3786 in
1436 3734 1500 3788 xm

80 3838 246 3914 articulis
262 3840 494 3944 supradictis.

136 3967 249 4059 Item,
271 3969 476 4075 requisitus
497 3997 610 4076 super
626 3997 704 4049 nnn
716 3987 754 4048 et
773 3970 952 4049 omnibus
969 3971 1052 4048 aliis
1071 3970 1335 4078 sequentibus,
1350 3999 1500 4078 respon-

81 4097 137 4175 dit
154 4126 194 4175 se
210 4097 328 4177 nichil
348 4099 441 4178 scire
457 4100 558 4178 ultra
574 4101 679 4209 quod
697 4129 811 4208 supra
833 4101 1027 4209 deposuit,
1048 4101 1122 4179 hoc
1133 4117 1290 4208 excepte
1300 4103 1407 4209 quod
1420 4102 1500 4210 ipse

78 4225 176 4308 bene
195 4230 370 4309 credebat
391 4231 646 4311 ecclesiasticis
671 4232 933 4325 sacramentis,
962 4234 1119 4312 credens
1148 4233 1253 4341 quod
1281 4230 1344 4310 alii
1367 4232 1498 4310 batres

79 4357 221 4434 ordinis
237 4358 335 4437 bene
352 4362 560 4450 crederent,
578 4379 616 4438 et
629 4363 734 4467 quod
748 4365 959 4441 sacerdotes
969 4391 1103 4441 eorum
1114 4364 1241 4442 debite
1253 4364 1496 4442 celebrarent.

80 4491 161 4565 Non
180 4490 314 4578 credit,
329 4520 399 4568 nec
415 4491 557 4568 audivit
572 4490 645 4568 dici
661 4492 699 4568 in
715 4493 868 4580 ordine,
894 4493 999 4600 quod
1015 4494 1098 4570 laici
1124 4512 1276 4602 possent
1295 4524 1358 4574 eos
1383 4496 1500 4573 absol-

80 4645 165 4697 vere
184 4647 205 4695 a
224 4622 395 4724 peccatis.
421 4623 505 4701 Non
520 4621 699 4729 jurabant
729 4622 903 4702 ordinem
926 4652 1004 4701 non
1033 4624 1155 4712 exire,
1188 4625 1254 4702 sed
1277 4625 1402 4704 statim
1426 4634 1495 4733 pro

78 4747 253 4855 professis
261 4750 509 4840 habebantur,
522 4769 560 4829 et
572 4750 1235 4860 clandestinerecipiebantumeredit
1248 4756 1354 4865 quod
1366 4783 1412 4834 er
1424 4756 1496 4833 hoe

79 4880 242 4987 senpicio
264 4899 394 4963 contra
413 4882 584 4965 ordinem
600 4883 819 4966 haberetur.
840 4885 1019 4966 Cerdnlis
1035 4885 1283 4995 cingebantur
1301 4914 1414 4994 snpra
1436 4915 1496 4964 ca-

1340 5025 1391 5088 61.
