4080 6052
545 550 617 624 ass
929 528 1127 621 procus
1153 547 1247 618 oss
1273 545 1571 617 ruussrsas.

542 708 690 800 poterat
708 689 903 767 carnaliter
917 687 1149 767 commisceri
1162 685 1338 763 hatribus
1355 685 1473 791 ipsius
1488 683 1646 775 ordinis,
1659 700 1698 760 et
1708 682 1880 760 debebat
1889 686 1965 790 pati

543 823 647 930 quod
666 821 729 899 alii
749 820 1080 922 commiscerentur
1100 817 1243 908 eidem3
1263 834 1392 894 tamen
1410 818 1483 894 hoc
1502 842 1579 893 non
1600 813 1703 907 lecit,
1725 840 1797 890 nec
1814 813 1890 893 fuit
1909 843 1967 892 re·

542 953 720 1060 quisitus,
741 978 811 1027 nec
830 950 912 1038 scit,
937 977 1007 1026 nec
1026 947 1144 1025 credit
1167 947 1272 1052 quod
1291 946 1436 1023 dictum
1455 944 1644 1053 flagicium
1664 961 1872 1021 servaretur
1888 973 1961 1023 seu

513 1094 518 1105 ’
542 1096 819 1189 perpetraretur
838 1078 936 1155 inter
954 1079 1086 1156 fratres
1106 1077 1195 1154 dicti
1215 1076 1369 1154 ordinis.
1383 1074 1441 1155 De
1456 1074 1593 1154 osculis
1608 1073 1816 1153 inhonestis
1832 1073 1890 1151 vel
1906 1075 1957 1157 de

542 1211 730 1320 aliquibus
750 1209 832 1286 aliis
851 1207 991 1286 illicitis
1010 1236 1087 1286 non
1107 1207 1180 1284 luit
1197 1206 1346 1286 locutus
1367 1207 1508 1299 eidem,
1526 1232 1598 1282 nec
1611 1206 1681 1282 scit
1699 1205 1789 1311 plus
1808 1205 1853 1281 de
1872 1233 1960 1283 con·

540 1343 653 1419 tentis
674 1343 715 1417 in
736 1367 801 1418 1111
828 1340 992 1417 articulis
1017 1338 1248 1445 supradictis.
1271 1341 1392 1443 Immo
1418 1337 1511 1414 dixit
1529 1337 1634 1443 quod
1657 1336 1700 1413 in
1725 1337 1788 1413 die
1807 1338 1961 1416 Veneris

540 1489 665 1549 sancta
683 1471 813 1548 devote
834 1469 1038 1548 adorabant
1056 1498 1218 1546 crucem.

596 1600 813 1708 Requisitus
833 1601 862 1676 si
884 1599 1104 1677 interfuerat
1126 1599 1286 1677 aliorum
1305 1598 1605 1706 recepcionihus,
1626 1597 1827 1706 respondit
1844 1625 1884 1677 se
1904 1599 1957 1675 in·

438 1764 442 1772 ·
541 1731 714 1809 tersuisse
734 1731 943 1838 recepcioni
963 1730 1087 1807 fratris
1107 1729 1299 1808 Michaelis
1318 1730 1468 1809 Mosteti
1490 1730 1700 1818 servientis,
1720 1757 1839 1837 quem
1857 1756 1957 1807 rece·

536 1860 594 1968 'pit
615 1861 729 1938 frater
750 1862 976 1968 Bandoynus
999 1862 1045 1936 de
1071 1877 1195 1938 sancto
1219 1862 1341 1947 lusto,
1366 1878 1562 1967 preceptor
1588 1877 1681 1938 tunc
1704 1860 1797 1937 dicti
1825 1862 1955 1937 domus

541 1992 801 2099 d'Oysemont,
816 1993 855 2066 in
870 1991 968 2069 dicta
984 1991 1098 2068 domo
1116 1991 1374 2099 d’Oysemont,
1396 1993 1436 2066 in
1459 2018 1604 2069 camera
1618 2019 1702 2079 sua,
1719 1991 1955 2098 presentibus

538 2121 716 2226 fratribus
734 2120 869 2226 Egidio
892 2122 938 2198 de
961 2122 1299 2227 Rontengicurato
1317 2121 1415 2198 dicte
1436 2122 1590 2211 domus,
1611 2122 1782 2200 Thomas
1806 2123 1854 2198 de
1876 2122 1956 2199 Jan-

540 2251 631 2328 valle
652 2251 877 2358 presbitero,
899 2269 994 2329 teste
1019 2253 1074 2329 eri
1097 2252 1316 2344 examinato,
1334 2269 1373 2329 et
1390 2251 1591 2358 Radulpho
1609 2253 1836 2362 agricultore
1861 2254 1955 2332 dicte

540 2382 693 2471 domus,
713 2382 916 2459 deffuncto.
939 2385 981 2459 ln
1002 2383 1109 2490 cujus
1127 2383 1346 2489 recepcione
1362 2382 1434 2460 fuit
1449 2401 1613 2461 servatus
1627 2384 1757 2490 quoad
1775 2384 1879 2462 licita
1895 2384 1955 2463 ille

538 2513 675 2591 modus
694 2513 760 2619 qui
780 2512 901 2591 luerat
927 2530 1090 2591 servatus
1115 2515 1155 2591 in
1174 2514 1394 2633 recepcione
1422 2514 1540 2618 ipsius
1563 2516 1681 2592 testis.
1708 2518 1956 2595 Postmodum

537 2644 691 2721 recessit
713 2644 793 2749 ipse
816 2643 922 2721 testis
952 2660 989 2720 et
1016 2643 1094 2731 alii,
1118 2660 1155 2721 et
1182 2645 1316 2729 nascit,
1338 2643 1369 2720 si
1388 2661 1474 2751 post
1493 2671 1626 2721 eorum
1644 2672 1853 2736 recessum,
1875 2647 1957 2725 fue·

537 2789 627 2851 runt
642 2772 737 2850 facta
756 2790 795 2850 et
814 2773 911 2849 dicta
935 2773 999 2849 illa
1019 2773 1148 2849 illicita
1166 2799 1241 2879 que
1261 2772 1417 2851 luerunt
1435 2773 1529 2851 facta
1549 2791 1587 2851 et
1605 2775 1705 2852 dicta
1723 2793 1806 2882 post
1822 2803 1952 2883 recep-

538 2904 684 2980 cionem
704 2932 812 2980 suam
835 2905 874 2979 in
899 2932 1045 2980 camera
1072 2902 1294 3009 supradicta.
1319 2903 1450 2981 Credit
1471 2922 1599 2982 umen
1623 2909 1751 3012 pocius
1769 2908 1874 3012 quod
1898 2908 1953 2984 sic

537 3020 651 3137 quam
665 3033 770 3138 quod
785 3061 873 3109 nou.
890 3033 1059 3110 Aliorum
1073 3033 1356 3141 recepcionibus
1373 3050 1412 3110 et
1424 3036 1596 3141 capitulis
1610 3036 1847 3144 generalibus
1861 3039 1955 3117 dixit

538 3189 577 3236 se
604 3187 682 3236 non
710 3161 934 3238 interfuisse.
960 3165 1141 3267 Recepcio
1161 3181 1287 3241 autem
1309 3164 1397 3241 dicti
1422 3165 1615 3243 Michaelis
1634 3166 1757 3245 lucrat
1774 3168 1885 3262 facta,
1907 3173 1953 3248 si·

539 3307 602 3366 cut
616 3290 749 3379 credit,
767 3291 807 3366 in
826 3291 963 3397 vigillia
981 3291 1184 3369 Natiuitatis
1198 3294 1369 3382 Domini,
1390 3311 1473 3371 ante
1489 3296 1704 3401 capcionem
1724 3324 1859 3375 eorum
1873 3298 1954 3376 lue-

537 3437 593 3495 rat
611 3449 711 3497 unus
733 3449 853 3498 annus
871 3419 930 3496 vel
950 3423 1055 3497 circa.

592 3552 703 3641 ltem,
727 3552 818 3628 dixit
837 3552 959 3658 quod,
977 3553 1016 3627 in
1036 3553 1238 3629 crastinum
1254 3555 1483 3660 recepcionis
1503 3585 1587 3649 sue,
1604 3556 1671 3634 fuit
1686 3554 1876 3634 confessus
1898 3559 1948 3636 de

535 3679 711 3786 predictis
737 3683 927 3760 erroribus
954 3684 1098 3790 prelato
1123 3684 1226 3762 fratri
1245 3688 1409 3765 Roberto
1436 3706 1562 3766 curato
1585 3689 1681 3767 dicte
1705 3689 1859 3778 domus,
1881 3693 1949 3796 qui

537 3809 630 3887 dixit
650 3812 684 3888 ei
704 3814 808 3920 quod
828 3814 926 3890 bene
946 3815 1141 3892 estimabat
1159 3817 1265 3923 quod
1291 3845 1380 3894 eum
1402 3817 1577 3896 iecissent
1593 3818 1713 3896 facere
1732 3818 1864 3895 illicita
1887 3849 1950 3897 su·

534 3943 715 4046 pradicta,
737 3961 775 4020 et
793 3946 935 4053 rogavit
955 3947 1081 4023 Deum
1107 3947 1211 4052 quod
1234 3965 1402 4053 parceret
1418 3950 1469 4038 ei,
1498 3966 1535 4026 et
1553 3978 1631 4027 non
1650 3952 1849 4028 interesset
1867 3950 1949 4027 loco

535 4071 573 4146 in
592 4101 668 4177 quo
692 4073 859 4179 predicta
880 4076 1034 4164 fierent,
1056 4094 1094 4151 et
1113 4074 1270 4154 absolvit
1289 4106 1395 4167 eum,
1418 4079 1583 4185 injuncta
1607 4081 1821 4185 penitencia
1847 4081 1946 4188 quod

529 4201 718 4306 jejunaret
736 4231 805 4309 per
823 4223 899 4281 tres
920 4205 1000 4281 dies
1018 4207 1187 4284 Veneris.

588 4331 699 4425 Item,
718 4335 921 4441 requisitus
936 4364 1049 4440 super
1068 4363 1144 4414 xuu
1162 4355 1200 4413 et
1218 4337 1299 4415 aliis
1317 4339 1494 4417 omnibus
1515 4341 1778 4447 sequentibus,
1800 4369 1948 4447 respon·

533 4460 588 4536 dit
617 4491 656 4539 se
682 4464 798 4541 nichil
824 4466 917 4543 scire
941 4466 1039 4543 ultra
1065 4495 1139 4573 que
1172 4497 1284 4574 supra
1309 4470 1545 4576 deposuerit,
1567 4472 1641 4548 hoc
1665 4489 1821 4578 excepto
1848 4472 1947 4579 quod

530 4587 627 4666 bene
649 4595 824 4673 credebat
846 4596 1099 4674 ecclesiasticis
1123 4601 1376 4691 sacramentis,
1397 4619 1435 4679 et
1456 4602 1576 4679 credit
1595 4603 1702 4709 quod
1725 4602 1789 4679 alii
1821 4603 1945 4681 fratres

530 4714 627 4793 bene
649 4720 859 4812 crederent,
877 4743 916 4801 et
934 4727 1038 4832 quod
1059 4755 1192 4805 eorum
1215 4731 1424 4809 sacerdotes
1447 4731 1573 4808 debite
1594 4733 1846 4827 celebrarent;
1872 4761 1943 4812 non

528 4862 656 4923 tamen
674 4867 781 4956 putat
797 4853 901 4957 quod
922 4855 985 4933 ille
1007 4856 1120 4935 lrater
1144 4861 1294 4951 Petrus,
1314 4863 1380 4968 qui
1398 4853 1566 4968 precepit
1588 4863 1658 4941 sibi
1680 4865 1779 4943 dicta
1802 4864 1941 4951 illicita,
