4080 6052
535 522 611 594 seo
708 572 711 577 .
923 498 1564 597 procusossrrurrmas.

525 662 684 768 peractis
701 654 886 764 imposuit
905 656 976 736 sibi
1002 657 1226 735 mantellum
1247 671 1286 732 et
1311 655 1504 734 affublavit
1526 657 1712 736 dicendo:
1735 661 1779 737 ln
1800 666 1956 745 nomine

525 776 645 868 Patris
665 806 705 866 et
726 788 811 865 Filii
835 804 873 865 et
897 788 1060 894 Spiritus
1084 789 1227 874 Sancti,
1249 812 1371 864 amen.
1397 789 1471 865 Nos
1495 788 1698 894 recipimus
1716 807 1773 880 te,
1796 810 1835 870 et
1858 824 1956 875 esso-

526 923 669 999 ciamus
682 936 736 1011 te‚
754 936 792 997 et
806 936 951 1026 patrem
967 936 1005 997 et
1022 937 1182 998 matrem
1195 934 1234 995 et
1245 934 1418 1024 parentes
1434 934 1534 1011 tuos,
1553 919 1749 999 beneficiis
1764 950 1842 1030 que
1856 922 1953 1005 liunt

525 1054 564 1129 in
593 1052 727 1129 ordine
758 1052 849 1128 citra
875 1068 1036 1129 marcet
1062 1051 1163 1128 ultra
1187 1068 1301 1126 mare.
1326 1051 1372 1125 Et
1393 1051 1566 1156 precepit.
1581 1053 1615 1128 ei
1640 1054 1745 1158 quod
1773 1057 1954 1136 oscarlare

523 1198 587 1258 tur
611 1182 737 1287 ipsum
758 1197 796 1257 et
821 1178 954 1257 frames
973 1197 1133 1257 astantes
1153 1179 1192 1255 in
1211 1206 1294 1270 ore,
1321 1194 1359 1254 et
1382 1177 1455 1255 luit
1477 1207 1542 1256 eos
1565 1180 1775 1272 osculatum
1799 1187 1950 1266 tradidit

522 1310 641 1389 eciem
668 1310 739 1387 sibi
769 1310 978 1399 birretum3
1006 1326 1092 1415 post
1119 1309 1190 1386 bec
1223 1307 1391 1414 precepit
1414 1307 1486 1387 sibi
1510 1304 1617 1414 quod
1647 1312 1798 1389 sederet
1829 1331 1868 1392 et
1895 1317 1950 1393 in·

523 1456 802 1518 strueret·eum
825 1439 960 1517 dehis
982 1467 1058 1545 que
1083 1456 1234 1515 acturus
1259 1454 1373 1549 esset,
1396 1454 1434 1514 et
1458 1439 1555 1516 inter
1579 1438 1649 1515 alia
1674 1439 1768 1518 dixit
1792 1444 1828 1520 ei
1847 1446 1951 1552 quod

524 1569 756 1677 ubicumque
774 1585 872 1646 esset
891 1569 930 1645 in
945 1569 1096 1658 ordine,
1114 1569 1324 1676 inquireret
1337 1567 1543 1676 abillisqui
1555 1587 1661 1647 crant
1673 1573 1903 1680 antiquiores
1913 1595 1949 1654 et

522 1702 588 1806 qui
612 1701 680 1778 diu
697 1699 847 1777 lucrant
874 1700 1067 1777 inordina
1094 1700 1253 1776 modum
1278 1715 1317 1775 et
1341 1698 1597 1778 observancies
1626 1702 1787 1790 ordinis,
1818 1720 1856 1780 et
1882 1705 1947 1783 illa

523 1858 598 1936 que
618 1830 783 1909 facturus
804 1848 899 1924 erat3
919 1831 1013 1907 dixit
1030 1831 1148 1907 eciam
1167 1830 1201 1906 ei
1219 1808 1324 1937 quod
1344 1830 1471 1906 omnia
1486 1847 1571 1907 vota
1588 1858 1825 1941 quecumque
1840 1852 1948 1913 antea

523 1963 698 2038 emiserat
715 1978 821 2037 erant
838 1960 908 2038 sib'i
929 1961 1084 2039 remissa
1102 1988 1171 2067 per
1190 1950 1401 2068 ingressum
1420 1960 1612 2068 religionis
1631 1990 1781 2053 eorum,
1798 1984 1948 2073 excepto

476 2152 481 2159 .
521 2091 841 2179 Jerosolimitam,
864 2090 969 2196 quod
987 2108 1117 2168 votum
1137 2088 1300 2167 debebat
1320 2090 1526 2196 adimplere
1542 2118 1730 2199 proposse
1751 2122 1823 2173 suo
1840 2096 1881 2173 in
1898 2125 1949 2175 re

522 2223 807 2329 cuperacionem
827 2222 941 2298 sancti
962 2221 1068 2328 regni
1089 2219 1379 2299 lerosolimitani
1401 2221 1448 2297 ad
1467 2223 1688 2301 mandatum
1706 2227 1946 2332 superiorum

522 2379 695 2444 suorum3
713 2352 807 2428 dixit
823 2351 942 2428 eciam
961 2350 995 2427 ei
1016 2351 1120 2457 quod
1140 2366 1286 2428 caueret
1304 2350 1376 2429 sibi
1396 2377 1443 2433 ne
1461 2352 1645 2431 rixaretur
1663 2383 1752 2451 cum
1770 2354 1946 2437 fratribus

521 2483 679 2577 ordinis,
697 2482 831 2591 quiesi
852 2483 924 2559 hoc
939 2480 1075 2561 faceret
1094 2497 1132 2559 et
1150 2480 1365 2587 impelleret
1379 2509 1469 2558 eum
1481 2483 1521 2557 in
1539 2488 1704 2576 tantum,
1719 2487 1829 2592 quod
1841 2516 1946 2596 coge·

520 2631 624 2691 retur
634 2641 784 2692 movere
796 2613 894 2689 duos
904 2611 1035 2717 pedes,
1051 2611 1110 2688 val
1125 2611 1156 2688 si
1170 2629 1365 2717 rumperet
1375 2611 1448 2689 sibi
1459 2611 1637 2719 laqueum
1646 2616 1834 2705 mantelii,
1851 2638 1946 2697 esset

520 2743 559 2818 iu
580 2743 836 2821 misericordia
852 2743 1012 2820 fratrum
1029 2741 1198 2833 ordinis,
1217 2743 1248 2819 si
1269 2759 1396 2820 autem
1417 2743 1534 2820 exiret
1552 2773 1621 2850 per
1639 2766 1772 2824 muros
1789 2747 1942 2855 alicujus

520 2872 657 2950 domus
677 2902 828 2962 eorum,
853 2891 891 2949 et
904 2901 982 2950 non
1002 2902 1071 2980 per
1085 2873 1243 2960 ostium,
1264 2873 1442 2979 perderet
1454 2874 1698 2966 mantellum,
1720 2877 1855 2955 sivero
1874 2907 1941 2984 per

519 2999 638 3077 dictos
650 2998 780 3078 muros
793 3003 947 3109 ejiceret
961 3001 1086 3112 aliqua
1101 3003 1149 3079 de
1163 3002 1274 3080 bonis
1288 3002 1385 3079 dicte
1401 3003 1549 3105 domus,
1566 3006 1769 3110 puniretur
1779 3023 1824 3084 ut
1835 3007 1938 3098 latro,

518 3146 557 3205 et
575 3131 605 3205 si
627 3131 857 3209 inveniretur
878 3133 916 3207 in
932 3131 1058 3238 aliquo
1079 3132 1161 3209 loco
1180 3150 1353 3239 suspecto
1370 3162 1457 3210 cum
1474 3133 1652 3225 muliere,
1666 3154 1765 3214 esset
1782 3138 1823 3214 in
1841 3139 1945 3216 misc·

517 3261 677 3338 ricordia
695 3261 878 3350 -lratrum,
903 3261 995 3337 dum
1023 3279 1150 3338 tamen
1174 3264 1247 3339 hoc
1271 3262 1495 3368 probaretur
1517 3292 1586 3370 per
1611 3265 1708 3343 duos
1731 3265 1865 3345 fratres
1884 3297 1943 3344 or-

517 3391 686 3483 dinis,'et
700 3394 865 3499 quedam
884 3393 954 3468 alia
974 3395 1132 3469 honesta
1147 3394 1240 3470 dixit
1258 3395 1309 3483 ei,
1327 3411 1365 3470 et
1384 3423 1470 3471 cum
1490 3396 1657 3502 predicta
1675 3398 1837 3486 dixisset,
1856 3428 1938 3474 sur-

516 3524 611 3599 rexit
629 3525 752 3600 dictus
772 3541 943 3630 receptor
963 3524 1114 3603 dicens:
1142 3524 1290 3600 Amodo
1310 3526 1497 3630 possimus
1514 3528 1698 3604 recedere.
1717 3528 1802 3620 Quo
1818 3527 1934 3618 dicto,

514 3655 637 3731 statim
655 3672 891 3732 recesserunt
907 3654 1065 3759 predicti
1083 3672 1159 3751 tres
1175 3653 1307 3737 fratres
1322 3657 1387 3762 qui
1402 3657 1566 3746 aderant,
1583 3676 1621 3734 et
1635 3674 1808 3734 exeuntes
1824 3674 1937 3736 traxe·

514 3802 602 3862 runt
622 3804 706 3891 post
730 3814 769 3862 se
789 3803 936 3891 portam
957 3785 1114 3890 capelle,
1137 3786 1420 3863 remanentibus
1441 3780 1529 3892 ipsis
1550 3805 1741 3893 receptore
1763 3805 1803 3865 et·
1819 3805 1936 3879 teste3

513 3935 671 4023 postque
687 3916 809 3993 dictus
820 3932 992 4021 receptor
1008 3917 1149 3992 vocavi-t
1161 3933 1313 4005 testem,
1327 3933 1364 3993 et
1378 3917 1470 3994 dixit
1487 3919 1541 3993 ei:
1561 3919 1695 3997 Venite
1711 3947 1790 4010 vos,
1804 3921 1939 4025 promi·

511 4047 609 4123 sistis
629 4046 786 4123 obedire
809 4046 903 4122 mihi
927 4062 965 4121 ct
988 4046 1076 4123 estis
1094 4074 1202 4123 meus
1219 4045 1429 4152 subjectus;
1446 4064 1484 4123 et
1502 4047 1639 4152 accepit
1657 4077 1773 4125 unam
1790 4077 1935 4126 crucem

510 4175 673 4281 ligneam
683 4178 730 4254 de
738 4177 841 4253 altari
854 4194 1033 4264 veterem,
1047 4177 1093 4252 de
1105 4206 1179 4282 qua
1192 4178 1374 4255 medietas
1385 4178 1541 4282 picture,
1554 4195 1596 4254 ut
1607 4177 1677 4254 sibi
1689 4178 1851 4271 videtur,
1863 4197 1935 4256 erat

512 4307 709 4397 devastata,
724 4325 762 4384 et
772 4308 864 4384 dixit
876 4308 909 4383 ei
920 4306 1025 4412 quod
1036 4306 1237 4414 abnegaret
1249 4306 1408 4412 figuram
1422 4307 1541 4399 illam,
1553 4323 1590 4384 et
1602 4309 1680 4413 ipse
1694 4309 1802 4385 testis
1818 4326 1936 4415 stupe·

511 4435 639 4530 factus,
647 4439 789 4545 junctis
799 4438 985 4526 manibus,
999 4437 1090 4513 dixit
1100 4438 1307 4514 istaverba:
1319 4440 1401 4515 Ha!
1412 4443 1496 4526 sire,
1511 4469 1601 4543 pour
1612 4441 1705 4516 Dice
1718 4443 1848 4517 merci!
1861 4469 1933 4546 quo

511 4569 625 4645 modo
640 4568 713 4644 boc
727 4568 904 4647 lacerem?
914 4570 961 4645 Et
977 4584 1148 4674 receptor
1165 4569 1360 4674 respondit
1375 4569 1481 4675 quod
1497 4569 1694 4674 oportebat
1710 4597 1800 4645 eum
1816 4569 1931 4646 facere

509 4696 697 4801 predicta,
721 4701 810 4804 quia
830 4718 908 4776 erat
927 4699 1120 4805 subjectus
1141 4728 1249 4791 suus;
1271 4716 1310 4776 et
1328 4715 1419 4774 tunc
1444 4701 1591 4805 negavit
1611 4702 1749 4777 dictam
1775 4700 1929 4807 liguram

509 4854 586 4913 ore,
602 4853 679 4901 non
699 4828 830 4918 corde,
847 4846 1047 4934 postquam
1063 4830 1354 4937 abnegacionem
1367 4830 1534 4936 precepit
1541 4831 1646 4937 quod
1658 4847 1814 4935 spueret
1824 4853 1930 4935 super
