4080 6052
472 536 670 633 raocts
694 558 788 630 nes
815 556 1115 635 reuertens.
1428 559 1498 630 ιιι

140 704 290 782 Eisdem
318 702 380 778 die
403 718 441 777 et
464 700 548 778 loco
570 699 747 778 rediitad
767 701 998 804 presenciam
1019 701 1241 779 eommdem
1259 698 1502 777 dominorum

84 833 424 911 commissariorum
443 832 636 938 predictus
649 831 762 907 frater
780 830 970 917 lohannes
980 829 1234 920 de·Cormele,
1249 846 1293 905 ut
1308 826 1503 935 perficeret

82 964 363 1069 deposicionem
390 990 510 1040 suam.
530 961 747 1070 Requisitus
768 960 800 1040 si
827 961 943 1069 plene
961 961 1234 1042 deliberaverat
1252 984 1366 1063 super
1389 960 1503 1035 inter·

82 1093 268 1201 rogatorio
287 1091 385 1169 lacto
408 1091 550 1179 eidem,
572 1120 619 1169 an
643 1090 769 1198 aliqua
791 1088 922 1169 illicita
949 1093 998 1168 de
1026 1090 1212 1170 contentis
1228 1088 1268 1165 in
1288 1089 1503 1195 primisrlru

82 1222 248 1301 articulis
262 1223 321 1299 vel
335 1223 374 1298 in
389 1222 475 1299 aliis
491 1223 781 1301 intervenissent
796 1223 837 1299 in
852 1223 1072 1328 recepcione
1090 1251 1172 1308 sua,
1185 1219 1380 1326 respondit
1399 1222 1502 1326 quod

83 1353 205 1429 dietus
219 1370 390 1458 receptor
405 1381 512 1440 suus,
533 1371 617 1460 post
633 1352 801 1429 mantelli
816 1354 1080 1444 tradicionem,
1099 1351 1267 1458 precepit
1286 1350 1337 1441 ei,
1354 1378 1505 1456 presen-

80 1484 183 1561 tibus
201 1483 318 1561 eciam
338 1482 425 1558 aliis
438 1482 504 1587 qui
530 1482 733 1560 adfuerunt
751 1481 948 1560 tradicioni
971 1480 1157 1568 mantelli,
1178 1480 1284 1585 quod
1305 1479 1504 1586 abnegaret

80 1614 224 1702 Deum-3
251 1630 289 1689 et
318 1640 405 1690 cum
437 1612 516 1719 ipse
545 1613 651 1690 testis
671 1613 926 1719 respondisset
949 1614 1054 1719 quod
1078 1613 1151 1690 hoc
1176 1612 1395 1688 mandatum
1425 1641 1503 1690 non
1538 1643 1545 1655 ’

81 1761 159 1820 erat
175 1746 328 1834 decens,
349 1742 443 1822 dixit
454 1744 489 1820 ei
512 1744 635 1822 dictus
643 1761 815 1850 receptor
829 1744 934 1850 quod
953 1743 1027 1820 hoc
1046 1743 1244 1849 oportebat
1258 1770 1346 1819 eum
1365 1742 1501 1831 lacere,
1580 1813 1595 1824 .

82 1893 119 1950 et
141 1892 233 1952 tunc
256 1875 454 1982 abnegavit
481 1876 605 1952 Deum
636 1901 701 1950 ore
730 1901 808 1950 non
834 1873 960 1951 corde.
989 1874 1119 1949 Postea
1147 1873 1316 1979 precepit
1343 1872 1381 1949 ei'
1399 1876 1505 1979 quod

82 2021 234 2109 spueret
248 2031 358 2109 supra
370 2003 574 2110 qrmmdam
592 2030 742 2081 crucem
758 2001 920 2112 ligneam
933 2031 1047 2110 quam
1065 2002 1219 2080 tenebat
1232 2002 1272 2078 in
1290 2030 1405 2078 manu
1419 2031 1501 2094 sua,

83 2151 122 2209 et
150 2134 230 2239 ipse
259 2134 360 2240 spuit
387 2162 467 2212 non
497 2162 610 2240 supra
640 2136 706 2211 sed
723 2135 840 2241 juxta.
873 2136 1012 2212 Postea·
1037 2134 1130 2211 dixit
1156 2134 1190 2210 ei
1216 2133 1321 2239 quod
1357 2150 1504 2239 poterat

84 2261 281 2341 caritaliter
298 2265 531 2342 commisceri
552 2291 639 2341 cum
654 2262 831 2342 fratribus
854 2263 1014 2354 ordinis,
1036 2280 1074 2341 et
1092 2264 1167 2369 pati
1187 2263 1293 2370 quod
1306 2263 1383 2369 ipsi
1402 2292 1505 2341 com-

11 2482 14 2487 .
83 2397 329 2473 miscerentur
348 2425 434 2474 cum
464 2425 521 2474 eo.
553 2397 637 2502 lpse
655 2411 782 2475 tamen
811 2393 1008 2503 respondit
1026 2394 1137 2500 quod·
1154 2395 1228 2472 lroe
1254 2392 1361 2470 nullo
1387 2395 1502 2471 modo

82 2526 235 2615 feceret,
254 2554 507 2633 necunquam
526 2525 630 2616 lecit,
649 2554 720 2603 nec
738 2525 811 2603 fuit
830 2526 1049 2632 requisitus,
1067 2543 1105 2603 et
1123 2524 1240 2632 magis
1259 2522 1379 2601 credit
1397 2526 1502 2631 quod

83 2685 159 2734 non
186 2655 294 2734 lieret
318 2657 357 2732 in
386 2656 519 2735 ordine
545 2685 661 2763 quam
687 2657 929 2734 contrarium.
957 2657 1104 2735 Deinde
1135 2657 1302 2763 precepit
1337 2657 1371 2732 ei
1399 2659 1503 2762 quod

82 2786 314 2863 oscularetur
334 2815 422 2862 eum
441 2787 481 2862 in
495 2814 586 2874 ano;
607 2816 685 2893 quo
704 2788 955 2893 respondente
968 2787 1075 2895 quod
1093 2814 1172 2864 non
1189 2785 1345 2877 faceret,
1362 2785 1505 2862 dimisit

83 2936 329 3007 eum31amen
347 2914 618 2996 osculatusfuit
628 2946 718 2995 eum
732 2946 845 3025 supra
857 2934 977 2996 vestes
992 2917 1086 2995 circa
1101 2947 1202 3007 erus3
1216 2916 1289 2995 alia
1308 2917 1503 2995 inhonesta

83 3075 158 3123 non
188 3047 472 3124 intervenerunt
502 3049 540 3123 iu
572 3051 794 3155 recepcione
829 3079 895 3128 sua
924 3051 1106 3156 predicta,
1142 3077 1213 3126 nec
1238 3049 1307 3124 scit
1341 3048 1426 3153 plus
1456 3049 1504 3124 de

83 3176 277 3253 contentis·
300 3176 340 3253 in
375 3203 439 3255 ιιιιι
467 3178 633 3256 articulis
661 3180 850 3285 predictis.
879 3181 1093 3287 Requisitus
1124 3180 1152 3255 si
1184 3178 1306 3255 dictus
1333 3196 1505 3284 receptor

83 3305 271 3383 dixeratei
290 3307 397 3413 quod
414 3308 584 3413 predicta
603 3308 733 3386 illicita
749 3327 873 3389 essent
892 3310 939 3387 de
956 3309 1106 3416 punctis
1129 3309 1293 3399 ordinis,
1310 3308 1504 3413 respondit

81 3436 186 3540 quod
211 3465 307 3515 non-.-
322 3438 555 3545 Requisitus‚
577 3469 665 3517 cum
690 3441 743 3518 its
771 3459 868 3519 esset
887 3443 941 3517 eri
971 3458 1095 3518 certus
1123 3440 1172 3515 de
1195 3438 1291 3515 lucto
1311 3465 1381 3539 suo
1408 3438 1504 3513 sicut

83 3593 198 3656 nunc,
210 3594 326 3672 quare
342 3568 396 3644 eri
411 3594 488 3646 non
501 3567 827 3648 fueratconlessus
839 3570 1016 3675 predicta,
1029 3569 1223 3675 respondit
1238 3567 1505 3674 quodpropter

81 3695 356 3799 turpitudinem
376 3713 414 3773 et
433 3698 723 3775 horribilitatem
738 3698 963 3776 abhorrebat
976 3699 1101 3776 dicere
1114 3727 1226 3805 supra
1239 3697 1347 3774 dicta.
1365 3699 1503 3803 Requi-

81 3825 175 3900 situs
192 3824 222 3899 si
243 3823 426 3902 babuerat
445 3827 644 3904 consilium
663 3857 756 3906 cum·
773 3829 910 3936 aliquo·
921 3828 967 3905 ab
988 3830 1042 3905 eri
1063 3829 1153 3906 citra
1172 3828 1334 3935 qualiter
1351 3856 1505 3934 respon-

82 3954 189 4031 deret
208 3953 317 4031 dictis
334 3955 515 4048 articulis,
536 3958 734 4063 respondit
749 3960 854 4065 qtred
873 3988 968 4051 nom
997 3962 1071 4037 scd·
1084 3977 1274 4067 rogaverat
1297 3960 1504 4038 Robertum

81 4086 341 4192 presbyterum
368 4086 641 4169 deservientem
662 4090 703 4166 iu
721 4092 881 4198 Templo
900 4092 1081 4182 Parisios,
1103 4092 1208 4199 quod
1228 4091 1370 4168 diceret
1390 4120 1504 4168 unam

81 4219 307 4309 missamsde
326 4218 470 4296 Sancto:
487 4218 632 4326 Spiritu
660 4239 705 4298 ut
729 4223 834 4301 Deus
862 4223 1168 4331 dirigentem,
1200 4240 1238 4299 et
1262 4222 1382 4299 credit
1399 4224 1503 4330 quod

82 4376 163 4423 eam
184 4349 287 4427 dixit.
316 4348 532 4457 Requisitus
555 4351 587 4427 si
614 4350 819 4458 depositio·
832 4383 950 4460 quarn
967 4353 1112 4464 reseras
1128 4355 1209 4431 heri
1241 4378 1365 4430 coram
1397 4353 1504 4429 dictis

82 4478 245 4584 dominis
269 4479 531 4558 commissariis
564 4498 644 4558 erat
674 4513 775 4573 vera,
809 4486 1005 4591 respondit
1031 4486 1137 4591 quod
1161 4485 1232 4574 sic,
1265 4512 1334 4562 nec
1360 4483 1504 4590 aliquid

82 4608 121 4681 in
141 4607 214 4683 hoc
232 4610 432 4688 immutare
459 4611 624 4690 volebat„
644 4614 759 4707 item,
785 4614 880 4693 dinit
899 4615 1014 4723 quod
1034 4615 1081 4692 de
1105 4615 1282 4722 predictis
1313 4614 1504 4693 erroribus

83 4736 428 4830 confessusfuerst,
456 4742 501 4819 in
516 4743 873 4852 sademscptimane
899 4770 1014 4853 quam
1041 4745 1168 4824 luerat
1190 4763 1378 4853 receptus,
1400 4745 1503 4823 fratri

82 4867 237 4948 Alberto
252 4871 300 4948 de
315 4871 504 4979 Coopsrto
526 4875 646 4953 Puteo
667 4877 887 4986 Lotoringo,
905 4877 1098 4984 quondam
1118 4876 1338 4986 presbytero
1358 4877 1503 4955 ordinis
