4080 6052
300 523 376 593 210
688 496 882 591 enecas
909 515 1004 588 nus
1031 510 1333 585 renuamus.

302 663 421 739 immo
440 658 535 740 inira
554 687 725 739 mensem
744 690 766 737 a
784 657 1002 769 receptione
1022 683 1089 732 sua
1109 653 1181 729 suit
1200 651 1391 729 consessus
1411 652 1650 757 supradictos
1669 681 1730 729 er-

302 822 406 869 rores
425 790 650 868 consessatos
669 820 738 896 per
758 819 846 868 eum
871 787 1028 865 domino
1053 785 1203 890 Hugoni
1231 784 1278 858 de
1298 785 1427 859 Monte
1447 784 1578 860 Belleti
1605 783 1730 890 capel-

302 923 388 999 Iano
412 921 568 999 seculari
594 921 817 1007 deservienti
839 919 877 997 in
902 915 1057 1001 ecclesia
1076 912 1279 1020 parochiali
1302 911 1400 991 dicte
1419 913 1506 991 ville
1526 914 1575 993 dc
1595 915 1726 993 Monte

303 1053 453 1143 Belleti,
475 1052 593 1129 nescit
611 1069 739 1133 tamen
766 1051 797 1127 si
823 1049 946 1128 dictus
969 1047 1081 1153 Ilugo
1105 1044 1318 1150 capellanus
1342 1045 1390 1121 sit
1414 1073 1517 1122 nunc
1539 1044 1646 1125 vivus
1669 1045 1728 1123 vel

304 1200 492 1272 mortuus,
515 1181 608 1261 dixit
623 1198 749 1259 tamen
767 1179 872 1286 quod
884 1176 1035 1286 juvenis
1053 1191 1133 1253 erat
1149 1175 1337 1255 subiciens
1358 1175 1526 1255 eundern
1544 1174 1729 1281 presbite-

303 1342 390 1392 rum
410 1312 609 1391 absolvisse
631 1313 774 1390 dictum
793 1327 929 1389 testem
946 1337 968 1391 a
983 1307 1161 1413 predictis
1179 1307 1337 1412 peccatis
1355 1324 1394 1383 et
1409 1306 1491 1388 aliis
1511 1305 1729 1387 consessatis

303 1472 372 1550 per
391 1472 498 1530 eum,
519 1460 558 1523 et
573 1444 798 1549 imposuisse
818 1438 890 1520 sibi
909 1439 1160 1545 penitenciam
1179 1438 1285 1545 quod
1304 1438 1496 1517 incederet
1514 1440 1595 1517 sine
1615 1440 1730 1517 cami

304 1576 359 1651 sia
379 1602 414 1656 v1
434 1575 527 1653 Ieria
552 1592 590 1654 et
609 1576 800 1683 jejunaret
824 1574 863 1649 in
889 1599 985 1678 pane
1013 1587 1051 1648 et
1077 1599 1173 1676 aqua
1199 1569 1355 1676 vigillias
1381 1569 1492 1649 beate
1519 1571 1636 1650 Maria
1659 1599 1728 1678 per

305 1734 426 1781 unum
453 1734 613 1794 annum,
646 1734 722 1782 non
749 1722 875 1780 tamen
904 1701 1080 1780 revelavit
1107 1700 1216 1778 alicui
1246 1700 1349 1780 fratri
1381 1700 1472 1779 dicti
1498 1701 1657 1791 ordinis,
1684 1719 1728 1778 ut

306 1836 414 1923 dixit,
429 1834 533 1941 quod
551 1834 683 1914 suisset
695 1833 886 1911 consessus
902 1830 1111 1938 presbitero
1127 1830 1360 1935 supradict03
1377 1830 1471 1906 dixit
1487 1831 1601 1909 eciam
1618 1833 1724 1936 quod

306 1965 376 2043 alia
398 1981 546 2070 peccata
566 1994 633 2042 sua
654 1965 776 2042 suerat
797 1962 988 2060 confessus
1009 1960 1186 2041 fratribus
1208 1961 1408 2065 capellanis
1430 1961 1602 2068 ejusdem
1625 1960 1728 2073 ordi·

307 2095 365 2170 nis
382 2112 421 2170 et
437 2095 646 2200 specialiter
662 2093 763 2173 Iratri
781 2095 892 2173 Petro
910 2093 958 2169 de
976 2093 1080 2172 Sivre
1097 2091 1288 2196 capellano
1310 2092 1397 2167 dicti
1419 2091 1580 2179 ordinis,
1598 2091 1667 2169 sed
1685 2092 1724 2169 in

307 2224 403 2303 dicta
420 2225 653 2303 consessione
672 2254 748 2302 non
766 2223 854 2302 lecit
872 2224 1127 2312 mencionem,
1147 2238 1190 2297 ut
1208 2221 1317 2312 dixit,
1337 2222 1385 2299 de
1403 2221 1596 2301 erroribus
1615 2251 1725 2329 supra

306 2353 521 2433 consessatis
540 2385 609 2461 per
628 2384 728 2433 eum.

361 2487 471 2575 Item,
493 2487 698 2594 requisitus
722 2513 836 2592 super
855 2510 993 2573 arruu,
1020 2510 1042 2561 v
1067 2499 1105 2559 et
1130 2509 1165 2561 vr
1191 2482 1372 2571 articulis,
1401 2483 1598 2589 respoudit
1623 2483 1725 2590 quod

307 2616 431 2692 eidem
462 2618 659 2693 videbatur
687 2615 817 2692 fratres
837 2615 927 2690 dicti
947 2613 1091 2689 ordinis
1120 2612 1234 2688 luisse
1255 2613 1504 2719 negligentes,
1526 2615 1615 2720 quia
1650 2642 1724 2691 neu

308 2764 551 2822 correxerunt
570 2775 640 2823 nec
659 2745 981 2822 denunciaverunt
998 2742 1161 2822 Ecclesie
1183 2743 1302 2819 dictos
1328 2772 1474 2820 errores
1499 2743 1721 2823 consessatos

306 2903 374 2981 per
393 2903 498 2962 eum,
521 2904 591 2951 nec
610 2890 847 2952 recesserunt
865 2873 912 2949 ab
932 2874 987 2949 eis
1006 2903 1093 2949 cum
1114 2873 1212 2950 bene
1234 2875 1438 2952 habuerint
1455 2874 1681 2953 facultatem.

363 3006 473 3092 Item,
501 3007 708 3112 requisitus
733 3034 847 3110 super
866 3032 983 3083 nrxvu
1009 3005 1183 3096 articulo,
1213 3007 1318 3112 quod
1338 3006 1504 3112 predicta
1525 3007 1722 3117 abnegacio

308 3136 423 3216 fiebat
448 3136 545 3212 ultra
565 3166 684 3228 mare,
707 3154 794 3222 eto,
817 3152 855 3211 et
873 3135 954 3211 aliis
973 3163 1071 3213 rvuu
1097 3138 1359 3242 sequentibus,
1382 3168 1503 3244 usque
1523 3139 1571 3217 ad
1591 3140 1722 3216 articu-

307 3266 388 3341 lum
405 3299 413 3343 :
433 3268 526 3343 Item
544 3267 648 3372 quod
667 3265 901 3353 ellemosine,
918 3282 1000 3353 etc.,
1019 3267 1214 3370 respondit
1231 3297 1269 3343 se
1289 3268 1405 3344 nichil
1421 3268 1525 3344 aliud
1543 3270 1637 3346 scire
1655 3271 1723 3346 nisi

308 3397 410 3502 quod
431 3425 543 3501 supra
563 3396 740 3501 deposuit
759 3395 805 3471 de
827 3395 941 3470 modo
962 3396 1190 3499 recepcionis
1210 3427 1277 3474 sue
1299 3399 1403 3476 etde
1425 3429 1464 3476 se
1484 3400 1574 3503 ipso.

362 3529 472 3612 Item,
496 3526 699 3631 requisitus
722 3553 838 3630 super
856 3552 966 3615 sctit,
989 3526 1182 3630 respondit
1202 3556 1240 3604 se
1261 3528 1396 3605 vidisse
1418 3531 1455 3603 in
1475 3528 1563 3603 locis
1578 3529 1722 3605 ordinis

309 3658 347 3732 in
378 3658 517 3763 quibus
546 3657 617 3733 suit
645 3675 897 3750 conversatus,
925 3674 963 3732 et
985 3658 1194 3761 specialiter
1219 3659 1256 3735 in
1281 3660 1363 3735 loco
1388 3677 1513 3738 vocato
1535 3660 1722 3736 Mormant

309 3789 554 3896 Lingonensis
579 3787 753 3879 diocesis,
776 3786 879 3892 quod
906 3787 1109 3865 elemosine
1138 3789 1279 3865 fiebant
1299 3791 1337 3866 in
1359 3790 1458 3866 dicto
1485 3789 1617 3866 ordine
1638 3819 1723 3866 con-

307 3922 500 4040 venieptcr
519 3938 576 3999 ter
597 3920 636 3996 iu
656 3920 877 4024 septimana,
900 3936 938 3995 et
958 3919 1142 3997 dabantur
1161 3922 1316 4030 singulis
1336 3922 1566 4028 pauperibus
1586 3923 1723 4001 medie-

307 4068 362 4130 tas
382 4054 496 4131 unius
515 4053 638 4130 miche
660 4053 707 4131 de
728 4052 830 4133 bono
851 4079 963 4156 pane,
987 4069 1024 4127 et
1045 4052 1275 4157 hospitalitas
1295 4055 1510 4132 servabatur
1530 4054 1683 4131 ibidem.

363 4184 467 4271 Item,
485 4184 688 4289 requisitus
699 4212 812 4288 super
823 4210 947 4272 novin,
965 4208 1042 4262 vnn
1058 4200 1096 4260 et
1111 4212 1130 4260 c
1147 4186 1327 4274 articulis,
1345 4185 1539 4290 respondit
1554 4213 1593 4262 se
1610 4183 1720 4262 nichil

307 4311 421 4400 scire,
445 4344 513 4390 nec
533 4314 715 4391 audivisse
742 4314 815 4390 dici
837 4314 941 4419 quod
961 4342 1038 4390 non
1063 4333 1300 4419 reputaretur
1319 4333 1511 4420 peccatum
1533 4315 1571 4391 in
1593 4316 1720 4392 ordine

305 4471 372 4547 per
390 4443 441 4520 Ias
460 4445 516 4520 vel
531 4446 672 4550 nephas
683 4445 888 4550 acquirere,
910 4462 947 4520 et
964 4444 1069 4550 quod
1085 4446 1155 4522 hoc
1174 4475 1249 4522 non
1263 4446 1467 4523 haberetur
1479 4474 1548 4551 pro
1561 4463 1718 4551 peccato,

306 4573 362 4647 vel
384 4575 561 4679 degerere
582 4594 735 4682 propter
754 4576 944 4681 premissa.

362 4703 472 4789 Item,
490 4704 692 4806 requisitus
708 4735 821 4812 super
841 4733 890 4796 ct,
909 4734 1024 4798 11,111‚
1043 4735 1109 4798 1111,
1128 4735 1148 4785 v
1166 4725 1203 4784 et
1223 4735 1273 4795 vl,
1292 4708 1338 4783 de
1360 4707 1600 4805 clamdestinp
1620 4734 1717 4782 rece·

304 4833 433 4938 ptionc
454 4849 491 4908 et
508 4832 588 4910 aliis
606 4835 644 4908 in
662 4834 751 4939 ipsis
768 4837 933 4913 articulis
950 4838 1189 4943 contemptis,
1210 4839 1406 4944 respondit
1422 4866 1460 4915 se
1481 4839 1598 4916 nichil
1618 4835 1716 4914 aliud
