4080 6052
523 552 593 626 11(
902 536 1097 631 esoces
1123 554 1218 655 uss
1244 551 1548 627 rsurmsns.

482 796 484 800 .
517 697 578 772 die
597 695 739 793 habeti,
758 697 828 801 ipsi
847 715 935 774 sunt
948 697 1021 776 sub
1037 694 1255 774 obediencia
1267 710 1306 770 et
1321 720 1403 771 esse
1421 693 1578 781 debent,
1591 718 1707 799 quare
1721 693 1803 769 sine
1820 694 1944 799 eapite

207 828 211 837 ’
376 907 382 917 ,
516 825 627 932 plene
641 826 848 903 deliberare
867 845 905 904 et
923 827 1152 934 respondere
1169 852 1247 901 non
1261 840 1430 930 possunt.

573 957 848 1063 Requisivimus
868 984 951 1047 eos,
978 957 1009 1034 si
1033 985 1108 1063 qua
1127 956 1198 1033 alia
1216 954 1403 1032 volebant
1417 953 1558 1045 dicere,
1578 970 1617 1030 et
1639 952 1818 1029 dixerunt
1834 954 1941 1060 qnod

517 1116 593 1165 non
620 1088 668 1164 ad
693 1116 863 1194 presens,
893 1088 961 1165 sed
987 1088 1019 1165 si
1048 1087 1138 1163 dicti
1168 1085 1312 1163 domini
1341 1083 1583 1162 commissarii
1606 1082 1745 1161 vellent
1773 1084 1813 1160 in
1840 1083 1941 1163 dicto

516 1219 672 1325 negocio
696 1219 918 1325 procedere,
944 1246 1059 1325 super
1078 1216 1243 1295 aniculis
1269 1216 1323 1294 eis
1345 1215 1531 1321 impositis
1553 1230 1591 1289 et
1611 1213 1707 1289 dicta
1733 1213 1796 1291 die
1814 1213 1937 1293 Sabati

515 1348 634 1439 lectis,
665 1350 734 1455 ipsi
759 1348 933 1426 volebant
960 1366 999 1425 et
1027 1345 1271 1455 requirebant
1297 1346 1438 1424 babere
1462 1345 1606 1449 copiam
1631 1343 1872 1433 eorumdem,
1896 1363 1939 1423 ut

515 1480 658 1584 possint
672 1479 783 1584 plene
801 1506 914 1583 super
934 1478 988 1555 eis
1007 1478 1232 1567 deliberare,
1249 1495 1363 1585 prout
1374 1476 1472 1583 juris
1490 1492 1602 1563 esset,
1623 1490 1873 1580 protestantes
1890 1477 1937 1553 de

516 1608 596 1684 aliis
610 1608 824 1685 racionibus
844 1625 882 1684 ct
903 1607 1187 1687 defensionibus
1207 1610 1300 1697 suis,
1317 1609 1401 1687 loco
1418 1625 1457 1684 et
1474 1623 1645 1711 tempore
1668 1605 1935 1711 proponendis.

571 1871 658 1946 Post
685 1870 772 1959 hec,
800 1897 869 1949 nos
889 1870 1024 1974 notarii
1051 1870 1227 1975 predicti,
1261 1886 1299 1945 et
1323 1870 1433 1974 Hugo
1459 1865 1618 1953 Nicolai,
1647 1882 1687 1943 et
1709 1865 1937 1957 Guillelmus

514 2000 701 2107 hadulphi
720 2001 879 2106 predicti
906 2001 1127 2078 accessimus
1147 2000 1248 2105 apud
1266 1999 1470 2103 Templum
1489 1997 1711 2087 Parisiense,
1729 2010 1768 2073 et
1783 1994 1937 2073 adducti

514 2128 658 2206 ibidem
673 2159 797 2208 coram
811 2132 921 2209 nobis
935 2130 1138 2236 Templarii
1158 2130 1300 2208 ibidem
1316 2129 1475 2216 detenti,
1492 2127 1669 2205 videlicet
1684 2125 1816 2204 fratres
1830 2127 1872 2203 P.
1890 2127 1936 2203 de

513 2260 681 2337 Bononia
700 2261 905 2368 presbyter,
925 2259 1159 2337 Humbertus
1181 2260 1228 2336 de
1251 2275 1379 2336 sancto
1403 2261 1513 2336 Jocro
1535 2256 1660 2346 miles,
1680 2254 1869 2337 Robertus
1892 2258 1937 2335 de

512 2388 720 2498 Monboyn,
748 2392 789 2467 P.
817 2391 863 2467 de
898 2382 1195 2496 [stignaco‘sico
1229 2389 1440 2496 presbyter,
1468 2389 1633 2465 Thomas
1661 2387 1709 2463 de
1736 2387 1935 2495 Martingni

512 2518 720 2627 presbyter,
744 2522 784 2598 P.
808 2521 855 2597 de
879 2523 1003 2629 Blays,
1026 2522 1066 2598 P.
1090 2521 1138 2597 de
1159 2518 1284 2599 Sivref
1301 2518 1496 2607 chevalier,
1514 2518 1671 2624 Egidius
1695 2517 1743 2593 de
1764 2517 1933 2610 Chenru,

511 2648 746 2728 Christianus
769 2651 817 2726 de
835 2652 929 2740 Bisi,
949 2651 1152 2729 Gualterus
1178 2651 1225 2727 de
1244 2650 1456 2758 Latigniaco
1476 2649 1569 2738 sico,
1588 2651 1777 2728 Johannes
1794 2648 1843 2727 de
1861 2650 1936 2728 Cli-

512 2806 596 2882 pes,
611 2779 802 2856 Gerardus
823 2783 870 2858 de
893 2782 1071 2870 Somons,
1089 2781 1278 2858 Johannes
1297 2780 1334 2857 le
1354 2779 1528 2872 Camber,
1552 2779 1742 2857 Johannes
1759 2780 1805 2856 de
1828 2781 1936 2858 Lors-

513 2906 608 2992 cius,
631 2907 851 3012 hadulphus
874 2910 921 2985 (16
948 2911 1049 2987 Ballc
1071 2911 1231 3017 Yglisse‚
1255 2910 1483 2989 Guillelmus
1504 2910 1552 2988 (16
1569 2912 1782 2999 Ma'rennet,
1808 2911 1936 2989 Marsi-

512 3036 610 3133 letus
628 3036 675 3111 de
698 3037 820 3126 Floer,
840 3022 1005 3117 Thomas
1026 3041 1157 3130 Enval,
1179 3040 1424 3119 Theobaldus
1443 3042 1492 3117 de
1510 3040 1700 3132 Plomion,
1724 3040 1935 3145 Stephanus

395 3274 398 3280 Ι
512 3167 633 3242 Pacon
656 3168 860 3274 presbyter,
887 3171 1047 3247 Poncius
1072 3171 1118 3247 de
1139 3174 1264 3260 Buris,
1283 3174 1470 3249 Johannes
1496 3171 1669 3261 Genesse,
1687 3171 1870 3250 Arbertus
1889 3172 1935 3248 dc

459 3304 464 3312 ’
512 3296 696 3386 Jemville,
715 3297 942 3376 Guillelmus
963 3301 1010 3375 (16
1031 3300 1182 3389 Lasons,
1207 3303 1386 3378 Ricardus
1410 3302 1631 3390 Lecharem,
1652 3301 1870 3407 Gossoynus
1889 3302 1935 3378 de

512 3429 669 3533 Bruges,
685 3430 875 3526 ¹Johannes
895 3429 942 3506 dc
959 3430 1087 3518 Orbis,
1105 3432 1231 3511 Guido
1243 3434 1290 3508 (16
1307 3433 1413 3511 Β6116
1426 3433 1538 3522 Ville,
1557 3431 1744 3511 Gerardus
1762 3431 1809 3506 de
1825 3433 1934 3508 Mon-

512 3557 682 3663 gneville,
709 3560 819 3665 Hugo
845 3561 891 3635 de
917 3560 1156 3651 Chaminant,
1178 3565 1217 3638 P.
1243 3564 1289 3639 de
1319 3563 1474 3641 Trelhct
1499 3564 1700 3670 presbyter,
1728 3562 1934 3639 Durandus

514 3687 560 3763 de
581 3687 725 3776 Vincis,
754 3692 793 3766 P.
814 3691 862 3765 de
888 3691 1031 3780 Cheru,
1056 3693 1096 3768 P.
1130 3695 1177 3769 de
1207 3711 1330 3770 sancta
1354 3695 1504 3784 Gressa‚
1532 3694 1701 3773 Matheus
1730 3693 1778 3769 de
1805 3694 1932 3785 Clissi,

513 3819 551 3894 P.
572 3818 620 3894 de
633 3819 804 3908 Boncoli,
825 3821 957 3897 Simon
977 3822 1024 3898 de
1043 3824 1184 3911 Remis,
1202 3824 1367 3900 Thomas
1386 3825 1452 3901 des
1472 3826 1619 3912 Cames,
1637 3823 1828 3901 Johannes
1845 3826 1934 3902 Braz

513 3949 560 4025 de
578 3950 650 4025 Fer
667 3952 872 4058 presbyter,
894 3953 1050 4057 Egidius
1077 3953 1124 4029 de
1151 3955 1392 4044 Fontancort,
1421 3955 1648 4035 Guillelmus
1679 3955 1726 4031 de
1750 3956 1932 4062 Vergnes,

512 4081 699 4159 Johannes
717 4082 764 4158 de
782 4083 986 4173 Noviomis,
1004 4085 1187 4162 Henricus
1206 4084 1253 4162 de
1272 4087 1473 4193 Pressigni,
1495 4085 1716 4192 Radulphus
1733 4085 1780 4162 de
1799 4086 1932 4172 Ponte,

514 4208 739 4291 Guillelmus
761 4215 809 4290 de
831 4215 976 4323 Brioys,
1002 4216 1229 4295 Guillelmus
1250 4218 1352 4323 Digi,
1372 4218 1567 4322 Phihppus
1582 4217 1629 4295 de
1648 4214 1931 4301 Villesubterre‚

512 4340 671 4420 Poncius
686 4343 732 4419 de
749 4344 853 4422 Bono
867 4346 1008 4451 Opere,
1025 4350 1184 4426 Jacobus
1199 4349 1246 4425 de
1257 4350 1418 4457 Pergus
1435 4349 1553 4455 Aymo
1569 4348 1616 4424 de
1630 4347 1817 4439 Barbone,
1830 4348 1871 4424 P.
1888 4346 1934 4423 de

511 4472 616 4560 Jans,
643 4475 854 4552 Ponsardus
884 4478 931 4553 (16
957 4477 1065 4566 Gifli,
1094 4478 1320 4557 Guillehnus
1344 4478 1521 4571 Ardoini,
1552 4479 1720 4555 Thomas
1744 4475 1931 4570 Quintini.

512 4580 724 4706 Stephanus
742 4603 789 4677 de
807 4608 963 4695 Pruiuo,
984 4610 1171 4687 Johannes
1195 4611 1241 4687 de
1262 4612 1405 4698 Furn0,
1425 4608 1615 4715 Gobertus
1632 4608 1680 4684 dc
1697 4606 1827 4696 Malle,
1847 4605 1934 4687 Chi-

512 4729 645 4806 cardus
670 4729 828 4821 Atheni,
859 4736 1078 4843 Arnulphus
1106 4740 1153 4815 de
1177 4742 1318 4828 Portel,
1342 4743 1381 4817 P.
1407 4741 1455 4816 de
1483 4738 1714 4827 Castauhier,
1747 4738 1932 4815 Johannes

511 4860 558 4935 de
578 4861 725 4948 Turno,
749 4861 875 4940 Guido
895 4868 1050 4957 Bocelli,
1068 4872 1256 4950 Johannes
1276 4873 1323 4950 de
1345 4873 1587 4960 Serencourt,
1608 4867 1782 4949 Nicotaus
1801 4866 1847 4944 de
1864 4865 1933 4942 Se-
