4080 6052
699 522 1012 619 usos-tsnrs
1037 542 1338 619 rsurmms.
1652 548 1725 622 525

304 691 379 769 bus
398 707 436 768 et
454 687 609 796 singulis
629 685 810 772 mucidis,
831 682 1028 790 respondit
1046 683 1095 761 ud
1114 711 1179 763 eos
1197 661 1242 763 ut
1260 683 1443 792 sequitur.
1460 684 1509 761 Et
1523 685 1647 789 primo
1666 717 1728 765 su-

304 849 374 927 per
401 847 453 898 rru
478 801 611 925 primis
637 817 732 894 dixit
757 845 797 895 se
824 815 976 894 credere
1006 813 1112 920 quod
1136 844 1269 894 omnes
1297 815 1550 893 communiter
1570 818 1727 923 recipie-

303 949 442 1029 bantur
458 949 504 1025 in
527 947 661 1027 ordine
680 947 783 1024 sicut
806 946 887 1051 ipse
913 944 1165 1023 communiter
1188 945 1264 1031 fuit¹
1284 961 1468 1051 receptus.
1493 944 1576 1052 Ipse
1600 965 1726 1025 tamen

304 1077 427 1157 foerm
450 1095 644 1184 receptus,
664 1094 710 1154 ut
727 1077 835 1165 dixit,
856 1076 895 1152 in
916 1073 1057 1180 capella
1082 1075 1219 1159 domus
1247 1075 1397 1181 Templi
1421 1093 1546 1154 vocata
1571 1078 1607 1156 le
1632 1081 1727 1189 Boys

306 1207 475 1286 d'Escutx
498 1206 730 1286 Belvacensis
750 1205 921 1296 diocesis,
943 1206 982 1282 in
1000 1205 1097 1284 sesto
1117 1223 1331 1284 sanctorum
1348 1205 1511 1310 Crispini
1532 1210 1727 1316 etCrispi-

306 1339 409 1429 niani
424 1339 614 1445 preterito,
629 1336 786 1417 fuerunt
804 1337 938 1416 decern
952 1336 1041 1413 enni
1059 1337 1119 1413 vel
1133 1337 1240 1427 cirea,
1260 1365 1329 1441 per
1348 1335 1501 1414 fratrem
1516 1339 1727 1421 iohannem

306 1468 424 1557 Most,
450 1485 709 1575 preceptorem
732 1466 886 1551 ballivis¹
906 1465 1105 1545 Belvacinii
1131 1466 1308 1555 condam,
1333 1466 1573 1571 presentibus
1603 1472 1727 1549 solum

304 1597 481 1676 fratribus
510 1597 682 1676 Johanne
711 1597 763 1674 de
788 1595 992 1704 Larrgivills
1020 1594 1229 1700 presbitero
1259 1611 1297 1673 et
1319 1594 1430 1671 Petro
1457 1596 1504 1674 de
1534 1597 1729 1679 Cormeles

305 1726 553 1805 servientibus
575 1725 720 1806 ordinis
741 1723 944 1815 defunctis,
966 1725 1006 1802 in
1025 1727 1128 1814 hunc
1145 1725 1317 1801 modum.
1338 1725 1432 1801 Nam
1450 1753 1536 1801 cum
1555 1729 1729 1832 periisset

305 1857 407 1936 idem
428 1857 534 1935 testis
551 1856 781 1936 beneficium
803 1855 947 1933 ordinis
971 1873 1010 1934 ct
1029 1855 1298 1932 concessissent
1321 1853 1467 1944 eidem,
1494 1853 1584 1934 fecit
1607 1858 1728 1938 dictus

306 2005 477 2092 receptor
497 1974 586 2066 eum
610 2015 741 2065 vovere
768 1985 990 2078 castitatem,
1011 1985 1132 2062 vivere
1152 1984 1232 2062 sine
1251 1983 1406 2090 proprio
1427 2002 1465 2061 et
1488 1986 1644 2065 obedire
1667 2019 1728 2068 su-

307 2117 521 2224 perioribus
550 2118 645 2217 suis,
678 2135 717 2195 et
734 2117 875 2224 juravit
902 2143 1017 2222 super
1045 2115 1237 2222 quendam
1265 2114 1407 2193 tibrum
1437 2145 1582 2194 servare
1607 2119 1729 2200 bonos

308 2275 400 2324 usus
424 2265 462 2323 et
483 2246 602 2324 bonas
627 2244 921 2323 consuetudines
944 2245 1063 2350 ipsius
1082 2244 1226 2322 ordinis
1250 2261 1288 2320 et
1306 2244 1427 2323 melos
1445 2275 1537 2324 usus
1557 2266 1595 2325 et
1612 2252 1729 2335 malas

308 2377 600 2455 eonsuetudines
610 2376 823 2483 reprobare,
830 2373 1132 2482 juravitinsuper
1143 2374 1249 2479 quod
1260 2390 1407 2451 teneret
1418 2393 1560 2453 secreta
1571 2379 1726 2457 ordinis.

306 2507 354 2583 Et
365 2507 607 2613 postmodum
624 2506 782 2585 tradidit
797 2505 870 2583 sibi
881 2502 1105 2581 mantellum
1119 2502 1280 2593 ordinis,
1297 2531 1374 2610 quo
1388 2505 1525 2584 tradito
1544 2508 1633 2585 dicti
1652 2510 1728 2587 duo

306 2635 437 2713 fratres
451 2637 640 2713 Johannes
653 2651 692 2711 et
705 2637 839 2712 Petrus
853 2634 900 2711 de
914 2633 1091 2709 mandato
1103 2631 1192 2707 dicti
1205 2634 1409 2739 receptoris
1421 2651 1615 2715 traxerunt
1626 2667 1666 2718 se
1681 2642 1728 2717 ad

306 2781 462 2871 partem,
479 2780 742 2844 remanserunt
753 2763 931 2841 tamenin
942 2761 1099 2867 capella,
1113 2778 1152 2838 et
1168 2762 1275 2840 testis
1290 2762 1360 2840 iste
1378 2764 1425 2841 de
1443 2767 1621 2845 mandato
1639 2769 1728 2846 dicti

306 2897 509 3002 receptoris
528 2897 639 2974 traxit
660 2925 700 2974 se
726 2923 813 2972 cum
833 2895 915 3001 ipso
934 2911 1128 3000 receptore
1148 2922 1265 3000 prope
1286 2894 1414 2984 altare,
1433 2913 1471 2972 et
1488 2897 1611 2977 dictus
1626 2927 1729 2976 rece-
1750 2960 1753 2966 .

306 3041 392 3131 ptor
412 3027 505 3103 dixit
526 3027 577 3115 ei,
598 3024 833 3103 ostendendo
850 3024 922 3101 sibi
938 3050 1089 3103 crucem
1108 3024 1328 3103 existentem
1342 3052 1456 3132 super
1471 3025 1585 3107 attare
1598 3029 1639 3103 in
1652 3057 1729 3135 qua

308 3171 386 3230 erat
409 3183 543 3261 ymago
567 3154 744 3232 Crucifixi
769 3154 947 3260 depicta:
973 3152 1126 3262 Abnega
1144 3153 1255 3251 illum
1277 3154 1343 3259 qui
1363 3149 1643 3260 representatur
1661 3186 1729 3264 per

309 3281 472 3390 effigiem
501 3284 603 3362 illam
623 3284 843 3363 existentem
876 3284 916 3393 in
947 3311 1069 3361 cruce.
1096 3284 1146 3361 Et
1173 3282 1253 3389 ipse
1275 3284 1470 3390 respondit
1491 3317 1500 3358 ι
1522 3287 1727 3380 Quomodo

305 3440 454 3518 possem
481 3415 664 3524 abnegare
690 3432 895 3494 creatorem
919 3414 1069 3492 meum?
1096 3430 1134 3491 et
1157 3431 1329 3521 receptor
1347 3416 1543 3541 respondit
1566 3417 1601 3493 ei
1623 3421 1728 3523 quod

306 3543 506 3653 abnegaret
525 3573 616 3622 eum
633 3573 698 3624 ore
720 3563 758 3624 et
781 3573 858 3624 non
883 3544 1013 3632 eorde,
1033 3543 1124 3652 quia
1142 3543 1215 3621 hoc
1234 3561 1313 3621 erat
1331 3544 1380 3621 de
1397 3544 1547 3653 punctis
1566 3544 1726 3636 ordinis,

306 3691 345 3750 et
359 3691 451 3752 tunc
466 3675 660 3785 abnegavit
673 3704 738 3753 ore
754 3692 793 3752 et
808 3702 886 3752 non
901 3675 1032 3763 corde,
1046 3692 1091 3752 ut
1103 3674 1212 3762 dixit3
1227 3676 1476 3781 postmodum
1488 3677 1535 3754 de
1551 3676 1727 3753 mandato

305 3803 423 3907 ipsius
440 3806 644 3910 recepturis
662 3805 849 3884 osculatus
867 3803 940 3881 tuit
958 3805 1083 3911 ipsum
1103 3821 1334 3911 receptorem
1352 3824 1453 3886 retro
1476 3809 1571 3885 eirca
1596 3835 1727 3885 zonam

307 3959 421 4038 super
439 3961 589 4022 carnem
607 3935 761 4012 nudam.
787 3933 958 4039 Precepit
976 3933 1012 4011 ei
1029 3933 1186 4040 insuper
1212 3935 1332 4013 dictus
1350 3954 1533 4043 receptor,
1555 3953 1599 4014 ut
1618 3937 1725 4029 dixit,

307 4063 412 4168 quod
428 4081 581 4169 spueret
595 4081 723 4142 contra
741 4063 879 4140 dictam
893 4082 1119 4157 crucem‚,et
1135 4064 1214 4170 ipse
1231 4065 1333 4170 spuit
1341 4064 1449 4171 juxta
1463 4093 1557 4144 eam.
1570 4069 1619 4144 Et
1635 4067 1729 4144 dixit

307 4192 341 4266 ei
363 4191 485 4272 dietus
505 4210 677 4301 receptor
695 4195 801 4300 quod
821 4192 949 4272 omnia
967 4195 1038 4271 ists
1062 4193 1258 4301 oportebat
1278 4202 1367 4271 e'um
1390 4194 1524 4273 facere.
1544 4196 1647 4274 Dixit
1669 4198 1727 4274 in-

306 4350 420 4428 super
439 4325 543 4429 quod
562 4353 760 4431 nunquam
782 4322 1003 4403 interfuerat
1018 4323 1230 4432 recepcioni
1255 4322 1414 4432 alicujus
1436 4324 1588 4404 alterius
1606 4325 1727 4406 fratris

307 4479 378 4528 nec
396 4453 567 4558 capitulis
587 4481 731 4533 eorum.
830 4474 832 4478 ’

364 4583 475 4674 Item,
497 4584 591 4662 dixit
607 4584 713 4692 quod
735 4586 788 4665 ‚de
817 4585 994 4692 predictis
1016 4584 1278 4692 iniquitatibus
1304 4582 1378 4663 fuit
1403 4584 1593 4664 consessus
1623 4585 1726 4664 fratri
1845 4562 1850 4573 ⁸

307 4711 468 4789 Johanni
494 4713 680 4818 predicto,
707 4732 745 4792 et
768 4713 891 4792 dictus
909 4713 1023 4793 frater
1042 4714 1232 4794 Johannes
1251 4714 1343 4793 dixit
1361 4715 1433 4794 sibi
1451 4716 1557 4824 quod
1576 4716 1727 4794 malefe-

310 4858 413 4919 ctum
438 4860 531 4933 erat,
557 4860 843 4952 verumptamen
866 4845 940 4927 hoc
963 4863 1043 4927 erat
1060 4846 1115 4934 ⁴de
1141 4846 1291 4955 punctis
1319 4846 1478 4943 ordinis,
1504 4863 1543 4929 et
1570 4847 1727 4928 absolvit
