4080 6052
334 562 414 635 sset
717 538 912 633 esocis
937 557 1033 631 ons
1058 556 1364 631 currimns.

333 718 461 808 ceptor
490 697 657 804 precepit
689 699 724 775 ei
755 699 862 806 quod
890 696 1135 777 confiteretur
1161 696 1339 779 hotribus
1371 697 1632 781 ncerdoubm
1655 701 1759 781 'dicti

334 829 494 917 ordinis,
521 828 697 917 credens,
713 846 758 907 ut
780 820 885 1009 dinp
907 828 1013 936 quod
1025 827 1312 931 similismodus
1329 827 1562 935 recepcionis
1579 857 1758 911 commu·

334 961 431 1039 niter
442 960 481 1035 in
492 957 626 1035 ordine
638 976 849 1037 servaretur

878 987 958 1037 non
972 975 1100 1071 tomen
1113 958 1209 1037 vidit
1219 957 1386 1065 aliquem
1399 956 1532 1066 recipi,
1547 959 1619 1045 sed
1635 965 1753 1041 semel

331 1092 458 1166 videre
474 1088 612 1178 voluit,
635 1089 727 1166 dum
748 1090 861 1167 frater
874 1089 1066 1168 Iohannes
1083 1088 1132 1169 de
1148 1089 1253 1167 Barri
1271 1087 1381 1167 miles
1399 1088 1634 1195 reciperetur
1650 1097 1751 1199 opud

331 1219 540 1298 Dormollas
567 1248 636 1327 per
665 1218 818 1298 hotrem
844 1209 1053 1300 Gernldnm
1078 1218 1126 1299 de
1153 1218 1358 1299 villaribus
1377 1235 1471 1301 tunc
1488 1238 1748 1329 preceptorem
1775 1230 1783 1247 '

330 1351 470 1430 Montis
484 1350 776 1440 suessionensis,
787 1351 856 1430 sed
869 1350 934 1429 ille
948 1367 1121 1458 receptor
1132 1349 1227 1428 dixit
1239 1348 1311 1428 sibi
1324 1349 1427 1456 quod
1439 1351 1653 1446 recederet,
1662 1356 1751 1462 quic

329 1481 427 1559 hene
445 1481 584 1558 scirent
600 1478 720 1557 locere
743 1481 824 1559 sine
844 1509 907 1572 eo,
929 1497 970 1560 et
986 1480 1140 1587 optabat
1158 1480 1323 1561 multum
1347 1480 1475 1561 videre
1500 1481 1685 1588 predicta,
1707 1502 1751 1571 ut

329 1610 441 1688 sciret
456 1611 487 1688 si
508 1610 644 1689 eodem
662 1611 778 1688 modo
793 1609 1072 1718 recipiebantur
1088 1611 1152 1691 alii
1170 1611 1360 1717 sicutipse
1378 1609 1453 1691 luit
1466 1629 1658 1720 receptus,
1677 1642 1747 1693 nec

330 1770 497 1848 unquam
511 1740 681 1844 interfuit
694 1742 867 1850 copituIIs
883 1770 1033 1834 eorum,
1049 1759 1093 1821 ut
1113 1741 1216 1821 dixit.

382 1872 493 1963 Item,
527 1900 640 1978 super
673 1873 858 1951 contentis
880 1873 921 1950 in
951 1899 974 1953 v
1002 1871 1158 1951 articulo
1183 1889 1223 1951 et
1246 1900 1269 1949 x
1293 1872 1556 1981 sequentibus,
1582 1874 1629 1953 de
1653 1876 1743 1984 dog-

328 2004 569 2080 matirocione
590 2004 693 2082 etde
714 2002 1000 2082 conculcatione
1020 2002 1141 2081 crucis
1160 2018 1199 2080 et
1215 2021 1296 2084 coto
1315 2019 1356 2083 et
1373 2003 1470 2096 aliis,
1490 2007 1744 2112 responditse

211 2198 216 2207 ,
327 2132 443 2209 nichil
467 2133 561 2209 scire
584 2131 656 2210 nisi
679 2133 721 2210 in
743 2151 928 2241 quantum
949 2161 1062 2240 supro
1085 2134 1270 2240 deposuit
1295 2134 1400 2213 Vidit
1421 2152 1548 2215 umen
1571 2138 1681 2244 quod
1707 2140 1744 2217 io

328 2262 388 2340 die
410 2263 568 2342 Veneris
592 2281 715 2340 sancta
735 2262 941 2342 adorabant
962 2290 1114 2341 crucem
1131 2263 1285 2352 Domini
1308 2281 1525 2343 reverenter
1543 2267 1661 2347 otidis
1680 2296 1746 2375 pe-

325 2392 446 2471 dibus.
548 2454 553 2464 .

379 2527 489 2612 Item,
506 2552 619 2629 super
637 2523 822 2602 contentis
839 2523 881 2601 in
899 2550 959 2604 rvr
978 2523 1136 2601 articulo
1151 2540 1189 2603 et
1205 2550 1256 2604 vu
1274 2523 1536 2631 sequentibus,
1556 2526 1607 2604 de
1626 2556 1744 2609 socru

324 2672 452 2733 mento
472 2655 597 2733 altoris
617 2671 655 2732 et
673 2646 946 2744 sacerdotibus,
967 2671 1005 2731 ot
1018 2653 1058 2730 in
1078 2669 1342 2744 riuti-xxviro,
1363 2655 1471 2761 quod
1487 2684 1650 2763 magnus
1666 2662 1744 2739 Mo-

323 2785 437 2890 gister
447 2802 485 2863 et
496 2785 558 2862 alii
569 2785 663 2892 layci
672 2802 826 2891 possent
835 2784 1039 2872 absolvere,
1054 2785 1300 2891 responditse
1310 2784 1428 2863 nichil
1441 2785 1550 2879 scire,
1564 2787 1739 2895 adjiciens

278 2969 286 2985 .
323 2914 428 3019 quod
448 2915 526 3019 ipse
545 2915 644 2992 bene
667 2915 843 2994 credebat
861 2930 1093 2995 sacramento
1113 2916 1239 2992 altoris
1258 2918 1296 2992 et'
1320 2915 1402 2995 eliis
1426 2917 1673 3008 sacrementis,
1698 2938 1739 2997 et

324 3043 442 3120 credit
469 3045 573 3149 quod
599 3045 662 3122 alii
689 3047 886 3123 crederent
909 3047 1025 3125 idem.
1050 3046 1267 3153 Roqnisitus
1286 3047 1323 3125 si
1347 3046 1527 3125 credebat
1548 3048 1652 3155 quod
1673 3048 1737 3128 ille

321 3171 388 3278 qui
415 3174 556 3278 recepit
582 3200 670 3251 enm
698 3192 795 3251 esset
821 3176 1024 3253 catholicus
1053 3193 1092 3252 et
1115 3177 1241 3253 bonus
1265 3175 1518 3265 Christianus,
1543 3180 1740 3284 respondit

322 3302 426 3405 quod
445 3300 582 3380 lunam
598 3302 762 3380 hahebat
777 3305 824 3381 de
840 3305 927 3394 hoc,
945 3322 1073 3382 tomen
1092 3334 1169 3382 non
1191 3323 1296 3384 erant
1315 3304 1380 3384 ills
1396 3306 1489 3383 Iacto
1506 3306 1600 3384 boni
1617 3309 1741 3386 Chris

319 3430 423 3509 tiani.

374 3564 486 3655 Item,
501 3592 617 3669 super
633 3564 816 3643 contentis
832 3565 870 3642 in
885 3559 1097 3655 xxx-ixxtrr,
1113 3566 1160 3642 de
1176 3566 1329 3655 osculis,
1345 3564 1435 3643 dixit
1445 3591 1485 3641 se
1501 3563 1618 3639 nichil
1635 3567 1732 3642 scire

318 3692 389 3769 nisi
409 3694 513 3801 quod
532 3723 643 3800 supra
663 3695 853 3800 deposuit,
871 3696 943 3775 hoc
960 3713 1112 3803 excepto
1127 3698 1232 3803 quod
1247 3697 1288 3772 in
1305 3695 1520 3801 recepcione
1534 3722 1603 3773 sua
1623 3722 1732 3773 oscu-

317 3822 380 3899 lati
400 3822 555 3901 fuerunt
575 3852 663 3901 eum
683 3824 723 3901 in
742 3852 819 3902 ore.

371 3955 482 4043 Item,
510 3972 683 4032 contenta
707 3954 747 4031 in
773 3980 897 4033 xsxnu
917 3971 956 4032 et
978 3981 1071 4032 xxxv
1096 3951 1292 4059 respondit
1315 3978 1396 4028 esse
1420 3976 1523 4040 vera,
1544 3951 1636 4057 quia
1655 3954 1731 4059 ipse

310 4081 500 4188 juraverat
515 4112 592 4163 non
608 4085 708 4162 exire
726 4085 917 4170 ordinem,
939 4101 979 4161 et
996 4083 1117 4162 luerat
1136 4083 1170 4158 ei
1192 4083 1334 4159 dictum
1355 4080 1462 4189 quod
1479 4106 1550 4185 pro
1564 4080 1730 4186 professo

315 4212 533 4294 hebebatur.

367 4338 485 4434 Items
499 4366 674 4426 contento
694 4348 733 4423 in
752 4373 1023 4454 mvl-mvuu
1042 4346 1238 4453 respondit
1256 4373 1295 4422 se
1314 4345 1469 4423 credere
1489 4373 1571 4423 esse
1589 4374 1687 4423 vere.

366 4477 477 4565 Item,
498 4494 671 4555 contente
700 4478 740 4553 in
764 4503 910 4564 itt-rut,
943 4479 990 4554 de
1018 4477 1174 4554 crimine
1202 4475 1442 4562 sodomitico,
1464 4477 1664 4582 respondit
1689 4502 1724 4551 se

311 4629 386 4679 non
407 4605 558 4683 credere
578 4635 663 4685 vera
683 4635 774 4685 esse.

364 4732 475 4822 Item,
504 4763 617 4839 super
644 4739 829 4817 contentis
856 4739 895 4815 in
919 4766 1018 4825 rivi,
1043 4737 1092 4815 do
1112 4737 1248 4844 ydolis,
1280 4753 1316 4812 et
1335 4737 1376 4811 in
1398 4736 1646 4844 sequentibus
1668 4763 1715 4823 rr,

306 4862 503 4971 respondit
522 4892 561 4943 se
575 4866 692 4944 nichil
712 4869 806 4946 scire
824 4897 894 4947 nec
910 4867 1096 4947 audivisse
1113 4867 1197 4948 dici

851 1016 864 1049 ἱ
