4080 6052
545 550 618 627 su
930 525 1125 619 rnocts
1150 545 1246 617 uss
1272 542 1576 629 renarrans.

543 693 677 770 ciando
693 689 875 775 Ecclesie3
891 713 962 764 nee
975 686 1049 764 scit
1059 703 1217 793 propter
1231 683 1405 762 feditates
1426 684 1593 791 aliquem
1607 674 1784 764 o1dinem
1797 689 1968 777 exivisse,

544 852 612 900 nec
634 824 702 900 scit
724 819 940 899 scandalum
966 835 1093 895 contra
1116 816 1291 893 ordinem
1316 843 1397 892 esse
1420 832 1593 894 exortum
1610 834 1767 923 propter
1785 820 1967 924 predicte.

544 954 626 1030 Alia
649 953 696 1028 de
722 948 907 1028 contentis
927 949 966 1023 in
987 946 1096 1024 dictis
1115 945 1282 1023 articulis
1305 945 1398 1022 dixit
1418 973 1457 1022 se
1476 946 1638 1037 nescire,
1657 948 1820 1024 modum
1842 966 1968 1028 autem

545 1111 611 1161 sue
631 1079 862 1186 recepcionis
877 1078 997 1154 credit
1011 1076 1252 1152 manifestum
1264 1074 1397 1152 tuisse.

600 1214 711 1299 ltem,
729 1210 932 1317 requisitus
943 1209 974 1285 si
990 1209 1043 1285 sic
1053 1208 1279 1312 deposuerat
1292 1234 1424 1311 prece,
1441 1225 1636 1313 precepto,
1650 1208 1806 1298 timore,
1824 1238 1964 1303 amore,

546 1345 650 1432 odio,
671 1342 731 1418 vel
755 1339 952 1445 temporali
976 1339 1137 1417 comodo
1163 1337 1293 1414 habito
1316 1337 1374 1414 vel
1403 1337 1601 1428 habendo,
1631 1341 1830 1445 respondit
1865 1345 1966 1450 quod

547 1501 636 1563 non,
657 1472 723 1548 sed
740 1498 809 1576 pro
829 1469 981 1546 veritate
995 1466 1171 1553 dicenda3
1187 1468 1248 1542 cui
1262 1466 1335 1543 luit
1347 1466 1559 1574 injunctum
1576 1497 1644 1572 per
1659 1468 1781 1546 dictos
1793 1471 1967 1550 dominos

547 1601 840 1691 commissarios,
862 1599 901 1675 in
922 1598 1058 1675 virtute
1075 1598 1282 1704 juramenti
1305 1599 1449 1703 prestiti
1465 1626 1534 1705 per
1549 1599 1748 1688 eumdem,
1764 1602 1868 1707 quod
1888 1631 1964 1681 non

547 1735 727 1812 revelaret
753 1734 852 1809 hanc
874 1757 978 1807 suam
1004 1730 1286 1834 deposicionem
1312 1758 1512 1837 quousque
1537 1732 1795 1809 attestaciones
1821 1732 1964 1811 fuerint

548 1865 747 1971 publicata.

604 2126 756 2201 Eisdem
782 2124 843 2199 die
873 2140 911 2198 et
938 2123 1020 2197 loco
1059 2120 1131 2197 fuit
1169 2120 1356 2198 adductus
1394 2122 1441 2200 ad
1471 2123 1703 2227 presenciam
1740 2126 1965 2204 eorumdum

460 2351 462 2354 y
550 2258 793 2338 dominorum
830 2251 1171 2328 commissariorum
1207 2250 1320 2328 frater
1357 2253 1490 2327 Petrus
1530 2253 1578 2327 de
1612 2253 1860 2333 Boucbeures
1897 2285 1967 2335 ser-

547 2389 652 2464 viens
683 2384 943 2462 Ambianensis
976 2383 1151 2468 diocesis,
1182 2384 1287 2464 testis
1323 2412 1433 2488 supra
1470 2384 1635 2491 juratus,
1674 2402 1719 2460 ut
1763 2387 1966 2493 deponeret

550 2520 694 2596 dictum
716 2543 845 2601 suum,
868 2542 945 2590 non
967 2512 1153 2589 defferens
1176 2513 1400 2589 mantellum
1426 2513 1586 2600 ordinis,
1609 2514 1699 2618 quia
1724 2535 1968 2624 consumptus

550 2666 644 2737 erat,
662 2665 699 2724 et
717 2646 808 2723 socii
827 2646 884 2722 sui
905 2660 1103 2721 suaserunt
1122 2642 1191 2718 sibi
1213 2643 1318 2749 quod
1341 2643 1548 2720 dimitteret
1568 2672 1656 2721 eum
1673 2662 1712 2721 et
1731 2647 1882 2726 raderet
1900 2649 1967 2727 sibi

548 2780 721 2867 barbam,
744 2795 782 2853 et
801 2778 889 2882 quia
903 2775 1019 2851 eciam
1039 2801 1115 2849 non
1132 2773 1303 2878 placebat
1318 2771 1387 2849 sibi
1409 2774 1571 2880 amplius
1587 2805 1629 2852 ea
1645 2793 1809 2881 portare,
1833 2794 1870 2853 et
1890 2797 1968 2856 erat

551 2911 658 2984 etatis
683 2908 830 2984 circiter
851 2906 1003 3012 triginta
1029 2932 1237 2994 annorum,
1259 2921 1296 2979 et
1324 2903 1447 2979 fuerat
1470 2905 1694 3010 inquisitum
1717 2935 1802 2984 cum
1827 2935 1872 2985 eo
1886 2937 1968 3014 ,per

552 3037 695 3111 dictum
716 3036 931 3139 episcopum
948 3033 1238 3110 Ambianensem
1261 3034 1326 3140 qul
1351 3062 1452 3111 nunc
1477 3052 1548 3125 est,
1574 3053 1611 3111 et
1633 3018 1831 3114 absolutus
1856 3056 1894 3116 et
1912 3069 1970 3115 re·

551 3164 770 3242 conciliatus
781 3192 848 3268 per
863 3191 963 3238 eum.
980 3163 1100 3238 Lectis
1113 3181 1238 3239 autem
1255 3181 1291 3239 et
1306 3163 1506 3271 diligenter
1521 3164 1591 3240 sibi
1607 3167 1784 3272 expositis
1795 3169 1969 3246 omnibus

553 3314 589 3372 et
604 3295 761 3402 singulis
772 3293 949 3378 articulis,
966 3294 1162 3396 respondit
1178 3293 1224 3367 ad
1240 3320 1315 3383 eos,
1332 3312 1369 3368 et
1383 3295 1506 3399 primo
1524 3296 1571 3370 ad
1584 3296 1727 3401 primos
1741 3316 1915 3403 quatuor,
1931 3318 1971 3375 ut

552 3428 742 3531 sequitur:
757 3424 899 3502 scilicet
914 3450 952 3498 se
966 3423 1119 3498 credere
1138 3422 1242 3526 quod
1255 3423 1318 3498 alii
1332 3424 1591 3529 reciperentur
1603 3428 1640 3500 in
1657 3426 1788 3502 ordine
1802 3456 1971 3503 commu-

552 3559 659 3643 niter,
682 3557 778 3632 sicut
798 3555 876 3659 ipse
892 3552 964 3628 luit
983 3570 1176 3655 receptus3
1190 3553 1256 3627 sed
1271 3568 1397 3628 tamen
1416 3554 1606 3631 nesciebat
1618 3557 1702 3646 hoc,
1716 3556 1803 3660 quia
1816 3584 1894 3632 non
1912 3559 1970 3633 in-

551 3686 730 3762 terfuerat
743 3684 951 3789 recepcioni
970 3683 1128 3788 alicujus
1144 3681 1295 3758 alterius
1308 3682 1430 3772 fratris
1449 3712 1517 3759 nec
1536 3686 1705 3790 capitulis
1722 3713 1873 3774 eorum3
1890 3687 1969 3792 ipse

552 3835 678 3893 autem
700 3833 873 3921 receptus
896 3814 1018 3889 fuerat
1041 3841 1108 3919 per
1127 3813 1279 3889 fratrem
1305 3814 1510 3891 Robertum
1533 3816 1580 3891 de
1600 3817 1771 3905 Belvaco‚
1791 3817 1971 3923 presbite-

551 3977 636 4022 rum
652 3947 861 4052 quondam,
879 3961 1139 4051 preceptorem
1155 3961 1244 4020 tunc
1258 3944 1305 4019 de
1319 3945 1491 4032 pontivo,
1505 3946 1544 4019 in
1558 3945 1698 4050 capella
1718 3947 1968 4025 domusTem·

551 4079 604 4182 pli
622 4079 668 4154 de
690 4079 837 4186 Loyson
859 4074 1120 4152 Ambianensis
1141 4075 1318 4160 diocesis,
1342 4076 1402 4150 die
1419 4076 1619 4152 Dominica
1645 4096 1731 4153 ante
1759 4081 1966 4183 proximum

551 4207 688 4284 festum
704 4207 942 4284 Ascencionis
960 4205 1112 4282 Domini
1131 4223 1242 4283 erunt
1255 4233 1318 4282 vni
1339 4207 1442 4295 anni,
1465 4208 1557 4282 circa
1576 4208 1706 4282 horam
1726 4209 1867 4313 prime,
1891 4237 1968 4314 prc-

551 4338 719 4414 sentibus
740 4337 916 4414 fratribus
942 4336 1093 4413 Gattero
1119 4336 1165 4412 de
1190 4336 1287 4414 Villa
1317 4337 1526 4441 sapiencie,
1549 4338 1685 4413 Enrico
1711 4338 1758 4414 de
1785 4338 1964 4422 Bloffiers,

551 4469 719 4544 Johanne
750 4469 960 4553 d’dnserra,
991 4465 1196 4543 Guillelmo
1229 4468 1275 4542 de
1313 4466 1435 4542 Platea
1470 4483 1507 4542 et
1542 4469 1702 4545 Martino
1734 4468 1782 4544 de
1814 4469 1965 4546 Marsilia

552 4598 813 4686 servientibus,
837 4627 1000 4704 quorum
1022 4597 1167 4703 aliquos
1187 4597 1306 4674 credit
1323 4625 1402 4674 esse
1424 4615 1608 4686 mortuos,
1625 4599 1691 4674 sed
1712 4599 1833 4676 dictos
1847 4599 1965 4674 fratres

553 4725 801 4803 Guillelmum
822 4731 869 4803 de
895 4731 1018 4805 Platea
1040 4745 1077 4805 et
1097 4729 1299 4804 Martinum
1320 4728 1438 4805 credit
1458 4756 1537 4804 esse
1558 4730 1674 4817 vivos,
1697 4731 1736 4805 in
1763 4731 1867 4808 hunc
1891 4757 1966 4805 mo-

554 4857 645 4934 dum
665 4885 789 4943 :nam‚
815 4886 900 4933 cum
921 4859 1092 4963 peciisset
1112 4886 1179 4963 pro
1200 4861 1280 4936 Deo
1308 4859 1377 4937 sibi
1397 4859 1547 4936 concedi
1565 4888 1700 4963 panem
1722 4877 1760 4937 et
1781 4890 1912 4968 aquam
1932 4876 1968 4934 et
