4080 6052
500 528 550 603 ra
886 513 1080 607 moces
1106 529 1201 605 uss
1227 530 1528 608 rnurmuns.

438 758 441 765 ,
499 673 696 750 Parisiensi
724 672 897 779 episcopo
924 673 1100 760 salutem,
1130 691 1168 752 et
1192 675 1377 752 mandatis
1403 674 1614 781 apostolicis
1638 697 1851 761 reverenter
1879 702 1916 762 et

499 803 659 879 firmiter
679 803 846 881 obedire.
867 804 1027 881 Dudum
1046 802 1224 881 omnibus
1244 803 1531 911 archiepiscopis
1551 823 1590 883 et
1608 807 1915 918 episcopisregni

499 933 669 1019 Francie,
695 932 838 1010 vicariis
868 950 905 1009 et
934 932 1155 1031 officialibus
1185 933 1409 1011 eorumdem
1437 935 1625 1041 scripsisse
1655 939 1913 1028 meminimus,

395 1092 398 1097 ·
499 1081 537 1140 et
556 1063 769 1150 mandasse,
789 1063 910 1169 quod,
933 1091 1019 1140 cum
1040 1091 1125 1150 nos,
1148 1064 1196 1140 ad
1219 1063 1490 1170 inquirendum
1514 1083 1641 1143 contra
1660 1085 1782 1146 totum
1802 1071 1914 1147 Tem·

498 1193 704 1298 plariorum
724 1194 899 1271 ordinem
918 1194 959 1269 in
977 1220 1093 1300 regno
1111 1195 1141 1270 F
1143 1194 1266 1271 rancie
1286 1195 1470 1301 deputati,
1490 1196 1759 1274 vocavissemus
1778 1215 1815 1274 et
1833 1199 1915 1276 cita·

497 1324 677 1402 visscmus
690 1323 960 1430 peremptorie,
977 1322 1195 1401 auctoritate
1209 1323 1320 1403 nobis
1332 1325 1467 1402 tradite
1479 1326 1687 1431 potcstatis,
1704 1355 1771 1433 per
1791 1326 1917 1432 publi·

497 1482 584 1532 cum
604 1453 793 1529 citacionis
813 1451 996 1542 edictum,
1018 1453 1231 1558 predictum
1250 1453 1425 1533 ordinem
1444 1454 1764 1562 Templariorum,
1785 1454 1915 1535 fratres

497 1584 586 1661 dieti
615 1581 759 1658 ordinis
786 1598 824 1658 et
851 1608 983 1659 omnes
1013 1586 1236 1673 evocandos,
1264 1603 1309 1663 ut
1334 1585 1456 1691 prima
1484 1586 1546 1661 die
1573 1611 1650 1659 non
1676 1583 1805 1660 seriata
1831 1605 1917 1690 post

496 1711 633 1790 festum
647 1711 746 1789 beati
762 1712 910 1788 Martini
925 1712 1107 1819 hyemalis
1125 1730 1216 1790 tunc
1235 1715 1434 1790 instantem
1452 1729 1711 1816 comparerent
1729 1713 1916 1792 sufficicn-

496 1859 553 1920 ter
572 1869 696 1918 coram
716 1840 825 1917 nobis
844 1841 1022 1930 Parisius,
1038 1844 1078 1919 in
1098 1841 1298 1947 episcopali
1317 1840 1416 1925 aula,
1433 1840 1526 1916 hora
1544 1840 1682 1944 prime,
1698 1841 1738 1915 in
1757 1846 1916 1945 premis-

495 1972 545 2049 sis
565 1987 603 2049 et
622 1999 665 2048 ea
683 1970 941 2077 tangentibus,
963 1987 1077 2076 prout
1091 1971 1239 2076 justum
1260 1985 1373 2056 esset,
1394 1969 1620 2072 processuri3
1643 1985 1682 2046 et
1700 1972 1805 2074 quod
1824 1972 1913 2049 dicti

496 2100 778 2208 archiepiscopi,
805 2099 985 2205 episcopi,
1012 2073 1136 2175 vicarii
1161 2124 1228 2174 seu
1251 2095 1429 2175 officiales
1453 2100 1676 2175 eorumdem
1700 2100 1914 2204 predictum

495 2231 691 2340 publicum
709 2249 836 2310 nostre
857 2229 1044 2307 citacionis
1069 2229 1234 2306 edictum
1258 2227 1421 2306 facerent
1439 2228 1588 2335 publice
1609 2259 1650 2304 ac
1669 2230 1915 2337 solempniter

495 2364 578 2442 fieri
597 2365 687 2472 legi,
708 2360 854 2441 recitari
874 2377 912 2438 et
930 2358 1113 2467 publicari
1133 2359 1234 2438 clero
1254 2377 1293 2436 et
1310 2359 1469 2463 populo,
1491 2359 1532 2431 in
1552 2358 1845 2449 cathedralibus,
1877 2380 1914 2439 et

494 2497 637 2603 magnis
660 2494 863 2601 collegiatis
888 2491 1069 2579 ecclesiis,
1096 2507 1134 2568 ct
1157 2488 1266 2566 scolis
1290 2486 1357 2563 ubi
1383 2505 1440 2562 est
1463 2485 1633 2566 studium
1657 2488 1847 2592 generale,
1871 2518 1912 2565 ac

494 2628 596 2702 curia
615 2625 832 2701 officialium
856 2648 1029 2705 suorum,
1051 2619 1240 2693 civitatum
1260 2631 1299 2693 et
1318 2615 1525 2715 diocesium
1551 2619 1789 2706 eorumdem,
1812 2637 1849 2694 et
1871 2619 1911 2695 in

493 2751 760 2859 principalibus
788 2747 965 2824 domibus
984 2748 1156 2855 ejusdem
1176 2746 1320 2822 ordinis
1344 2747 1384 2821 iu
1406 2747 1514 2823 dictis
1541 2748 1618 2824 suis
1641 2746 1849 2824 civitatibus
1874 2766 1912 2825 et

494 2877 705 2957 diocesibus
731 2878 957 2965 constitutis,
984 2877 1091 2954 acin
1118 2876 1208 2954 locis
1235 2876 1274 2953 in
1302 2876 1440 2983 quibus
1469 2876 1600 2956 fratres
1625 2877 1743 2982 ipsius
1767 2877 1911 2954 ordinis

493 3010 589 3115 capti
611 3025 801 3097 tenentur,
827 3026 866 3086 et
887 3010 992 3114 quod
1017 3009 1064 3086 de
1089 3009 1280 3114 premissis
1305 3007 1469 3085 lacerent
1492 3007 1574 3083 fieri
1598 3005 1748 3113 publica
1773 3007 1911 3083 instru-

493 3157 634 3231 menta,
652 3168 725 3246 que
746 3139 856 3216 nobis
876 3155 959 3215 ante
981 3138 1126 3216 dictum
1144 3138 1367 3225 terminum,
1383 3137 1442 3214 vel
1458 3136 1581 3214 saltim
1598 3137 1637 3212 in
1652 3137 1733 3242 ipso
1748 3138 1910 3213 termino

493 3270 737 3357 destinarent,
758 3284 871 3374 prout
889 3270 959 3348 hec
984 3285 1021 3344 et
1040 3268 1111 3344 alia
1130 3268 1169 3343 in
1191 3267 1298 3344 dictis
1317 3267 1454 3344 nostris
1472 3265 1607 3343 litteris
1626 3267 1777 3370 plenius
1795 3268 1912 3344 conti-

404 3413 409 3418 '
492 3418 640 3480 nentur.
662 3403 777 3478 Porro
799 3430 884 3476 cum
904 3429 968 3477 vos
988 3402 1036 3477 dc
1056 3401 1277 3478 execucione
1299 3401 1388 3478 dicti
1409 3399 1574 3476 mandati
1593 3401 1711 3476 nostri
1730 3426 1799 3474 nos
1824 3429 1911 3478 non-

492 3531 585 3607 dum
614 3531 915 3616 certificaveritis,
942 3547 980 3606 et
1002 3558 1071 3607 nos
1099 3532 1146 3607 de
1170 3529 1399 3638 benignitate
1427 3546 1513 3634 post
1539 3529 1680 3608 dictum
1703 3530 1910 3607 terminum

492 3662 821 3767 expectaverimus,
834 3677 871 3735 et
884 3661 1008 3736 adhuc
1023 3676 1275 3764 expectemus,
1293 3678 1332 3737 et
1346 3675 1535 3762 expectare
1550 3657 1783 3733 intendimus
1797 3686 1910 3762 quan-

489 3810 573 3869 tum
603 3792 712 3871 nobis
738 3790 939 3876 videbitur,
970 3817 1035 3866 vos
1062 3790 1308 3895 requirimus,
1339 3785 1521 3891 vobisque
1551 3786 1590 3861 in
1619 3787 1755 3863 virtute
1787 3807 1909 3866 sancte

491 3924 710 4002 obediencie
731 3921 946 3999 auctoritate
967 3919 1168 4026 apostolica
1188 3915 1351 3992 districte
1372 3914 1659 4020 injungimus-et
1673 3919 1908 4004 mandamus,

491 4072 674 4157 quatenus
694 4055 724 4131 si
745 4081 819 4158 qua
837 4050 1005 4127 facienda
1032 4063 1188 4134 restant,
1209 4044 1314 4151 quod
1342 4044 1545 4149 perficiatis
1570 4046 1751 4132 celeriter,
1782 4063 1819 4121 et
1848 4075 1911 4122 cx-

489 4186 742 4287 pectacionem
756 4202 921 4261 nostram
935 4182 1141 4288 predictam
1154 4177 1343 4255 insinuare
1357 4192 1394 4253 et
1405 4177 1608 4284 publicare,
1623 4202 1777 4280 nosque,
1794 4203 1908 4280 quam

488 4313 593 4417 prius
612 4315 769 4391 comode
789 4311 1001 4419 potueritis,
1025 4313 1071 4385 de
1096 4310 1171 4387 hiis
1190 4337 1264 4414 que
1289 4306 1450 4385 feceritis
1474 4305 1675 4383 certificare
1695 4305 1849 4396 curetis,
1872 4325 1909 4383 ct

488 4445 518 4520 si
539 4444 654 4552 aliqui
677 4474 718 4522 ex
741 4445 849 4521 dictis
867 4439 1044 4519 fratribus
1064 4438 1192 4514 dicant
1212 4466 1250 4515 se
1271 4437 1366 4515 velle
1388 4436 1531 4554 aliquid
1551 4435 1674 4512 dicere
1689 4462 1757 4540 pro
1774 4437 1908 4514 ordine

487 4575 715 4674 supradicto,
737 4573 933 4674 requiratis
956 4598 1023 4647 seu
1048 4567 1191 4672 requiri
1215 4565 1354 4645 faciatis
1378 4582 1507 4673 gentes
1536 4565 1655 4670 regias
1677 4580 1716 4640 ct
1735 4567 1908 4643 custodes

488 4701 728 4784 eorumdem,
749 4715 791 4774 ut
810 4701 1123 4804 quandocumque
1145 4697 1192 4773 ad
1213 4726 1281 4776 nos
1300 4697 1426 4776 venire
1450 4695 1640 4775 voluerint
1658 4723 1727 4801 pro
1747 4696 1908 4802 premis-

487 4830 553 4917 sis,
574 4830 645 4909 sub
664 4829 740 4909 lide
765 4844 863 4905 certa
889 4845 927 4906 et
949 4844 1029 4907 tuta
1053 4829 1222 4908 custodia
1247 4833 1295 4907 ad
1314 4856 1383 4911 nos
1402 4828 1442 4904 in
1462 4829 1558 4908 dicta
1578 4844 1696 4906 vestra
1722 4826 1804 4903 aula
1829 4825 1908 4929 epi-
