4148 6052
328 540 403 610 252
714 514 914 610 eneces
940 534 1035 607 ons
1060 530 1362 608 reuertens.

326 678 462 765 dictos,
475 676 690 754 dicerentur
706 674 822 754 luisse
838 676 929 754 elias
946 702 1016 781 per
1035 673 1234 751 dominum
1251 677 1407 781 Papam,
1418 673 1477 753 tel
1489 701 1559 780 per
1575 672 1753 756 dominos

326 808 533 886 cardinales
557 806 753 914 deputatos
777 807 824 884 ab
849 834 895 884 eo
923 806 963 882 in
984 804 1233 912 inquisicione
1254 833 1330 911 que
1355 802 1400 883 lit
1423 821 1552 883 contm
1575 805 1752 885 ordinem

326 940 473 1048 Templi
494 937 714 1044 supradicti,
741 936 885 1015 domini
911 936 1155 1014 commissarii
1180 936 1483 1015 deliberavenmt
1503 937 1751 1042 supersedere

326 1071 373 1149 ab
398 1070 673 1150 examinacione
700 1069 959 1175 predictorum
981 1066 1136 1144 testium
1155 1067 1371 1174 juratorum
1394 1085 1433 1146 et
1455 1068 1753 1149 examinatorum

324 1231 394 1308 per
424 1202 623 1280 dominum
649 1201 788 1307 Papam
819 1199 877 1278 vel
906 1197 1113 1276 cardinales
1142 1199 1348 1305 predictos,
1373 1204 1575 1306 quousque
1602 1199 1753 1306 plenius

326 1333 579 1412 deliberarent
597 1361 712 1439 super
730 1332 822 1410 istis.
840 1333 888 1409 Et
906 1347 1131 1436 receperunt
1148 1330 1189 1408 in
1207 1347 1322 1409 testes
1332 1328 1599 1438 Raymondum
1608 1327 1658 1407 de
1668 1331 1755 1410 Ver·

325 1466 480 1542 sinacho
498 1463 675 1552 militem,
703 1460 978 1555 Lemovicensis
1002 1458 1180 1550 diocesis,
1206 1460 1400 1567 quondum
1423 1475 1687 1567 preceptorem
1705 1461 1752 1540 de

326 1595 450 1683 Bilda,
471 1593 722 1701 Baudoynum
741 1591 790 1669 de
811 1608 937 1668 sancto
959 1592 979 1667 J
983 1606 1067 1668 usto
1090 1591 1284 1697 quondam
1306 1607 1566 1698 preceptorem
1588 1588 1637 1666 de
1656 1591 1754 1671 Pon·

327 1725 403 1801 tivo
437 1723 699 1801 Ambianensis
732 1722 903 1811 diocesis,
933 1722 1122 1799 Thomum
1146 1719 1195 1797 de
1223 1721 1410 1800 Chamino
1440 1719 1753 1828 Rhotomngensis

328 1855 503 1943 diocesis,
521 1855 711 1932 lohannes
730 1852 925 1930 Buchandi
942 1852 1165 1931 Pictavensis
1184 1852 1354 1942 diocesis,
1367 1851 1598 1931 Ancherium
1611 1852 1658 1931 de
1674 1855 1753 1934 Vit-

326 1985 360 2061 la
378 1986 494 2064 Ducis
513 1984 761 2091 Lingonensis
781 1984 955 2073 diocesis,
978 1983 1203 2061 Ambertum
1222 1983 1270 2062 de
1292 1986 1367 2062 Ros
1386 1983 1611 2063 Pictavensis
1627 1985 1749 2065 dioce-

327 2117 393 2204 sis,
421 2115 604 2193 Jacobum
634 2114 684 2193 de
709 2113 854 2204 Trecis,
880 2112 1051 2193 Giletum
1079 2115 1126 2191 de
1154 2116 1324 2222 Encreyo
1352 2114 1548 2195 [lemensis
1568 2115 1748 2205 diocesis,

327 2274 404 2323 non
418 2263 609 2352 portantes
624 2245 798 2322 habitum
815 2244 983 2350 Templi,
1004 2245 1166 2351 exceptis
1183 2245 1292 2323 dictis
1309 2245 1479 2324 Johnnne
1499 2247 1696 2325 Boncendi
1714 2265 1750 2327 et

326 2377 512 2454 Ancherio
539 2377 586 2454 de
605 2376 702 2455 Villa
724 2375 856 2463 Ducis,
882 2376 949 2482 qui
973 2375 1173 2452 mantellos
1199 2393 1237 2453 et
1259 2375 1434 2452 habitum
1451 2375 1608 2482 Templi
1627 2394 1750 2484 ports-

324 2505 426 2584 bant.
443 2507 519 2600 Qui
538 2507 694 2615 quidem
710 2506 962 2612 prenominati
981 2521 1112 2592 testes,
1131 2505 1371 2611 presentibus
1385 2521 1424 2582 ct
1435 2505 1655 2585 videntibus
1667 2537 1749 2615 pre-

326 2637 434 2715 dictis
450 2636 629 2715 lratribus
654 2635 846 2743 Raynaldo
871 2633 920 2713 de
950 2635 1109 2723 Prnino,
1130 2637 1170 2712 Ρ.
1193 2635 1242 2713 de
1267 2636 1455 2726 Bononia,
1473 2635 1683 2717 Guillelmo
1702 2639 1748 2715 de

324 2767 591 2847 Chambonent
614 2784 652 2844 et
673 2763 883 2844 Bertrando
903 2762 952 2843 de
971 2764 1152 2869 Sertiges,
1169 2766 1393 2871 juraverunt
1414 2766 1654 2874 singulariter
1669 2769 1748 2847 sin·

324 2897 420 3002 guli,
449 2898 687 2975 sacrosanctis
711 2894 921 3003 Evangeliis
939 2922 1009 3000 per
1033 2922 1098 2973 eos
1126 2923 1244 2973 manu
1269 2898 1392 2986 tactis,
1418 2896 1540 2975 dicere
1568 2899 1750 3005 predictis

326 3027 490 3104 dominis
502 3027 763 3105 commissariis
775 3043 909 3114 totam,
922 3025 1073 3132 plenam
1087 3043 1125 3104 et
1137 3054 1280 3104 merum
1290 3028 1487 3106 veritatem
1496 3056 1608 3136 quem
1618 3030 1749 3106 scium

324 3156 383 3232 vel
402 3156 562 3233 credunt
586 3156 633 3233 de
652 3154 819 3233 articulis
838 3183 860 3231 a
877 3156 977 3233 Sede
997 3155 1208 3261 Apostolice
1233 3157 1374 3247 missis,
1394 3186 1509 3265 super
1528 3156 1672 3264 quibus
1689 3160 1748 3237 in-

324 3286 555 3393 quirendum
575 3303 632 3365 est
651 3303 690 3364 et
708 3285 1011 3395 contingentibus
1029 3286 1206 3365 muculos
1221 3304 1466 3378 memoratos,
1487 3304 1528 3366 et
1542 3289 1650 3395 quod
1666 3318 1747 3368 me·

323 3446 420 3507 ram,
440 3447 574 3524 puram
600 3434 638 3496 et
663 3417 816 3524 plenum
833 3416 1027 3497 veritatem
1048 3416 1217 3496 dicerent
1239 3446 1318 3497 non
1340 3419 1583 3498 inmiscentes
1604 3418 1744 3525 aliquid

322 3548 506 3639 salsitatis3
532 3550 638 3656 quod
666 3549 784 3627 eciam
811 3548 982 3627 dicerent
1004 3549 1199 3626 veritatem
1222 3549 1498 3656 predictorum,
1517 3568 1598 3629 tam
1621 3569 1743 3629 contm

323 3680 448 3785 ipsum
468 3682 640 3759 ordinem
659 3709 775 3789 quam
794 3709 864 3787 pro
883 3681 965 3788 ipso
989 3678 1140 3769 ordine,
1162 3696 1200 3757 et
1219 3679 1292 3759 hoc
1310 3682 1658 3789 quocienscumque
1679 3709 1743 3789 per

323 3813 424 3916 ipsos
448 3811 622 3888 dominos
645 3811 919 3889 commissarios
942 3809 1083 3887 luerint
1106 3808 1291 3916 requisiti,
1321 3829 1359 3889 et
1390 3813 1496 3919 quod
1523 3841 1596 3892 nec
1618 3842 1742 3920 prece,

323 3971 392 4020 uec
410 3943 553 4049 precio,
574 3970 644 4018 nec
667 3970 812 4031 amore,
831 3969 901 4018 nec
916 3941 1073 4029 timore,
1094 3967 1165 4017 nec
1183 3941 1324 4047 privato
1347 3942 1455 4036 odio,
1475 3971 1548 4020 nec
1562 3972 1636 4050 pru
1654 3972 1743 4023 com

322 4075 438 4151 modo
457 4072 654 4179 temporali
675 4072 780 4180 quod
803 4071 1101 4161 habuerint,‚vel
1125 4071 1304 4164 habeant,
1325 4075 1384 4150 vel
1412 4073 1554 4153 babere
1577 4093 1739 4181 sperent,

321 4204 581 4283 testimonium
614 4205 756 4292 dicent,
790 4220 829 4280 et
858 4203 964 4311 quod
990 4202 1250 4308 deposiciones
1275 4232 1361 4282 suas
1386 4232 1466 4283 non
1488 4206 1661 4312 pandent
1678 4232 1742 4285 nec

323 4333 540 4413 revelabunt
562 4336 690 4425 alicui,
709 4361 908 4441 quousque
926 4332 1068 4411 luerint
1090 4333 1291 4440 publicato.
1309 4335 1382 4411 Ista
1403 4334 1524 4414 forma
1539 4336 1741 4444 juramenti

322 4464 393 4542 suit
417 4484 558 4545 servata
581 4467 628 4545 ab
652 4468 721 4543 hac
745 4465 807 4542 die
829 4465 870 4541 in
895 4482 1004 4543 antea
1026 4465 1068 4541 in
1088 4465 1302 4571 receptione
1322 4466 1497 4545 omnium
1513 4468 1672 4547 testium
1688 4494 1741 4547 se·

322 4598 538 4699 quencium.
560 4597 658 4674 Dicti
682 4623 770 4674 vero
795 4621 831 4672 tv
851 4593 999 4686 fratres,
1021 4613 1107 4674 ante
1126 4595 1388 4702 juramentum
1407 4597 1642 4703 predictum,
1659 4624 1742 4704 pru-

321 4726 444 4800 testati
460 4725 616 4801 luenmt
636 4727 684 4803 de
708 4726 869 4804 dicendo
893 4727 933 4803 in
957 4727 1127 4834 personis
1143 4744 1183 4807 et
1202 4727 1300 4804 dicta
1314 4728 1469 4807 testium
1487 4728 1739 4835 predictorum

322 4855 405 4933 loco
421 4873 459 4933 et
474 4874 644 4960 tempore
663 4858 908 4960 competenti,
930 4875 1101 4962 petentes
1122 4857 1194 4935 sibi
1218 4858 1298 4935 dari
1318 4859 1472 4937 nomina
1489 4858 1681 4947 dictorum
1696 4877 1743 4941 te
