4080 6052
319 567 392 640 cro
456 579 459 586 ·
705 547 1349 668 eaocgasnssrnurnrnas

317 711 468 786 iratrom
482 708 717 787 Bemardum
730 708 955 817 predictum,
978 722 1016 783 et
1031 705 1071 782 in
1094 706 1297 783 crastinum
1311 704 1407 781 hora
1427 699 1661 795 matutinali,
1686 702 1734 780 ia-

317 842 417 917 ciens
431 839 629 917 transitum
644 868 713 948 per
740 839 865 917 villam
886 839 933 914 de
951 836 1106 917 Abbatis
1117 835 1216 916 Villa
1231 835 1329 913 dicte
1351 831 1529 924 diocesis,
1549 832 1734 912 confemus

316 971 387 1047 snit
408 972 455 1049 de
475 970 584 1047 dictis
603 972 794 1048 erroribus
813 970 964 1048 cuidam
977 967 1080 1046 fratri
1095 968 1250 1056 Minori,
1266 966 1374 1074 cujus
1392 991 1536 1042 nomen
1548 981 1585 1041 et
1601 991 1732 1072 cogno

316 1122 403 1178 men
423 1101 585 1209 ignorat,
605 1101 645 1176 in
666 1102 820 1179 ecclesia
839 1100 997 1178 fratrum
1020 1099 1212 1177 Minorum
1231 1097 1320 1175 dicti
1340 1095 1432 1184 loci,
1453 1094 1522 1202 qui
1541 1093 1611 1171 fuit
1624 1096 1728 1175 valde

204 1309 206 1313 ,
315 1230 543 1336 stupefactus
557 1231 605 1309 de
615 1232 809 1337 predictis,
825 1251 863 1310 et
872 1231 1030 1310 absolvit
1045 1260 1147 1322 eum,
1167 1230 1341 1337 imposita
1358 1228 1394 1304 ei
1408 1226 1620 1334 penitencia
1631 1228 1729 1335 quod

313 1381 372 1437 ter
392 1363 430 1439 in
451 1361 577 1469 aliquo
589 1363 673 1442 loco
694 1381 836 1442 secreto
858 1362 1071 1440 verberaret
1090 1390 1129 1440 se
1150 1360 1297 1439 fortiter
1313 1354 1403 1436 ‘cum
1423 1358 1555 1466 virgis,
1575 1357 1730 1438 dicendo

314 1493 501 1597 psalmum
515 1525 523 1568 :
540 1494 717 1571 Miserere
730 1496 804 1573 mei
817 1496 936 1585 Deus,
954 1510 992 1569 et
1006 1492 1112 1599 quod
1125 1519 1321 1597 nunquam
1334 1506 1433 1567 esset
1449 1488 1490 1565 in
1507 1488 1593 1566 loco
1607 1490 1647 1566 in
1658 1518 1729 1596 quo

313 1622 400 1698 talia
414 1641 707 1728 perpetrassent3
721 1642 761 1700 et
781 1625 918 1701 dictam
939 1622 1190 1730 penitenciam
1213 1621 1289 1728 egit
1313 1646 1400 1696 cum
1426 1618 1589 1726 corrigia
1609 1648 1728 1699 suase

314 1752 562 1840 verberando,
587 1772 804 1830 nontamen
821 1781 907 1830 cum
922 1754 1044 1862 virgis.
1061 1753 1141 1830 Alia
1154 1752 1353 1827 inhonesta
1365 1775 1444 1827 non
1465 1748 1619 1828 filerunt
1635 1750 1726 1828 faeta

312 1882 370 1957 vel
388 1882 484 1960 dicta
499 1884 538 1960 in
552 1885 772 1990 recepcione
790 1914 857 1963 sua
868 1885 1047 1991 predicta,
1065 1911 1135 1961 nec
1151 1883 1221 1959 scit
1240 1881 1345 1959 aliud
1359 1883 1408 1959 de
1420 1882 1609 1959 contentis
1620 1882 1657 1957 in
1665 1908 1725 1959 nu

312 2012 478 2088 articulis
490 2014 723 2118 supradictis.

368 2144 480 2230 Item,
509 2146 712 2248 requisitus
739 2172 852 2252 super
879 2172 956 2223 xun
983 2160 1021 2219 et
1045 2145 1223 2223 omnibus
1247 2131 1514 2251 sequentibus,
1540 2145 1726 2251 respondit

312 2298 350 2347 se
372 2273 488 2349 nichil
507 2274 601 2350 scire
615 2274 714 2351 ultra
728 2275 793 2353 illa
812 2304 887 2382 que
906 2302 1017 2383 supra
1038 2275 1229 2383 deposuit,
1247 2275 1319 2352 hoc
1337 2289 1494 2380 excepto
1519 2264 1627 2380 quod
1656 2275 1727 2383 ipse

309 2403 405 2480 bene
432 2405 609 2482 credebat
633 2407 888 2486 ecclesiasticis
908 2406 1166 2510 sacramentis,
1186 2422 1224 2482 et
1243 2403 1363 2483 credit
1381 2406 1488 2512 quod
1500 2405 1570 2482 alii
1597 2405 1719 2495 frama

311 2536 508 2612 crederent
528 2554 566 2613 et
584 2538 689 2645 quod
707 2540 919 2648 sacerdotes
937 2564 1071 2615 eorum
1093 2536 1221 2612 debite
1240 2536 1492 2627 celebrarent;
1514 2563 1594 2614 non
1615 2536 1726 2614 credit

270 2715 273 2722 ·
309 2664 414 2767 quod
434 2669 513 2771 ipse
533 2664 591 2744 vel
618 2667 680 2744 alii
710 2667 793 2744 laici
824 2683 978 2773 possent
1007 2665 1197 2745 absolvere
1227 2697 1247 2743 a
1277 2666 1456 2773 peccatis;
1487 2668 1627 2777 juravit
1653 2693 1724 2744 non

310 2797 409 2873 exire
434 2798 620 2874 ordinem.
642 2798 775 2875 Statim
796 2825 865 2904 pro
890 2795 1066 2906 professis
1094 2797 1349 2884 habebantur3
1373 2794 1603 2874 clandestine
1630 2797 1723 2873 reci-

310 2926 520 3028 piebantur,
553 2929 671 3005 nescit
693 2930 723 3005 si
743 2956 789 3005 ex
807 2928 879 3005 hoe
896 2944 994 3005 esset
1013 2928 1174 3033 suspicio
1195 2944 1323 3004 contra
1343 2926 1530 3004 ordinem.
1548 2928 1722 3005 Cordulis

309 3054 553 3158 cingebantur
572 3087 682 3164 supra
695 3087 840 3165 pannos
854 3059 976 3136 lineos
990 3087 1078 3136 cum
1094 3059 1234 3164 quibus
1249 3059 1436 3164 jacebant,
1457 3086 1549 3165 quas
1565 3086 1724 3135 assume·

309 3183 399 3258 bant
428 3184 528 3260 unde
557 3184 742 3263 volebant.
768 3191 850 3265 Non
877 3189 997 3266 credit
1018 3190 1123 3294 quod
1143 3186 1302 3265 fiaissent
1326 3188 1512 3266 interfecti
1537 3188 1603 3296 qui
1624 3216 1725 3265 recu-

308 3332 449 3391 sassent
467 3314 585 3392 lacere
614 3316 742 3395 illicita
765 3347 840 3425 que
861 3319 1137 3396 intervenerant
1162 3319 1201 3394 in
1225 3318 1442 3425 recepcione
1466 3318 1584 3424 ipsius
1610 3321 1722 3396 testis.

308 3446 575 3552 injungebatur
607 3449 660 3524 eis
693 3477 761 3555 per
790 3466 1063 3527 sacramentum
1095 3449 1199 3555 quod
1230 3478 1305 3526 non
1342 3449 1544 3526 revelarent
1580 3468 1721 3525 secreta

308 3577 465 3666 ordinis,
489 3595 526 3654 et
551 3580 824 3686 precipiebatur
854 3581 958 3687 qnod
983 3582 1255 3658 confiterentur
1281 3579 1531 3659 sacerdotibus
1551 3579 1716 3668 ordinis,

306 3708 393 3809 quia
414 3710 593 3815 majorem
612 3728 835 3816 potestatem
853 3710 1043 3788 habebant
1062 3740 1175 3818 super
1195 3740 1258 3788 eos
1279 3741 1392 3819 quam
1413 3711 1485 3788 alii.
1505 3710 1604 3787 Male
1624 3709 1722 3787 lece—

307 3856 396 3912 runt
419 3840 506 3943 quia
533 3869 608 3916 non
630 3859 867 3918 correxerunt
888 3869 1033 3918 errores
1052 3871 1122 3918 nec
1146 3843 1468 3919 denunciaverunt
1486 3840 1650 3918 Ecclesie
1670 3841 1720 3918 illi

305 3968 369 4072 qui
385 3997 449 4045 eos
467 3970 648 4062 sciebant,
664 3990 702 4049 et
717 3974 820 4078 quod
841 3974 918 4079 ipse
938 3973 1044 4050 testis
1067 3991 1104 4049 et
1123 3974 1184 4049 alii
1206 3974 1270 4080 qui
1292 3974 1461 4079 predicta
1480 3972 1610 4049 illicita
1629 3973 1719 4050 fece

304 4116 401 4186 rant,
423 4101 519 4177 male
536 4099 707 4179 lecerunt
722 4103 809 4210 quia
826 4132 901 4178 non
930 4103 1123 4180 exiverunt
1140 4103 1324 4179 ordinem.
1346 4103 1583 4180 Elemosinas
1601 4119 1638 4179 et
1657 4105 1718 4179 bo-

305 4229 540 4332 spitalitatem
553 4234 644 4309 vidit
664 4236 928 4310 convenienter
948 4235 1029 4311 fieri
1052 4251 1089 4310 et
1108 4235 1243 4311 servari
1264 4206 1503 4311 indomibus
1524 4234 1665 4312 ordinis
1683 4234 1715 4308 in

304 4360 441 4464 quibus
461 4361 534 4437 fuit
553 4383 800 4443 conversatus.
822 4365 952 4444 Credit
971 4367 1076 4473 quod
1095 4383 1196 4443 totus
1217 4365 1311 4443 ordo
1329 4381 1509 4442 servasset
1529 4366 1603 4442 hoc
1622 4362 1714 4471 quod

304 4519 461 4598 magnus
482 4496 657 4602 Magister
676 4526 762 4575 cum
784 4517 968 4575 conventu
989 4499 1217 4586 ordinasset,
1238 4496 1391 4606 grandia
1408 4495 1584 4573 scandala
1602 4510 1714 4573 contra

305 4622 477 4697 ordinem
497 4644 650 4731 propter
668 4630 835 4734 predicta
856 4648 943 4726 sunt
963 4646 1099 4706 exo1ta.
1123 4628 1275 4705 Audivit
1296 4627 1368 4703 dici
1389 4656 1572 4733 magnum
1594 4626 1714 4731 Magis

303 4765 404 4822 trum
426 4769 463 4824 et
485 4755 575 4831 alios
594 4762 775 4862 quosdam
799 4790 957 4850 errores,
987 4745 1103 4839 nescit
1123 4767 1234 4865 quo's,
1258 4776 1390 4835 contra
1409 4758 1589 4836 ordinem
1609 4757 1710 4836 luisse

303 4878 501 4961 confessos.
