4080 6052
527 556 600 625 ιιι
913 529 1110 624 ιιοιιι
1135 546 1231 621 nas
1256 546 1557 621 ιιιιιιιιιι.

525 691 625 769 dinis
642 688 809 795 Templi,
823 705 877 778 et,
897 689 971 767 nisi
986 688 1126 767 bearet
1141 685 1326 795 predicta,
1347 686 1514 764 sciebant
1532 686 1631 762 bene
1650 685 1758 791 quod
1781 703 1894 764 erant
1906 687 1953 763 Ia-

524 822 621 897 cturi
640 820 688 897 de
707 847 771 911 eo,
793 836 832 897 et
846 818 1308 898 tuncbaterGuilieImus
1324 817 1374 895 de
1387 819 1515 906 Buris,
1532 813 1829 923 presbiterdieti
1845 817 1954 894 ordi-
2019 858 2025 871 ·

526 954 600 1041 nis,
619 950 733 1029 frater
753 951 909 1029 carnalis
934 952 1054 1058 ipsius
1073 952 1196 1048 testis,
1217 976 1320 1028 nunc
1340 949 1558 1040 defunctam,
1580 950 1646 1056 qui
1665 976 1825 1056 precem
1849 968 1949 1036 erat,

524 1101 570 1161 ut
588 1084 696 1173 dixit,
710 1084 749 1158 in
769 1082 866 1160 dicta
882 1084 1118 1190 reoepcione,
1140 1101 1179 1160 et
1196 1082 1326 1161 nullus
1342 1082 1454 1172 alius,
1471 1081 1564 1158 dixit
1579 1081 1651 1187 ipsi
1666 1080 1753 1157 testi
1772 1079 1881 1187 quod
1895 1079 1952 1158 fa·

525 1232 627 1291 caret
649 1213 876 1320 supradicta3
899 1215 1040 1321 quibus
1062 1213 1220 1302 audias,
1239 1213 1321 1320 ipse
1338 1212 1446 1291 testis
1463 1211 1611 1318 negavit
1634 1209 1792 1288 ihesum
1811 1227 1886 1298 ter,
1906 1228 1951 1286 ut

526 1343 633 1432 dixit,
650 1371 734 1433 ore,
751 1371 829 1421 non
848 1344 977 1433 corde,
989 1362 1039 1421 et
1056 1345 1159 1450 spuit
1169 1343 1276 1452 juxta
1292 1369 1443 1420 crucem
1459 1341 1595 1430 semel,
1611 1369 1688 1418 non
1711 1358 1840 1418 tamen
1861 1370 1952 1419 eon-

526 1475 681 1552 culcavit
699 1502 784 1551 eam
802 1473 977 1580 pedibus.

581 1607 692 1694 Item,
712 1605 806 1682 dixit
820 1603 943 1711 quod,
957 1604 1161 1681 inmediate
1175 1622 1262 1711 post
1272 1603 1457 1711 predicta,
1478 1602 1601 1680 dimus
1611 1602 1726 1679 frater
1738 1605 1779 1681 P.
1795 1605 1950 1681 extraxit

527 1736 575 1812 de
594 1735 787 1842 quoddam
806 1734 966 1812 armario
985 1733 1084 1811 dicte
1110 1735 1251 1841 capelle
1274 1733 1469 1842 quoddam
1490 1734 1613 1842 capud
1632 1751 1671 1810 et
1686 1735 1817 1840 posuit
1834 1763 1950 1843 supra

526 1868 656 1954 altare,
678 1884 823 1944 etcum
837 1867 1000 2012 quandam
1021 1865 1177 1947 cordula
1196 1865 1448 1943 circumduxit
1469 1865 1613 1942 dictum
1635 1865 1775 1972 capud,
1792 1865 1949 1944 tradens

526 1996 628 2073 illam
653 1996 873 2074 cordulam
864 1998 934 2104 ipsi
951 1997 1057 2088 testi,
1081 2014 1120 2073 et
1141 1998 1352 2104 precipiens
1372 2013 1417 2073 ut
1438 2023 1483 2073 ea
1506 1997 1686 2074 continuo
1703 2025 1818 2103 supra
1833 1998 1949 2074 cami-

524 2127 619 2206 siam
636 2127 906 2233 cingere13sed
920 2145 1048 2205 tamen
1071 2126 1163 2204 dixit
1181 2126 1286 2234 quod
1302 2154 1381 2204 non
1398 2128 1559 2234 portavit
1575 2155 1671 2205 eam

502 2222 693 2347 Item,
719 2258 813 2336 dixit
835 2259 1002 2336 eundem
1021 2256 1174 2335 fratrem
1193 2261 1233 2337 P.
1241 2275 1359 2366 ,post
1376 2259 1576 2364 premissa,
1591 2259 1805 2365 precepisse
1822 2258 1946 2337 eidem

524 2389 610 2465 testi
625 2388 730 2496 quod
747 2415 791 2466 ex
808 2406 900 2466 tunc
913 2416 992 2467 non
1006 2391 1163 2467 intraret
1179 2388 1344 2496 aliquam
1362 2388 1573 2529 ecclesiam,
1587 2388 1742 2496 quando
1756 2391 1949 2468 matrimo-

526 2521 633 2596 nium
652 2521 1011 2625 solempniaaretur
1001 2548 1042 2597 ιιι
1057 2549 1112 2598 ea.

581 2652 693 2740 Item,
719 2652 814 2727 dixit
834 2652 1001 2728 eundem
1017 2651 1171 2728 fratrem
1190 2652 1230 2728 P
1251 2651 1461 2730 inhibuisse
1484 2652 1608 2729 eidem
1633 2653 1720 2728 testi
1743 2651 1852 2759 quod
1872 2680 1947 2729 non

526 2782 825 2858 confiteretur
788 2809 860 2858 msa
850 2781 1055 2859 fratribus
1072 2781 1300 2888 presbyteris
1321 2781 1411 2859 dicti
1429 2781 1584 2860 ordinis

582 2911 688 3001 Item,
711 2912 803 2988 dixit
822 2913 988 2990 eundem
1005 2911 1213 2989 fratremP.
1228 2911 1365 2990 dixisse
1381 2912 1509 2990 eidem
1521 2913 1608 2990 testi
1625 2911 1732 3018 quod
1741 2913 1868 2991 adhuc
1876 2913 1947 2989 abo

526 3058 695 3145 tempore
715 3041 858 3117 diceret
875 3042 947 3120 sibi
965 3040 1053 3129 alia,
1071 3042 1140 3119 sed
1157 3059 1249 3119 tunc
1268 3042 1365 3120 nibil
1383 3043 1489 3120 aliud
1506 3043 1601 3120 dixit
1615 3041 1674 3118 vei
1690 3044 1859 3151 precepit
1876 3043 1947 3149 ipsi

525 3173 611 3248 testi
630 3199 746 3278 quam
765 3200 877 3278 supra
891 3172 1125 3278 deposuerit,
1145 3191 1298 3279 excepto
1312 3175 1386 3251 boc
1403 3173 1510 3281 quod
1523 3201 1601 3250 non
1618 3174 1776 3251 intraret
1791 3176 1946 3253 domurn

526 3302 690 3408 aliquam
708 3303 746 3378 in
766 3331 841 3409 qua
859 3304 1002 3412 jaceret
1020 3303 1159 3381 mulier
1175 3332 1263 3380 cum
1282 3305 1496 3411 puerperio.

581 3436 850 3541 Interrogatus,
871 3435 902 3511 si
921 3435 1044 3512 dictus
1059 3451 1258 3541 preceptor
1274 3434 1367 3511 dixit
1381 3435 1452 3513 sibi
1470 3435 1595 3541 aliqua
1608 3436 1843 3540 persuasoria
1862 3464 1946 3541 pro

525 3582 609 3668 pter
638 3594 713 3670 que
741 3565 932 3642 videretur
955 3593 1035 3643 esse
1061 3566 1168 3643 utisse
1192 3565 1251 3643 νει
1276 3567 1528 3644 necessarium
1559 3565 1678 3642 facere
1708 3591 1853 3641 servare
1884 3566 1948 3641 illa

359 3760 377 3797 ‚
526 3725 601 3804 que
622 3726 732 3801 supra
753 3697 944 3804 deposuit,
966 3698 1162 3805 respondit
1187 3700 1292 3806 quod
1312 3727 1406 3788 non,
1427 3699 1500 3776 nisi
1530 3700 1619 3804 quia
1647 3695 1813 3805 predicta
1841 3716 1948 3774 erant

528 3829 574 3903 de
596 3830 746 3934 punctis
770 3830 925 3908 ordinis.
947 3831 1201 3936 Interrogatus
1222 3857 1291 3936 per
1312 3858 1388 3937 que
1412 3829 1523 3907 verba
1546 3845 1746 3936 negaverat
1767 3828 1945 3915 thaeum,

526 3959 720 4063 respondit
738 3959 843 4066 quod
863 3988 931 4066 per
949 3961 1019 4037 bec
1036 3960 1171 4037 verba:
1188 3962 1351 4066 Jeraney
1369 3961 1478 4048 Dico,
1489 3963 1532 4064 je
1551 3988 1653 4069 reney
1668 3962 1779 4045 Diem
1788 3963 1832 4064 je
1846 3987 1947 4066 reney

526 4089 630 4165 Dira.
656 4090 924 4197 Interrogatus,
945 4092 976 4167 si
998 4090 1167 4196 predicta
1192 4090 1318 4167 omnia
1339 4088 1496 4167 fixerunt
1516 4089 1609 4166 facta
1629 4091 1669 4166 in
1690 4088 1828 4166 eodem
1848 4089 1945 4177 loco,

525 4221 720 4324 respondit
742 4221 848 4326 quod
866 4222 919 4298 sic
938 4222 1035 4297 etin
1056 4222 1187 4298 eadem
1213 4221 1368 4326 capella,
1388 4238 1472 4297 ante
1497 4221 1627 4310 altare,
1652 4238 1738 4325 post
1757 4249 1944 4309 auroram,

526 4348 606 4426 sine
623 4350 826 4430 reducione
847 4355 894 4429 ad
911 4353 1027 4429 alium
1043 4353 1181 4428 locum.
1201 4354 1470 4460 Interrogatus,
1489 4352 1519 4428 si
1539 4369 1618 4428 erat
1637 4352 1676 4426 in
1695 4351 1793 4428 dicta
1811 4349 1947 4457 capella

527 4480 724 4558 luminaria
747 4499 853 4572 tunc,
881 4481 1077 4588 respondit
1103 4482 1208 4589 quod
1232 4510 1326 4574 non;
1349 4481 1417 4558 sed
1440 4481 1540 4558 bene
1564 4482 1732 4571 videbat,
1757 4483 1848 4588 quia
1871 4482 1949 4558 dies

526 4609 780 4701 illucescebat,
800 4615 849 4689 ita
869 4614 973 4718 quod
992 4612 1090 4689 bene
1112 4612 1347 4691 discernebat
1364 4613 1502 4689 dictam
1520 4640 1683 4690 crucem.
1696 4611 1947 4720 Interrogatus

527 4737 575 4814 de
602 4766 678 4844 quo
709 4757 786 4816 erat
815 4743 912 4818 dicta
941 4772 1046 4830 crux,
1068 4745 1264 4850 respondit
1288 4744 1394 4852 quod
1417 4744 1464 4822 de
1495 4745 1617 4852 lign0,
1639 4762 1678 4821 et
1706 4762 1785 4821 erat
1802 4743 1943 4849 depicta

527 4897 613 4946 cum
632 4870 791 4975 imagine
808 4872 1001 4962 Crucifixi,
1021 4875 1291 4979 magnitudinis
1305 4876 1411 4982 quasi
1430 4874 1578 4953 dimidii
1599 4876 1729 4954 cubiti.
1747 4877 1946 4979 Interroga·
