4080 6052
352 428 394 461 Q

464 503 660 621 rnocts
685 521 781 597 ors
806 521 1107 640 rnnrumns
1420 533 1489 606 ssi

79 701 227 751 marum
264 697 436 755 suarum,
469 685 507 745 et
535 669 722 745 honorem
753 690 998 772 personarum
1028 696 1182 746 suarum
1215 686 1254 746 et
1277 672 1494 764 ,amicorum

76 832 249 894 suorum,
265 799 372 908 qnod
382 800 486 879 Deus
505 798 704 906 perficeret
720 797 947 903 peticionem
967 816 1007 889 et
1023 799 1274 877 intencionem
1291 828 1443 893 eorum3
1457 820 1495 878 et

76 963 160 1010 oum
181 930 449 1009 convertissent
467 958 506 1007 se
527 928 575 1006 ad
594 928 732 1006 dictam
747 928 959 1007 oracionem
975 929 1201 1021 faciendam,
1218 930 1306 1008 dicti
1330 930 1406 1008 duo
1421 914 1493 1007 fra-

74 1081 149 1140 tres
163 1077 400 1140 recesserunt
411 1059 458 1136 ab
477 1059 530 1136 eis
550 1077 699 1151 euntes,
714 1076 758 1137 ut
774 1058 893 1136 credit
911 1060 990 1165 ipse
1010 1054 1131 1149 testis,
1148 1062 1195 1137 ad
1213 1058 1425 1139 faciendum
1439 1090 1494 1138 re·

75 1192 258 1271 lacionem
280 1192 380 1268 dicto
399 1183 694 1297 fratrffluigoni
715 1188 762 1266 de
788 1191 1032 1297 responsione
1055 1206 1093 1267 et
1112 1191 1325 1268 intencione
1346 1219 1490 1268 eorum.

74 1326 171 1402 Post
183 1322 369 1400 modicam
387 1348 548 1412 moram,
570 1320 658 1397 dicti
676 1320 753 1408 duo
773 1319 905 1397 fratres
924 1321 1127 1399 redeuntes
1146 1322 1194 1397 ad
1214 1349 1279 1399 eos
1298 1323 1337 1396 in
1358 1322 1493 1399 eodem
1604 1356 1616 1371 ¹

75 1455 159 1533 loco
179 1454 378 1560 pecierunt
397 1452 428 1529 si
452 1451 551 1528 bene
573 1452 822 1558 cogitaierant
845 1477 959 1556 super
980 1450 1176 1556 predictis,
1203 1467 1242 1526 et
1262 1450 1294 1527 si
1318 1451 1494 1556 persiste-

74 1585 164 1663 bant
183 1585 222 1659 in
238 1583 370 1660 eadem
383 1581 596 1659 intencione
611 1597 655 1657 ut
673 1580 795 1686 prius3
812 1580 951 1687 quibus
970 1579 1287 1685 respondentibus
1303 1581 1410 1686 quod
1429 1582 1492 1670 sic,
1560 1625 1565 1636 ·

74 1730 307 1792 recessemnt
326 1713 381 1790 ab·
400 1713 454 1788 eis
475 1711 693 1799 redeuntes,
717 1727 761 1786 ut
786 1710 925 1800 credit,
947 1710 995 1786 ad
1015 1710 1159 1788 dictum
1179 1709 1331 1788 fratrem
1351 1709 1494 1820 Guigo-

74 1871 161 1920 nem
181 1843 229 1919 ad
249 1843 447 1921 referenda
464 1841 648 1947 predicta,
670 1857 709 1916 et
727 1857 811 1945 post
831 1838 1031 1946 paululum
1051 1839 1249 1918 redierunt
1267 1841 1315 1916 ad
1336 1866 1415 1929 eos,
1438 1842 1494 1918 di-

74 1990 200 2050 centes
213 1973 317 2078 quod
330 1988 545 2065 amoverent
554 1972 601 2047 de
615 1969 798 2075 capitibus
811 1997 945 2047 eorum
959 1969 1110 2077 capucia
1125 1986 1165 2045 et
1179 1968 1292 2058 cosas,
1306 1986 1343 2046 et
1352 1968 1493 2074 junctis

74 2102 247 2178 manibus
259 2102 430 2179 venirent
445 2130 569 2178 coram
586 2100 685 2176 dicto
702 2099 814 2177 fratre
828 2098 1014 2206 Guigone,
1036 2115 1073 2175 et
1090 2098 1193 2206 quod
1213 2099 1317 2176 flexis
1333 2099 1493 2206 genibus

74 2231 311 2338 requirerent
324 2231 372 2308 ab
392 2259 454 2319 eo,
472 2249 510 2307 et
524 2230 693 2308 dicerent
707 2228 953 2335 infrascripta:
966 2229 1144 2316 Domine,
1162 2256 1235 2317 nos
1243 2230 1415 2305 venimus
1429 2229 1492 2305 hic

74 2360 120 2437 ad
139 2386 203 2438 vos
219 2377 257 2438 et
274 2361 322 2438 ad
341 2362 432 2439 istos
452 2361 626 2438 dominos
644 2360 776 2437 fratres
793 2361 858 2467 q'ui
878 2359 1071 2437 vobiscum
1089 2376 1192 2446 sunt,
1210 2375 1248 2435 et
1264 2360 1494 2466 requirimus

73 2492 288 2569 societatem
312 2491 455 2568 ordinis
476 2508 513 2567 et
534 2490 859 2596 participationem
875 2488 1065 2570 bonorum
1082 2489 1332 2594 spiritualium
1349 2507 1387 2566 et
1400 2506 1494 2566 tem·

73 2622 261 2726 poralinm
280 2649 354 2727 que
369 2621 467 2697 fiunt
481 2622 521 2696 in
538 2648 601 2712 eo,
616 2639 654 2697 et
666 2620 840 2698 volumus
854 2637 1038 2726 perpetuo
1053 2647 1133 2697 esse
1149 2621 1243 2698 servi
1260 2620 1390 2697 esclavi
1403 2619 1492 2697 dicti

73 2750 217 2827 ordinis
240 2769 277 2829 et
297 2751 527 2828 voluntatem
552 2768 717 2828 nostram
735 2767 889 2857 propter
908 2751 1068 2828 alienam
1089 2751 1295 2841 dimittere3
1315 2768 1353 2828 et
1371 2752 1492 2829 dictus

72 2879 184 2957 frater
194 2880 318 2987 Guigo
331 2881 526 2987 respondit
537 2881 641 2988 quod
657 2882 835 2987 petebant
847 2881 1029 2989 grandem
1047 2910 1145 2970 rem,
1160 2882 1365 2988 repetendo
1379 2881 1492 2959 rerba

72 3011 252 3114 suscripta
269 3040 288 3088 a
308 3011 484 3117 predictis
504 3010 655 3089 duobus
676 3010 853 3089 fratribus
873 3012 970 3088 dicta
991 3011 1151 3108 eisdem,
1173 3028 1211 3088 et
1231 3011 1320 3116 ipsis
1339 3038 1491 3116 respon·

73 3140 269 3230 dentibus,
292 3157 335 3217 ut
353 3142 646 3247 suprascriptum
667 3158 737 3230 est,
759 3168 827 3248 per
840 3142 1102 3248 juramentum
1126 3141 1230 3248 quod
1247 3141 1492 3247 prestiterunt

71 3271 176 3349 flexis
193 3270 369 3376 genibus,
382 3300 496 3378 super
510 3271 712 3379 quemdam
726 3271 866 3349 librum
874 3316 888 3362 ,·
900 3300 1024 3348 coram
1040 3299 1102 3360 eo,
1120 3288 1158 3347 et
1172 3271 1276 3377 quod
1293 3300 1369 3349 non
1386 3289 1491 3347 erant

70 3400 109 3475 in
133 3401 186 3476 eis
205 3399 476 3506 impedimenta
496 3429 608 3507 supra
624 3401 832 3492 nominata,
851 3401 944 3479 dixit
961 3401 1040 3478 eis:
1062 3399 1279 3506 lntelligatis
1298 3399 1395 3475 bene
1415 3428 1489 3505 que

71 3529 230 3607 dicimus
246 3530 367 3623 robis3
380 3558 447 3608 vos
455 3531 590 3638 juratis
605 3548 642 3607 et
658 3531 860 3637 promititis
872 3532 953 3609 Deo
970 3547 1009 3608 et
1022 3530 1130 3607 beate
1149 3530 1264 3608 Marie
1281 3531 1385 3635 quod
1400 3557 1491 3605 sem·

70 3689 137 3766 per
155 3662 258 3737 eritis
272 3660 491 3737 obedientes
505 3661 681 3768 Magistro
693 3661 863 3766 Templi,
880 3678 918 3737 et
933 3661 1158 3766 cuicumque
1173 3658 1275 3736 lratri
1291 3659 1379 3737 dicti
1396 3660 1491 3736 ordi·

71 3790 131 3881 nis
144 3789 210 3894 qui
226 3789 439 3894 preficiatur
452 3789 573 3879 robis,
589 3808 628 3867 et
644 3790 748 3896 quod
764 3790 957 3871 servabitis
972 3793 1194 3879 castitatem,
1211 3790 1333 3868 bonos
1347 3787 1437 3868 usus
1452 3808 1491 3866 et

71 3919 189 3996 bonas
214 3919 505 3996 consuetudines
531 3920 690 4007 ordinis,
714 3938 751 3996 et
775 3920 904 3997 vivetis
933 3921 1012 3998 sine
1037 3921 1211 4026 proprio,
1238 3896 1308 3997 nisi
1334 3921 1439 3997 vobis
1469 3950 1490 3997 a

70 4051 264 4156 superiore
292 4065 411 4126 vestro
436 4049 738 4138 concedatur,-et
762 4049 868 4156 quod
892 4077 1041 4156 semper
1061 4050 1166 4157 juxta
1190 4078 1298 4155 posse
1325 4068 1490 4127 vestrum

64 4178 243 4287 juvabitis
265 4179 314 4256 ad
335 4179 631 4257 conservandum
657 4181 761 4286 quod
785 4180 1009 4286 acquisitum
1035 4197 1092 4259 est
1112 4181 1159 4257 de
1180 4209 1296 4288 regno
1316 4178 1491 4257 Jerosoli-

70 4312 225 4403 mitano,
249 4328 287 4389 et
305 4310 354 4387 ad
372 4309 644 4417 acquirendum
667 4298 772 4416 quod
791 4311 963 4388 nondum
985 4328 1041 4390 est
1063 4311 1304 4418 acquisitum,
1320 4328 1365 4421 et
1384 4311 1489 4417 quod

70 4470 264 4547 nunquam
287 4441 389 4519 eritis
414 4441 454 4516 in
478 4440 606 4546 aliquo
630 4442 713 4520 loco
738 4443 778 4519 in
798 4470 875 4549 quo
896 4471 941 4519 ex
960 4442 1087 4520 studio
1112 4443 1170 4519 vel
1195 4441 1346 4549 ingenio
1368 4459 1490 4519 vestro

70 4572 205 4677 aliquis
218 4571 452 4655 Christianus
466 4569 525 4647 vel
540 4571 752 4651 Christiana
765 4572 972 4662 occidatur,
991 4572 1052 4653 vel
1068 4573 1317 4652 exheredetur
1333 4571 1487 4679 injuste,

69 4717 108 4778 et
124 4701 155 4777 si
171 4701 270 4777 bona
283 4700 432 4806 Templi
445 4700 771 4780 committerentur
783 4701 901 4792 vobis,
917 4703 1022 4808 quod
1038 4702 1086 4781 de
1102 4703 1155 4781 eis
1165 4702 1332 4782 reddetis
1342 4702 1488 4781 bonum

69 4848 108 4908 et
125 4831 243 4938 legale
264 4848 484 4939 computum
503 4860 573 4938 pro
593 4850 693 4910 terra
711 4850 852 4923 saneta,
872 4850 909 4911 et
929 4833 1025 4935 hanc
1043 4832 1263 4942 religionem
1286 4862 1363 4911 non
1384 4833 1490 4913 dimi-
