4080 6052
524 575 595 644 512
911 549 1108 642 enecas
1128 565 1228 638 ens
1255 562 1556 637 rrurnrnns.

519 713 659 818 ipsum.
681 708 803 786 Lectis
828 723 955 784 autem
977 724 1016 783 et
1042 705 1219 813 expositis
1238 703 1310 782 sibi
1330 704 1509 781 omnibus
1529 720 1567 780 et
1586 701 1744 809 singulis
1760 700 1950 796 articulis,

520 840 715 949 respondit
735 840 782 917 ad
803 866 867 916 eos
886 855 931 915 ut
949 838 1144 944 sequitur:
1167 852 1205 914 et
1223 834 1364 942 primo,
1386 836 1434 913 ad
1455 861 1509 913 nu
1528 834 1672 939 primes
1690 834 1894 939 respondit
1911 864 1951 914 se

521 973 636 1051 fuisse
664 987 859 1078 receptum
885 970 925 1046 in
946 968 1090 1076 capella
1109 967 1248 1045 domus
1270 966 1403 1073 templi
1423 965 1471 1043 de
1492 964 1680 1041 Tumiace
1705 962 1870 1043 diocesis
1886 964 1951 1043 Se-

521 1104 715 1194 nonensis,
729 1119 817 1209 post
835 1101 989 1178 missam
1003 1117 1091 1177 ante
1108 1099 1244 1179 boram
1256 1099 1396 1206 prime,
1413 1127 1434 1174 a
1448 1095 1561 1173 fratre
1575 1095 1713 1172 Aurico
1733 1094 1784 1172 de
1804 1097 1948 1203 Supina

521 1254 739 1344 preceptore
767 1233 903 1310 ballive
933 1231 1085 1338 Templi
1109 1231 1158 1310 de
1178 1229 1392 1322 Color-ihus,
1413 1227 1655 1334 presentibus
1674 1225 1857 1306 fratribus
1882 1230 1948 1307 Mi-

523 1367 651 1445 chaele
672 1366 719 1442 de
739 1365 825 1442 Bria
842 1361 1071 1469 presbitero,
1091 1361 1240 1442 Thema
1259 1360 1308 1438 de
1327 1359 1574 1466 Veneysiaco‚
1597 1357 1764 1435 Roberto
1785 1359 1836 1435 de
1855 1358 1950 1438 Cba-

523 1518 655 1584 nanes,
684 1495 848 1600 Syrnone
874 1493 921 1570 de
941 1491 1048 1569 Bella
1065 1490 1163 1571 Villa
1177 1492 1223 1569 in
1246 1491 1450 1596 Campania
1474 1507 1513 1566 et
1530 1488 1709 1567 Guidone
1734 1488 1784 1565 de
1804 1489 1950 1596 Supina

523 1624 787 1711 servientibus,
815 1623 862 1700 de
888 1649 1052 1728 quorum
1071 1621 1147 1698 vita
1169 1621 1228 1698 vel
1250 1637 1372 1699 morte
1393 1620 1488 1697 dixit
1501 1648 1540 1697 se
1561 1618 1679 1696 nichil
1695 1619 1791 1696 scire
1807 1620 1877 1696 nisi
1897 1619 1944 1697 de

523 1758 732 1862 presbitero
753 1782 868 1861 quem
888 1751 957 1829 scit
977 1778 1057 1829 esse
1076 1769 1284 1829 mortuum.
1304 1752 1352 1827 Et
1370 1748 1444 1827 fuit
1461 1748 1555 1827 sacta
1571 1749 1672 1826 dicta
1691 1778 1760 1826 sua
1777 1751 1944 1858 recepcio

522 1888 718 1967 Dominica
736 1903 822 1994 post
845 1884 986 1961 festum
1008 1882 1109 1960 beati
1129 1883 1279 1961 Martini
1302 1911 1424 1988 nuper
1442 1882 1608 1988 lapsum,
1629 1880 1789 1958 fuerunt
1804 1910 1869 1970 xv,
1886 1883 1945 1959 vel

522 2047 582 2097 xvi
598 2019 703 2104 anni,
719 2016 778 2095 vel
790 2017 902 2106 circa3
918 2044 987 2121 pcr
1001 2015 1104 2092 hunc
1118 2012 1295 2103 modum,
1312 2041 1403 2090 nam
1414 2011 1659 2091 existentibus
1663 2013 1854 2127 predictis
1867 2041 1948 2120 pre·

421 2200 426 2207 -
524 2165 674 2253 ceptore
696 2165 733 2224 et
752 2147 931 2223 fratribus
953 2147 994 2223 in
1017 2144 1160 2252 capella
1182 2146 1289 2254 quasi
1314 2146 1354 2222 in
1374 2145 1536 2223 consilio
1559 2145 1663 2222 venit
1685 2162 1789 2222 extra
1813 2144 1947 2223 dictam

524 2279 704 2385 capellam
720 2279 768 2355 ad
786 2279 913 2384 ipsum
931 2294 1074 2355 testem·
1088 2277 1324 2385 supradictus
1336 2274 1450 2354 frater
1461 2277 1615 2386 Symon‚
1636 2293 1681 2353 ut
1699 2275 1773 2354 sibi
1788 2276 1945 2367 videtur,

523 2413 713 2489 instruens
740 2426 895 2488 eumut
917 2425 1065 2514 peteret
1087 2436 1224 2515 penem
1250 2425 1288 2485 et
1311 2436 1447 2514 aquam
1472 2407 1634 2495 ordinis,
1661 2406 1802 2514 quibus
1826 2407 1949 2513 petitis

524 2519 657 2649 etipse
668 2543 878 2621 testeintra
892 2541 1072 2647 capellam
1087 2539 1320 2632 introducto,
1338 2538 1566 2617 dixeruntei
1588 2538 1693 2645 quod
1707 2537 1830 2617 multa
1849 2564 1950 2643 oper

521 2691 619 2750 teret
640 2702 728 2749 eum
748 2671 933 2750 sustinere
955 2687 992 2746 et
1012 2669 1130 2747 subici
1151 2668 1332 2745 voluntati
1359 2669 1480 2745 aliene
1499 2686 1536 2746 et
1556 2667 1759 2775 aliquande
1782 2668 1948 2774 peditare

523 2804 675 2908 quando
686 2802 748 2877 alii
766 2803 989 2909 equitarent,
1011 2817 1051 2877 et
1069 2800 1151 2906 ipso
1170 2800 1422 2906 respondente
1441 2799 1545 2906 quod
1565 2815 1718 2904 paratus
1734 2814 1811 2875 erat
1822 2798 1946 2872 omnia

523 2932 720 3034 sustinere,
740 2932 861 3010 dictus
880 2950 1078 3038 preceptor
1087 2931 1253 3008 tradidit
1272 2931 1307 3009 ei
1327 2931 1551 3008 mantellum
1572 2930 1661 3008 dicti
1686 2929 1840 3008 ordinis.
1858 2929 1946 3022 Quo

522 3059 661 3136 tradito
685 3059 773 3135 secit
798 3089 887 3137 eum
907 3063 1035 3168 jurare
1061 3091 1176 3168 super
1198 3062 1393 3169 quoddam
1418 3060 1568 3138 missale
1591 3079 1781 3168 apertum,
1805 3060 1848 3136 iu
1872 3088 1947 3167 quo

524 3208 601 3266 erat
613 3219 746 3296 ymago
761 3189 951 3282 Crucifixi,
970 3191 1075 3296 quod
1088 3208 1186 3268 esset
1198 3191 1382 3278 obediens
1397 3192 1584 3298 preceptis
1604 3192 1849 3298 superiorum
1864 3220 1949 3268 suo-

521 3351 606 3399 rum
620 3323 710 3398 dicti
719 3322 873 3413 ordinis,
895 3339 934 3397 et
948 3322 1047 3399 vovit
1066 3322 1283 3414 castitatem,
1299 3323 1560 3401 obedienciam
1574 3341 1612 3400 et
1624 3324 1747 3399 vivere
1762 3324 1843 3399 sine
1863 3352 1950 3428 pro·

521 3456 616 3558 prio.
643 3456 831 3563 Postque
860 3454 983 3530 dictus
1007 3471 1180 3560 receptor
1203 3456 1371 3561 precepit
1397 3456 1522 3532 eidem
1549 3457 1633 3534 testi
1664 3454 1765 3561 quod
1794 3474 1948 3560 spueret

521 3615 632 3692 supra
653 3586 790 3662 dictam
809 3587 1022 3692 ymaginem
1040 3586 1217 3663 Crucifixi
1239 3587 1462 3664 existentem
1482 3589 1520 3664 in
1541 3589 1650 3677 libro,
1674 3586 1720 3661 de
1741 3612 1818 3691 quo
1841 3585 1947 3662 idem

521 3719 625 3795 testis
639 3718 816 3808 multum,
839 3719 936 3793 sicut
955 3717 1058 3805 dixit,
1082 3717 1221 3808 doluit;
1244 3718 1345 3824 spuit
1363 3719 1724 3828 tamenjuxtaipsam
1733 3717 1949 3825 ymaginem

441 3904 445 3911 .
523 3866 559 3922 et
579 3877 655 3924 non
681 3878 803 3955 supra,
831 3849 920 3955 quia
943 3849 1086 3926 dixerat
1110 3849 1180 3926 sibi
1207 3850 1311 3957 quod
1331 3851 1435 3926 istud
1451 3870 1529 3928 erat
1548 3852 1595 3929 de
1620 3849 1769 3958 punctis
1793 3849 1947 3927 ordinis.

520 3981 877 4062 Postmodumidem
888 3998 1087 4086 preceptor
1100 3982 1267 4088 precepit
1283 3981 1419 4073 eidem,
1442 3973 1490 4059 ut
1505 3983 1610 4076 dixit,
1630 3982 1735 4091 quod
1750 3982 1949 4091 abnegaret

521 4111 660 4203 Deum,
685 4128 723 4189 et
742 4141 828 4189 cum
850 4112 929 4217 ipse
949 4112 1054 4189 testis
1079 4112 1126 4188 de
1147 4113 1220 4189 hoc
1239 4112 1372 4190 dolens
1396 4115 1503 4220 quasi
1522 4114 1784 4205 reluctaretur,
1803 4114 1899 4191 dixit
1917 4114 1948 4189 ei

523 4240 641 4317 dictus
652 4262 842 4349 receptor:
857 4280 869 4311 ι
884 4244 938 4319 Ne
951 4244 1097 4334 timeas,
1112 4259 1308 4349 oportette
1322 4243 1456 4336 lacere,
1474 4245 1563 4352 quia
1575 4247 1649 4323 boc
1660 4262 1717 4323 est
1729 4264 1947 4353 preceptum

523 4372 702 4451 «ordinis.
720 4412 732 4442 s
748 4377 796 4450 Et
804 4392 896 4452 tunc
913 4375 1109 4481 abnegavit
1126 4403 1207 4464 ore,
1226 4403 1305 4453 non
1327 4393 1453 4454 tamen
1474 4376 1599 4468 corde,
1617 4395 1660 4455 ut
1678 4377 1783 4464 dixit.
1800 4377 1948 4472 Quibus

520 4506 676 4606 peractis
697 4505 743 4580 ad
761 4523 982 4612 preceptum
1002 4506 1121 4611 ipsius
1142 4507 1346 4612 receptoria
1365 4505 1438 4583 suit
1460 4535 1548 4584 eum
1570 4508 1759 4585 osculatus
1779 4508 1820 4584 in
1842 4533 1946 4586 carne

520 4634 622 4707 nuda
642 4635 745 4711 dorsi
770 4637 828 4711 sui
848 4639 948 4713 inter
966 4664 1098 4714 zonam
1120 4654 1158 4713 et
1185 4636 1348 4744 bragale.
1368 4640 1415 4715 Et
1435 4639 1668 4746 discopemit
1685 4669 1724 4717 se
1745 4639 1871 4717 dictus
1893 4664 1948 4713 re·

522 4778 651 4866 ceptor
674 4762 779 4868 quasi
808 4792 850 4839 ex
875 4784 980 4872 parte
998 4768 1124 4845 lateris
1150 4767 1309 4846 clamide
1334 4786 1371 4846 et
1391 4787 1537 4847 corseto
1557 4770 1773 4865 reversatis,
1797 4789 1836 4849 et
1858 4766 1945 4846 dixit

522 4890 625 4971 idem
649 4909 823 4998 receptor
847 4896 1061 5000 predictum
1091 4900 1263 4978 oscrdum
1287 4898 1504 4979 faciendum
1532 4929 1612 4980 esse
1635 4902 1852 4981 secundum
1871 4913 1954 4976 stt-
