4080 6052
692 545 887 640 rsocrs
913 564 1009 637 ors
1033 563 1334 640 ruurmrns.
1653 574 1723 646 ros

304 725 410 788 vocat
424 705 560 784 lamam
573 704 781 812 publicam,
796 705 994 812 respondit
1011 705 1119 812 quod
1132 704 1229 782 illud
1244 704 1349 811 quod
1363 707 1614 784 communiter
1633 710 1725 788 dici-

304 857 377 916 tur.
399 837 631 944 Requisitus,
652 836 683 914 si
698 834 773 913 fuit
787 835 993 913 instructus
1007 834 1067 911 vel
1083 852 1237 943 rogatus
1254 835 1360 942 quod
1378 835 1433 912 sic
1448 835 1669 942 deponeret,
1687 858 1726 915 et

304 969 333 1045 si
350 993 478 1074 prece,-
496 983 690 1073 precepto,
710 994 854 1055 amore,
874 966 1043 1044 odio'vel
1065 967 1227 1044 comodo
1242 965 1442 1071 temporali
1465 966 1517 1042 sie
1540 967 1725 1073 deposue-

302 1116 376 1191 rat,
396 1098 595 1204 respondit
611 1098 718 1205 quod
736 1124 826 1201 non.
1524 1184 1528 1191 ,

334 1295 337 1301 .
359 1228 450 1306 Acta
463 1226 620 1306 fuerunt
636 1229 709 1305 bec
724 1227 892 1340 predicta
906 1226 969 1304 die
979 1225 1123 1318 Martis,
1143 1227 1182 1302 in
1198 1225 1339 1330 prelata
1354 1225 1509 1333 capella,
1525 1252 1595 1331 per
1606 1226 1724 1304 dictos

306 1340 483 1438 doininos
503 1357 792 1443 commissarios,
810 1357 963 1434 absente
988 1356 1143 1434 domino
1165 1356 1397 1433 Narbonensi
1419 1357 1592 1462 superius
1616 1385 1725 1433 excu-

305 1505 402 1579 sato,
423 1489 661 1594 presentibus
683 1516 746 1564 me
766 1486 1019 1565 Floriamonte
1039 1485 1238 1565 Dondedei
1259 1501 1298 1563 et
1317 1484 1496 1563 omnibus
1520 1486 1602 1562 aliis
1621 1503 1726 1563 nota-

304 1619 372 1696 riis
389 1647 502 1725 supra
518 1620 690 1724 proximo
707 1618 925 1695 nominatis.

360 1881 450 1959 Post
473 1883 559 1973 hec,
580 1882 621 1958 in
639 1883 861 1973 crastinum,
882 1882 1023 1960 scilicet
1041 1882 1104 1959 die
1127 1882 1304 1959 Mercurii
1323 1897 1462 1970 sancta,
1484 1907 1558 1988 que
1583 1880 1656 1957 luit
1679 1907 1725 1959 xv

308 2008 389 2086 dies
407 2011 547 2088 mensis
565 2010 719 2116 Aprilis,
736 2012 926 2088 lohannes
944 2011 1092 2117 Anglici
1111 2011 1159 2088 de
1177 2011 1445 2117 llinquemeta,
1466 2011 1727 2088 Londonensis

308 2137 484 2225 diocesis,
501 2140 607 2217 testis
629 2140 901 2246 suprajuratus,
922 2140 1095 2217 deferens
1114 2157 1236 2218 vestes
1248 2142 1304 2217 de
1324 2139 1473 2217 burello
1496 2141 1630 2247 grisso,
1651 2139 1729 2216 abs

304 2295 383 2374 ¹que
404 2268 583 2345 mantello
604 2286 642 2344 ct
661 2268 794 2349 habitu
811 2268 955 2344 ordinis
967 2268 1120 2372 Templi
1136 2268 1313 2373 predicti,
1332 2268 1476 2346 habens
1494 2268 1651 2345 barbam
1670 2298 1728 2345 ra-

308 2423 405 2481 sam,
428 2396 535 2475 etatis
554 2422 661 2475 mu
681 2423 867 2472 annorum
890 2397 950 2472 vel
974 2396 1086 2486 circa,
1107 2411 1151 2471 ut
1167 2394 1284 2482 dixit,
1304 2397 1409 2471 venit
1428 2395 1476 2471 ad
1497 2398 1729 2502 presenciam

310 2524 499 2602 dictorum
519 2525 762 2603 dominorum
781 2525 1140 2613 commissariorum,
1158 2541 1202 2600 ut
1218 2525 1425 2630 deponeret
1439 2525 1583 2603 dictum
1598 2553 1727 2610 suum;
1792 2533 1796 2540 '

310 2671 349 2731 ot
368 2652 565 2732 sciendum
587 2655 693 2761 quod
709 2655 780 2732 die
804 2654 930 2732 Sabati
957 2657 1128 2760 proximo
1151 2654 1370 2761 precedenti
1395 2654 1517 2732 dictus
1540 2643 1730 2732 lohannes

308 2785 514 2891 projecerat
531 2802 572 2863 et
592 2785 784 2862 dimiserat
806 2785 951 2862 dictum
971 2784 1194 2862 mantellum
1218 2808 1343 2862 coram
1363 2783 1543 2891 predictis
1567 2784 1730 2862 dominis

309 2915 589 3003 commissoriis,
615 2916 713 3007 sicut
740 2916 920 3021 scriptum
948 2932 1005 2992 est
1027 2915 1204 3021 superius
1226 2915 1267 2990 in
1294 2941 1483 3020 processu.
1515 2915 1730 3020 Requisitus

310 3064 436 3124 autem
462 3074 576 3151 super
604 3044 761 3151 singulis
789 3045 956 3122 articulis
981 3045 1205 3152 supradictis
1230 3072 1252 3120 a
1278 3044 1440 3121 dominis
1466 3046 1730 3123 commissoriis

311 3175 525 3261 antedictis,
550 3175 747 3283 respondit
769 3192 813 3251 ut
836 3172 1017 3284 sequitur.
1043 3176 1168 3282 Super
1190 3200 1295 3252 rxm
1320 3174 1485 3253 articulis
1508 3166 1727 3282 requisitus,

311 3305 507 3411 respondit
525 3305 634 3412 quod,
649 3305 729 3411 ipse
748 3303 869 3384 luerat
887 3325 1061 3414 receptus
1079 3307 1119 3382 in
1139 3306 1240 3385 dicto
1260 3304 1392 3383 ordine
1411 3305 1513 3412 apud
1531 3306 1730 3411 Rupellam

310 3438 587 3513 Xantonensem
606 3432 755 3545 afratre
773 3437 884 3514 Petro
906 3438 954 3514 de
971 3437 1091 3515 Madit
1110 3437 1230 3522 milite
1254 3436 1344 3513 dicti
1369 3434 1531 3521 ordinis,
1553 3436 1729 3540 magistro

310 3565 349 3643 in
368 3565 543 3657 Pictavia,
562 3580 707 3643 etcum
726 3566 968 3671 imposuisset
979 3567 1057 3644 sibi
1077 3567 1304 3644 mantellum·
1319 3593 1431 3671 supra
1449 3564 1606 3651 collum,
1627 3564 1730 3642 idem

310 3694 419 3770 miles
448 3695 495 3770 ad
523 3695 814 3802 requisioionem
844 3696 967 3774 fratris
995 3696 1189 3776 Guillelmi
1218 3695 1266 3774 de
1298 3695 1457 3786 Leodio,
1480 3710 1571 3771 tunc
1602 3721 1730 3801 prece-

310 3840 398 3928 ptor
417 3822 503 3929 [sic]
525 3824 572 3900 de
589 3826 747 3931 Rupella
764 3827 803 3903 in
824 3827 931 3934 cujus
956 3829 1106 3906 servitio
1132 3829 1235 3905 idem
1255 3826 1363 3903 testis
1383 3840 1476 3903 tunc
1500 3824 1728 3910 morabatur,

312 3969 356 4030 ut
376 3950 468 4028 dixit
488 3952 590 4026 idem
610 3953 734 4040 miles,
756 3953 862 4032 duxit
885 3957 1010 4062 ipsum
1029 3974 1165 4072 tpstem
1189 3976 1291 4035 retro
1317 3956 1510 4062 quoddam
1535 3956 1667 4046 altare,
1694 3974 1732 4033 et

311 4080 480 4188 precepit
495 4080 568 4158 sibi
585 4082 691 4188 quod
708 4101 862 4189 negaret
875 4101 935 4161 ter
953 4087 1110 4163 lhesum
1127 4105 1166 4164 et
1183 4085 1288 4192 quod
1304 4101 1458 4189 spueret
1477 4112 1592 4189 super
1607 4112 1732 4190 quam·

313 4213 399 4291 dam
420 4239 570 4287 crucem
589 4211 753 4289 oblatam
770 4213 931 4306 ibidem3·
950 4215 1115 4293 adiciens
1132 4245 1172 4294 se
1189 4216 1390 4322 abnegasse
1410 4214 1566 4289 lhesum
1585 4215 1732 4322 adpre-

313 4357 464 4447 ceptum
482 4341 572 4418 dicti
590 4342 737 4430 militis,
753 4360 824 4430 ter,
841 4372 922 4431 ore,
942 4372 1019 4421 non
1038 4348 1167 4434 corde,
1187 4362 1226 4422 et
1242 4346 1385 4451 spuisse
1403 4359 1461 4419 ter
1470 4343 1577 4450 juxta
1594 4346 1730 4423 dictam

313 4498 474 4547 crucem.
501 4470 612 4558 Item,
641 4470 736 4549 dixit
763 4473 868 4578 quod
893 4475 1105 4581 Raynaldus
1135 4475 1350 4583 capellanus
1377 4473 1494 4578 ipsius
1520 4474 1662 4569 ordinis
1693 4476 1732 4551 in

315 4601 414 4678 dicta
443 4600 557 4692 domo
586 4601 634 4678 de
662 4601 821 4709 Rupella
848 4605 1005 4682 tradidit
1032 4606 1104 4684 sibi
1133 4607 1336 4714 quamdam
1366 4602 1559 4680 cordulam
1587 4606 1635 4682 de
1665 4607 1731 4684 filo

316 4729 401 4806 albo
422 4746 461 4810 et
478 4732 644 4836 precepit
661 4734 768 4839 quod
793 4733 840 4811 de
859 4733 924 4811 illa
948 4736 1114 4845 cingeret
1138 4765 1177 4815 se
1203 4737 1264 4813 die
1290 4764 1330 4813 ac
1353 4749 1463 4810 nocte
1483 4742 1596 4842 super
1619 4738 1733 4814 cami-

318 4861 408 4938 siam
428 4888 551 4952 suam,
575 4879 612 4939 et
630 4865 787 4943 asseruit
807 4864 910 4943 idem
930 4867 1159 4975 capellanus,
1181 4885 1226 4945 ut
1244 4868 1338 4947 dixit
1354 4865 1457 4943 idem
1481 4867 1602 4959 testis,
1629 4868 1733 4973 quod

402 4996 510 5060 saccis
532 5019 584 5061 ors
605 5021 857 5065 murmura-'r
1197 5025 1201 5030 ·
1589 5005 1627 5067 25
