4080 6052
444 520 639 617 Paocts
668 540 762 613 nas
788 538 1087 615 reuertens,
1425 546 1473 618 os

58 690 265 797 aecium,
286 711 358 762 nec
373 681 497 789 possit
511 680 885 788 quicumquevidere
902 708 977 757 nec.
991 680 1122 760 audire
1143 682 1191 759 de
1211 682 1315 763 Iactis
1335 704 1400 762 aut
1418 685 1474 760 di-

59 822 127 897 ctis
146 820 325 925 ipsorum.
676 821 679 827 ’

114 949 220 1036 Item,
237 944 342 1054 quod
356 943 451 1020 olam
469 942 563 1018 adeo
579 941 684 1046 quod
701 941 822 1018 solent
837 968 978 1046 ponere
995 942 1192 1022 excubiam
1202 972 1320 1050 supra
1335 959 1478 1021 tectum

61 1080 196 1156 domus
213 1076 275 1153 vel
294 1073 449 1152 ecclesie
464 1072 506 1151 in
522 1070 662 1177 quibus
677 1087 816 1150 tenent
826 1071 1050 1177 capitulum,
1069 1072 1123 1151 ad:
1135 1073 1410 1178 providendum
1430 1101 1476 1150 ne

60 1209 144 1315 quis
163 1208 291 1286 locum
309 1206 453 1311 inquo
463 1219 597 1281 tenent
611 1201 824 1307 capitulum.
836 1202 1123 1310 appropinquet.

117 1341 229 1426 Item,
250 1335 355 1442 quod
374 1333 536 1411 similem
556 1330 892 1411 clandestinitatem
912 1332 1109 1411 observant
1126 1349 1166 1409 et
1182 1333 1378 1413 observare
1398 1364 1480 1412 oon-

61 1482 281 1552 sucverunt,
302 1482 348 1542 ut
363 1464 578 1571 plurimum
591 1463 636 1540 in
650 1462 866 1569 recipiendo
885 1463 1027 1560 iratres.

118 1598 231 1682 Item,
258 1595 365 1703 quod
393 1622 508 1673 error·
523 1594 589 1670 hie
612 1593 713 1699 viget
736 1611 777 1671 et
799 1593 918 1699 viguit
945 1591 1143 1671 inordina
1169 1591 1282 1700 longo
1309 1611 1478 1701 tempore

60 1727 164 1833 quod
181 1726 251 1831 ipsi
270 1742 403 1826 tenent
413 1724 655 1831 opinionem,
673 1741 711 1801 at
725 1741 883 1803 tenuere
900 1723 1092 1800 retroactis
1106 1723 1356 1828 temporibus,
1375 1725 1482 1830 quod

61 1884 220 1963 magnus
240 1857 417 1963 Magister
433 1855 553 1961 possit
569 1853 913 1932 absolveredratres
932 1882 953 1930 a
971 1853 1132 1960 peccatis
1145 1881 1293 1932 eorum.
1365 1898 1372 1917 ·

117 1988 227 2075 Item,
250 1986 355 2092 quod
379 1985 498 2092 major
522 2012 627 2062 error
650 1984 750 2089 viget
773 2002 812 2060 et
833 1983 967 2088 viguit,
989 1983 1094 2090 quod
1117 1983 1187 2089 ipsi
1211 1999 1342 2060 tenant
1363 2001 1403 2061 et
1424 2001 1481 2070 te-

62 2133 230 2192 nuerunt
246 2115 437 2192 retroactis
456 2114 708 2218 temporibus,
726 2113 833 2218 quod
849 2141 1009 2218 maguus
1027 2112 1207 2218 Magister
1220 2114 1343 2218 pessit
1358 2114 1480 2191 abstol-

61 2272 147 2321 vere
168 2243 298 2321 fratres
318 2244 460 2320 ordinis
480 2272 500 2318 a
518 2242 692 2348 peccatis,
715 2242 831 2318 eciam
849 2269 928 2319 non
948 2241 1176 2330 conleseatis,
1198 2272 1274 2350 que
1293 2243 1480 2333 confiteri,

62 2390 216 2480 propter
233 2372 396 2479 aliquam
414 2370 734 2448 errubescenciam
751 2386 816 2447 aut
830 2370 1008 2449 timorem
1022 2372 1233 2476 penitencie
1250 2373 1480 2479 injungende

62 2504 120 2580 vel
140 2501 361 2608 infligende,
383 2500 629 2577 obmiserunt.

118 2633 228 2720 Item,
251 2627 733 2738 quodmagnus-Magister
751 2625 823 2704 hos
841 2627 1028 2732 predictos
1040 2655 1194 2706 errores
1213 2627 1404 2709 confessus
1427 2648 1483 2706 est

62 2775 145 2837 ante
165 2760 396 2866 capcinnem,
417 2775 567 2864 sponte,
589 2783 712 2837 coram
729 2755 806 2833 fide
827 2756 950 2862 dignis
969 2756 1111 2834 clericis
1131 2773 1170 2834 et
1187 2757 1310 2863 laycis.

117 2891 232 2979 Item,
251 2889 356 2997 quod
371 2887 609 2995 presentibus
627 2885 832 2992 majoribus
848 2887 1131 2995 preceptoribus
1150 2888 1209 2965 sui
1229 2887 1383 2964 ordinis.

117 3022 233 3108 Item,
259 3018 365 3125 quod
387 3018 574 3125 predictos
598 3044 745 3095 errores
768 3034 899 3095 tenent
926 3035 966 3099 et
987 3035 1209 3108 tenuemnt,
1240 3044 1311 3095 nec
1332 3035 1480 3097 tantum

62 3148 135 3224 hoc
152 3149 371 3254 oppinantes
388 3165 426 3224 et
440 3165 611 3224 tenentes
629 3147 676 3222 de
693 3174 828 3253 magno
846 3148 1037 3254 Magistro,
1057 3149 1125 3226 sed
1140 3149 1187 3225 de
1204 3148 1337 3227 ceteris
1353 3177 1481 3255 prece-

62 3277 252 3382 ptoribus,
273 3295 311 3356 et
328 3277 552 3385 primatibus
569 3276 713 3354 ordinis
722 3277 974 3356 visitatoribus
989 3278 1161 3356 maxime.

117 3408 228 3496 Item,
259 3408 364 3515 quod
386 3407 571 3516 ,quicquid
602 3435 760 3514 magnus
787 3409 974 3514 Magister,
1000 3409 1160 3487 maxime
1180 3437 1268 3485 cum
1297 3425 1481 3485 conventu

63 3563 148 3625 suo,
175 3537 352 3627 iaciebat,
380 3537 576 3615 ordinabat
599 3555 663 3615 aut
686 3538 885 3626 statuebat,
907 3538 1125 3617 totusordo
1142 3554 1271 3616 tenere
1296 3538 1481 3616 esohser-

61 3693 144 3742 vare
163 3666 325 3744 habebat
342 3686 380 3744 et
399 3658 514 3744 eciam
535 3667 763 3745 observabat.

117 3799 227 3883 Item,
254 3797 358 3900 quod
380 3799 450 3873 hec
473 3814 635 3901 potestas
657 3798 729 3876 sibi
759 3797 1060 3905 competebatiet
1080 3798 1120 3874 in
1150 3825 1195 3874 eo
1222 3797 1411 3876 resederat
1435 3799 1480 3872 ab

62 3923 229 4028 antiquo.

118 4055 230 4140 Item,
261 4052 365 4158 quod
387 4069 490 4129 tanto
517 4072 685 4159 tempore
708 4057 937 4132 duraverunt
968 4056 1167 4162 supradicti
1194 4057 1294 4161 pravi
1322 4057 1482 4134 modist

65 4210 215 4261 errores·
230 4181 335 4288 quod
356 4180 455 4258 ordo
475 4183 857 4290 inspersonispotuit
871 4185 1051 4264 renovari·
1072 4184 1205 4276 semel,
1233 4186 1291 4262 bis
1314 4185 1373 4262 vel
1398 4187 1482 4292 plu-

64 4312 150 4399 ries,
172 4339 193 4387 a
216 4319 388 4418 ternpore
407 4311 710 4395 introductorum
741 4341 810 4391 seu
834 4311 1113 4391 obsonatorum
1136 4315 1391 4421 predictorum
1423 4345 1481 4393 er-

64 4469 204 4517 rorum.

119 4572 232 4660 Item,
253 4572 358 4678 quod
371 4573 517 4650 tenuati
534 4571 573 4681 II]
596 4601 728 4652 omnes
752 4574 811 4650 val
829 4573 1034 4680 quasidue
1053 4593 1176 4681 partes
1194 4576 1337 4655 ordinis
1362 4578 1481 4655 scien-

68 4715 120 4778 tes
138 4700 263 4778 dictos
277 4728 420 4780 errores
436 4703 620 4810 corrigere
637 4704 894 4811 neglexerunt.

10 4836 40 4944 l,
119 4831 230 4920 Item,
247 4832 353 4939 quod
367 4849 492 4913 sancte
504 4834 613 4911 matri
631 4834 793 4914 Ecclesia
809 4835 992 4915 nunciare
1005 4835 1263 4944 neglexerunt.
