4080 6052
693 550 887 643 procus
913 567 1008 642 nas
1034 566 1333 642 rennuens.
1675 570 1722 646 ao
1829 541 1831 545 ’

308 739 382 818 que
402 709 448 785 de
466 708 565 785 dicto
579 708 881 814 Templariorum
906 709 1038 801 ordine
1056 736 1134 787 non
1149 725 1237 786 sunt
1255 708 1322 814 (de
1345 707 1485 815 quibus
1502 708 1723 815 Templariis

308 866 401 944 quos
424 837 598 946 expedire
618 837 830 917 videbimus
851 839 1032 945 per'alias
1049 855 1194 916 nostras
1214 837 1356 915 litteras
1381 835 1612 914 intendimus
1638 868 1723 918 evo-

307 970 411 1074 care),
428 969 701 1075 cujuscumque
716 984 847 1057 status,
860 969 1064 1074 dignitatis,
1077 968 1304 1046 condicionis
1320 984 1357 1044 et
1368 966 1721 1077 religionisfuerint,

304 1097 342 1173 in
369 1101 486 1205 regno
510 1098 663 1174 Francia
684 1098 896 1189 existentes,
920 1109 994 1202 que
1017 1097 1211 1174 veritatem
1240 1099 1410 1174 noverint
1432 1097 1479 1173 de
1504 1097 1724 1188 criminibus

306 1227 430 1303 eidem
446 1226 568 1302 ordini
584 1226 765 1331 impositis
783 1226 842 1303 vel
858 1254 990 1302 eorum
1015 1225 1141 1332 aliquo
1162 1225 1209 1301 de
1230 1225 1428 1330 quibus'fit
1445 1227 1592 1304 mencio
1612 1229 1651 1303 iu
1670 1229 1725 1306 lit·

304 1356 395 1432 teris
415 1349 623 1461 apostolicis
642 1356 852 1447 antedictis,
871 1372 909 1431 et
935 1354 1143 1469 specialiter
1169 1355 1216 1431 de
1237 1356 1417 1459 apostasia
1442 1384 1463 1431 a
1484 1354 1578 1443 fide,
1595 1355 1724 1464 ydola-

303 1460 392 1576 tria,
414 1485 535 1563 heresi
556 1503 599 1563 *ct
613 1488 766 1592 'peccato
786 1501 913 1566 contra
934 1502 1122 1576 naturam,
1151 1500 1194 1562 ut
1213 1485 1356 1563 eisdem
1375 1485 1458 1563 loco
1479 1500 1517 1561 et
1534 1485 1721 1591 tempore,

304 1615 558 1718 personaliter,
575 1616 647 1709 sub
664 1616 772 1722 penis
790 1616 981 1722 predictis,
1004 1616 1242 1720 compareant
1266 1643 1390 1693 coram
1413 1613 1538 1705 nobis,
1556 1615 1723 1720 perhibi·

304 1744 379 1819 turi
396 1772 510 1850 super
522 1745 699 1850 predictis
711 1747 970 1825 testimonium
989 1744 1145 1822 veritati.
1162 1746 1294 1837 Porro,
1312 1760 1355 1821 ut
1372 1744 1538 1851 predicta
1550 1742 1599 1821 ad
1614 1743 1724 1822 dicto·

303 1900 389 1950 rum
414 1875 556 1952 ordinis
574 1874 747 1965 fratnrm,
766 1879 1004 1955 ac=omnium
1030 1875 1304 1953 evocandorum
1334 1891 1373 1952 et
1394 1902 1722 1982 quorumcumque

304 2003 478 2081 noticiam
497 2004 686 2111 publicam
708 2006 934 2097 deserantur,
955 2006 1296 2112 circumspectionis
1314 2009 1433 2083 vestre
1457 2002 1721 2112 prudenciam,

305 2134 524 2212 auctoritate
541 2112 740 2240 apostolica
753 2137 982 2242 requirimus
1002 2154 1040 2214 et
1057 2139 1097 2214 in
1120 2137 1257 2213 virtute
1281 2153 1405 2213 sancte
1431 2132 1649 2212 obediencie
1674 2133 1725 2210 di·

305 2260 430 2337 stricte
444 2263 674 2371 injungimus
689 2282 728 2341 et
740 2266 962 2344 mandamus
976 2284 1162 2373 quatenus
1175 2295 1289 2371 quam
1302 2267 1409 2372 prius
1422 2263 1579 2342 comode
1595 2279 1724 2368 potue·

304 2388 401 2478 ritis,
422 2386 562 2466 faciatis
585 2393 810 2497 supradicta,
832 2421 919 2467 cum
939 2394 988 2468 ad
1008 2422 1074 2470 vos
1091 2377 1343 2497 pervenerint,
1363 2388 1512 2496 publice
1530 2409 1574 2466 ‘ac
1592 2391 1724 2467 solem·

303 2517 428 2623 pniter
442 2517 528 2593 fieri
549 2519 638 2625 legi,
655 2520 800 2596 recitari
818 2539 855 2596 et
873 2520 1055 2626 publicari
1076 2520 1175 2597 clero
1195 2536 1234 2596 et
1248 2519 1391 2626 populo
1408 2519 1447 2595 in
1467 2520 1724 2624 suprascriptis

305 2646 410 2738 locis,
434 2665 470 2723 et
484 2647 694 2753 specialiter
711 2649 751 2724 in
780 2649 871 2725 locis
885 2649 924 2724 in
944 2648 1082 2754 quibus
1098 2647 1229 2725 fratros
1252 2649 1369 2753 ipsius
1388 2648 1530 2725 ordinis
1554 2648 1649 2753 capti
1668 2664 1725 2725 te·

303 2794 451 2880 nentur,
472 2778 512 2852 in
537 2778 729 2882 presencia
755 2780 994 2868 eorumdem,
1022 2779 1120 2854 etin
1140 2777 1222 2854 aliis
1239 2777 1384 2884 magnis
1401 2777 1493 2854 locis
1511 2777 1559 2853 dt
1584 2777 1732 2882 quibus

303 2905 407 2982 vobis
429 2905 626 2982 videbitur·
646 2907 833 3011 expedire.
854 2906 902 2981 Et
926 2907 956 2982 si
982 2907 1098 3012 aliqui
1122 2905 1367 2983 ex'fratribus
1387 2905 1475 2981 dicti
1495 2903 1637 2982 ordinis
1656 2907 1721 3011 qui
1834 2891 1838 2900 ¹

304 3035 398 3140 capti
417 3051 604 3124 tenentur,
622 3033 747 3109 dicant
764 3034 823 3109 vel
838 3016 1003 3108 'dixerint
1025 3062 1065 3109 se
1083 3033 1178 3108 velle
1197 3059 1267 3135 pro
1287 3032 1387 3109 dicto
1415 3033 1548 3110 ordine
1567 3061 1722 3139 respon·

252 3200 254 3204 >
306 3165 395 3240 dere
414 3163 473 3238 vel
488 3165 612 3265 ipsum
633 3160 850 3251 defendere,
867 3151 967 3266 ipsos
985 3160 1034 3237 ad
1052 3187 1121 3238 nos
1139 3161 1355 3239 immediate
1369 3162 1530 3240 Parisius
1549 3162 1621 3240 sub
1640 3181 1721 3241 tuta

306 3311 344 3370 et
361 3292 437 3369 fida
456 3293 623 3371 custodia
636 3294 835 3371 transmitti
850 3293 1048 3398 requiratis
1065 3323 1140 3400 per.
1152 3310 1281 3402 gentes
1295 3295 1429 3403 regias,
1447 3311 1485 3371 et
1503 3293 1721 3372 custodibus

306 3424 543 3515 eorumdem,
560 3425 665 3500 utin
683 3425 873 3530 premissis
893 3424 931 3500 et
950 3452 992 3501 ea
1012 3424 1266 3532 tangentibus,
1292 3443 1407 3530 prout
1423 3425 1570 3531 justum
1589 3423 1719 3515 fucrit,
1784 3510 1786 3516 .

303 3553 536 3658 procedatur.
552 3557 627 3633 Nos
642 3572 767 3632 autem
782 3554 960 3661 predictis
975 3555 1152 3662 gentibus
1165 3556 1277 3661 regiis
1297 3571 1335 3631 et
1349 3554 1569 3632 custodibus
1588 3551 1721 3631 damus
1808 3610 1811 3616 -

306 3685 556 3788 (presentibus
577 3687 714 3763 nostris
732 3685 881 3776 litteris,
903 3701 947 3762 ut
963 3683 1130 3791 predicta
1150 3685 1377 3791 compleant)
1398 3685 1437 3762 in
1452 3684 1656 3775 mandatis,
1680 3711 1720 3794 ac

305 3814 422 3906 eciam
436 3815 635 3918 superbiis
650 3815 825 3893 dominus
839 3817 915 3892 Rex
936 3817 1164 3894 Francorum
1180 3815 1335 3894 illustris
1352 3814 1528 3922 predictis
1547 3811 1721 3920 gentibus

293 3941 383 4019 suis
398 3940 536 4018 scribit
556 3944 632 4020 Vos
651 3973 737 4022 vero
757 3945 967 4024 certificetis
980 3973 1050 4041 nos
1071 3947 1118 4023 de
1139 3946 1409 4053 omnibusque
1429 3943 1590 4023 feceritis
1608 3970 1723 4047 super

305 4069 504 4176 predictis,
519 4085 558 4145 et
577 4071 607 4146 si
630 4072 696 4177 qui
717 4091 755 4149 et
775 4090 869 4178 quot
885 4074 1016 4153 fratres
1037 4076 1126 4152 dicti
1145 4076 1288 4151 ordinis
1306 4076 1345 4149 iu
1366 4074 1496 4150 vestris
1515 4069 1722 4149 civitatibus

307 4217 343 4275 et
366 4195 580 4276 diocesibus
603 4199 839 4292 tenebantur,
863 4205 950 4279 etsi
970 4203 1064 4307 quid
1091 4219 1128 4276 et
1146 4229 1221 4308 que
1246 4200 1406 4279 dixerint
1423 4202 1472 4279 ad
1487 4201 1653 4307 predicta
1672 4202 1720 4278 de

306 4328 494 4434 premissis
522 4328 700 4407 omnibus
724 4329 763 4406 et
788 4331 955 4437 singulis·
971 4331 1147 4410 facientes
1175 4331 1223 4408 ad
1246 4330 1443 4412 cautellam
1466 4331 1552 4429 fieri
1571 4332 1721 4436 publica

308 4460 570 4551 instrumenta,
600 4488 676 4567 que
710 4489 824 4541 manu
853 4462 1003 4567 publica
1033 4461 1243 4570 consignata
1274 4462 1334 4539 vel
1365 4459 1504 4570 sigillis
1528 4462 1750 4539 autenticis.

251 4626 253 4633 ·
308 4587 550 4679 communita,
574 4588 613 4664 in
639 4589 739 4667 dicto
764 4590 926 4670 termino
952 4592 1012 4669 vel
1036 4608 1136 4684 ante,
1158 4619 1228 4699 per
1249 4591 1417 4703 aliquem
1439 4608 1604 4670 vestrum
1628 4592 1722 4700 ydo-

309 4747 437 4810 neum,
456 4735 598 4795 certum
620 4737 657 4796 et
676 4736 802 4797 tutum
822 4722 1020 4814 nuncium,
1042 4721 1203 4800 Parisius
1221 4721 1330 4799 nobis
1349 4709 1407 4799 vel
1425 4720 1721 4800 uostrum'alteri

310 4848 565 4938 transmitatis,
578 4851 627 4925 ita
648 4851 805 4929 solerter
824 4881 937 4960 super
950 4832 1030 4933 hiis'
1038 4882 1103 4931 vos
1115 4837 1316 4945 babentes,
1338 4853 1443 4960 quod
1462 4854 1510 4931 de
1528 4853 1723 4960 diligencia

391 4985 495 5049 rnocr'rs
517 5007 568 5050 nas
588 5008 754 5051 rcurnrsns.
769 4980 844 5050 ἐι.
1418 4974 1425 4980 ’
1553 5012 1570 5070 7
1684 5004 1688 5012 ’
