4080 6052
693 501 888 594 mocts
914 519 1009 591 ons
1034 514 1338 592 mammas.
1677 526 1724 595 79

365 659 492 738 Frater
510 659 637 739 Guido
655 654 710 768 jde
737 661 948 768 latigniaco
978 658 1085 737 Sicco
1113 660 1318 737 Meldensis
1346 657 1506 737 diocesis
1533 664 1726 768 requisivit

308 819 349 867 se
367 790 497 867 reduci
511 791 551 866 in
570 807 669 867 statu
687 791 727 868 in
747 818 823 896 quo
840 807 918 868 erat
936 808 1107 895 tempore
1123 789 1322 895 capcionis,
1340 805 1379 865 et
1396 806 1488 866 tunc
1507 788 1727 870 defenderet

308 920 450 996 dictum
471 922 661 1012 ordinem,
683 938 726 998 ut
747 916 854 1006 dixit,
874 939 1052 1026 tanquam
1071 920 1217 998 bonum
1238 936 1276 997 et
1288 920 1448 1027 justum.

362 1052 492 1127 Frater
518 1054 680 1129 Tossanz
710 1051 757 1128 de
788 1051 1013 1129 Lanchivilla
1043 1051 1274 1128 Belvacensis
1309 1051 1467 1129 diocesis
1501 1050 1594 1128 dixit
1621 1054 1727 1158 quod

306 1183 386 1259 vult
405 1181 610 1259 defendere
632 1211 718 1259 cum
742 1182 930 1290 adjutorio
951 1180 1123 1259 fratrum.
1844 1282 1847 1286 ἡ

361 1312 492 1387 Frater
525 1311 751 1392 Guillelmus
784 1311 950 1417 Ardoyni
987 1309 1266 1389 Aurelianensis
1302 1308 1462 1388 diocesis
1497 1309 1591 1389 dixit
1622 1312 1727 1419 quod

308 1438 387 1516 vult
406 1434 607 1516 defendere
626 1467 695 1545 pro
714 1468 841 1546 posse,
864 1469 952 1516 cum
971 1439 1108 1517 auxilio
1127 1438 1297 1514 fratrum.

363 1570 490 1644 Frater
518 1569 708 1646 Joh'annes
742 1569 790 1646 de
817 1569 1007 1648 Cormella
1039 1568 1319 1648 suessionensis
1343 1566 1504 1647 diocesis
1534 1570 1728 1674 requisivit

306 1726 344 1774 se
364 1699 494 1774 reduci
519 1699 560 1775 in
584 1717 684 1776 statu
708 1727 786 1805 quo
809 1717 888 1777 erat
909 1716 1081 1806 tempore
1107 1696 1308 1805 capcionis,
1331 1715 1369 1775 et
1391 1715 1483 1777 tunc
1508 1697 1728 1778 defenderet

305 1854 373 1932 pro
391 1856 519 1934 posse,
541 1858 629 1907 cum
652 1830 792 1907 auxilio
811 1829 980 1907 fratrum.
1578 1920 1586 1932 ⁰

359 1959 490 2035 Frater
513 1960 648 2037 Petrus
681 1959 729 2037 de
755 1956 934 2068 Sarcellis]
955 1959 1112 2037 clericus
1135 1957 1352 2036 Parisiensis
1376 1956 1535 2036 diocesis
1564 1958 1657 2035 dixit
1687 1987 1727 2036 se

307 2114 386 2164 esse
406 2117 627 2194 pauperem,
649 2107 687 2166 et
705 2091 736 2167 si
754 2107 852 2168 esset
869 2091 911 2167 in
929 2107 1031 2187 statu
1044 2117 1121 2196 quo
1142 2106 1222 2168 erat
1239 2105 1410 2194 tempore
1430 2089 1630 2195 capcionis,
1648 2088 1726 2194 ipse

307 2215 469 2293 libenter
487 2218 709 2295 defenderet
727 2219 871 2296 dictum
892 2220 1082 2307 ordinem,
1102 2236 1148 2296 ut
1166 2219 1268 2297 dixit.
1416 2288 1421 2299 .

362 2347 492 2423 Frater
509 2348 550 2423 P.
574 2347 718 2423 Picardi
745 2347 793 2423 de
818 2347 928 2423 Buris
950 2349 1198 2454 Lingonensis
1224 2348 1382 2424 diocesis
1406 2348 1501 2452 petit
1529 2347 1634 2453 quod
1661 2377 1728 2453 po

307 2491 416 2550 natur
437 2492 538 2551 extra
557 2503 760 2560 carcerem,
782 2493 820 2552 et
839 2492 931 2552 tunc
951 2474 1173 2553 defenderet
1193 2473 1336 2551 dictum
1360 2473 1533 2551 ordinem
1555 2503 1643 2550 cum
1665 2475 1728 2551 ad-

301 2605 446 2711 jutorio
466 2603 627 2682 aliorum
645 2604 814 2681 fratrum.

359 2734 489 2810 Frater
517 2734 706 2811 Johannes
737 2733 785 2809 de
816 2734 933 2809 Ponte
956 2729 1132 2836 Episcopi
1160 2731 1417 2823 Noviomensis
1450 2730 1609 2811 diocesis
1636 2733 1730 2811 dixit
1807 2726 1811 2733 ’

306 2864 410 2970 quod
432 2866 463 2941 si
487 2883 584 2942 essct
601 2866 641 2940 in
664 2881 761 2941 statu
780 2890 857 2968 quo
881 2879 960 2939 erat
979 2880 1150 2966 tempore
1174 2862 1359 2968 capcionis
1378 2888 1462 2950 sue,
1478 2861 1641 2940 libenter
1660 2863 1728 2939 de-

304 2990 477 3070 fenderet
496 2992 639 3071 dictum
659 2992 850 3083 ordinem,
879 2990 947 3068 sed
966 3007 1096 3096 captus
1119 3007 1158 3068 et
1180 2990 1221 3068 in
1243 3006 1461 3097 paupertate
1485 2990 1525 3067 in
1548 3019 1624 3097 quo
1645 2972 1724 3082 est,

306 3148 383 3197 non
405 3138 539 3227 potest.

362 3252 491 3327 Frater
508 3251 673 3326 Thomas
698 3249 870 3343 Quintini
892 3249 1103 3327 Baiocensis
1128 3247 1287 3326 diocesis
1316 3248 1408 3325 dixit
1431 3247 1536 3354 quod
1558 3247 1640 3326 vult
1662 3249 1727 3327 de-

305 3376 458 3456 fendere
478 3379 624 3456 dictum
643 3378 833 3469 ordinem;
857 3395 895 3456 et
913 3379 1111 3484 pecierunt
1132 3378 1192 3455 isti
1211 3377 1462 3484 prenominati
1484 3376 1725 3456 ecclesiastica

305 3525 543 3585 sacramenta.
573 3570 575 3574 Α
1660 3487 1664 3495 ’

361 3639 451 3714 Acta
475 3636 632 3714 fuerunt
654 3638 725 3713 hec
749 3634 927 3743 predictis
953 3636 1016 3714 die
1043 3652 1082 3714 et
1105 3635 1206 3722 loco,
1234 3634 1474 3740 presentibus
1499 3663 1561 3712 me
1585 3635 1726 3715 Floria-

305 3785 433 3844 monte
454 3767 652 3844 Dondedei
675 3785 712 3845 et
730 3766 811 3844 aliis
830 3767 985 3845 notariis
1006 3795 1120 3873 supra
1137 3766 1308 3871 proximo
1329 3767 1541 3844 nominatis.

360 4025 453 4100 Post
484 4024 571 4111 hec,
606 4022 667 4101 die
696 4026 795 4102 Iovis
827 4029 1016 4135 sequenti,
1050 4056 1125 4132 que
1163 4025 1235 4103 fuit
1264 4053 1326 4104 xrx
1363 4024 1444 4101 dies
1480 4024 1621 4101 mensis
1656 4025 1724 4101 Fe-

305 4154 462 4243 bruarii,
487 4151 644 4229 fuerunt
674 4153 824 4229 adducti
854 4156 901 4230 de
936 4156 1036 4231 dicto
1065 4153 1226 4258 Templo
1246 4152 1442 4230 Parisiensi
1470 4179 1596 4229 coram
1616 4153 1725 4232 dictis

307 4283 469 4359 dominis
499 4281 780 4374 commissoriis,
812 4281 976 4359 dominis
998 4281 1231 4360 Narbonensi
1256 4299 1295 4359 et
1321 4282 1512 4359 Baiocensi
1545 4285 1721 4389 exceptis,

306 4413 437 4492 fratres
450 4411 669 4518 subscripti,
689 4413 755 4519 qui
771 4413 1011 4520 singulariter
1026 4430 1066 4490 et
1087 4413 1285 4518 separatim
1312 4413 1546 4519 interrogati,
1571 4414 1723 4491 sivole-

306 4545 397 4620 bant
417 4544 560 4619 dictum
582 4543 757 4620 ordinem
780 4542 1000 4636 defendere,
1024 4543 1302 4649 responderunt
1320 4562 1365 4622 ut
1381 4543 1575 4649 seqnitur:

361 4675 491 4751 Frater
511 4671 698 4750 Robertus
725 4671 773 4750 dc
795 4673 908 4751 Mella
926 4648 1186 4751 Laudunensis
1214 4673 1373 4752 diocesis
1398 4671 1491 4750 dixit
1516 4671 1621 4779 quod
1644 4700 1721 4750 non

307 4803 384 4880 vult
405 4802 608 4881 defendere
633 4803 704 4880 nisi
727 4831 927 4908 personam
948 4830 1056 4882 suam
1077 4821 1235 4882 tantum.
