<?xml version="1.0" encoding="UTF-8"?>
<!DOCTYPE html PUBLIC "-//W3C//DTD XHTML 1.0 Transitional//EN"
    "http://www.w3.org/TR/xhtml1/DTD/xhtml1-transitional.dtd">
<html xmlns="http://www.w3.org/1999/xhtml" xml:lang="en" lang="en">
 <head>
  <title>
</title>
<meta http-equiv="Content-Type" content="text/html;charset=utf-8" />
  <meta name='ocr-system' content='tesseract 3.04.00' />
  <meta name='ocr-capabilities' content='ocr_page ocr_carea ocr_par ocr_line ocrx_word'/>
</head>
<body>
  <div class='ocr_page' id='page_1' title='image "./procsdestemplie02defegoog/procsdestemplie02defegoog_0449.png"; bbox 0 0 4080 6052; ppageno 0'>
   <div class='ocr_carea' id='block_1_1' title="bbox 456 540 1476 657">
    <p class='ocr_par' dir='ltr' id='par_1_1' title="bbox 456 540 1476 657">
     <span class='ocr_line' id='line_1_1' title="bbox 456 540 1476 657; baseline -0.004 -23"><span class='ocrx_word' id='word_1_1' title='bbox 456 540 653 657; x_wconf 79' lang='lat' dir='ltr'><strong>raocas</strong></span> <span class='ocrx_word' id='word_1_2' title='bbox 679 557 772 630; x_wconf 86' lang='lat' dir='ltr'><strong>nus</strong></span> <span class='ocrx_word' id='word_1_3' title='bbox 798 556 1095 630; x_wconf 77' lang='lat' dir='ltr'><strong>rauraraas.</strong></span> <span class='ocrx_word' id='word_1_4' title='bbox 1407 555 1476 631; x_wconf 80' lang='lat' dir='ltr'><strong>aar</strong></span> 
     </span>
    </p>
   </div>
   <div class='ocr_carea' id='block_1_2' title="bbox 65 694 1481 1583">
    <p class='ocr_par' dir='ltr' id='par_1_2' title="bbox 69 694 1481 911">
     <span class='ocr_line' id='line_1_2' title="bbox 69 694 1481 809; baseline -0.003 -29"><span class='ocrx_word' id='word_1_5' title='bbox 69 704 289 809; x_wconf 80' lang='lat' dir='ltr'><strong>Magistrum</strong></span> <span class='ocrx_word' id='word_1_6' title='bbox 315 718 354 778; x_wconf 87' lang='lat' dir='ltr'><strong>et</strong></span> <span class='ocrx_word' id='word_1_7' title='bbox 379 701 472 779; x_wconf 82' lang='lat' dir='ltr'><strong>alios</strong></span> <span class='ocrx_word' id='word_1_8' title='bbox 500 700 632 778; x_wconf 83' lang='lat' dir='ltr'><strong>fratres</strong></span> <span class='ocrx_word' id='word_1_9' title='bbox 660 699 805 804; x_wconf 83' lang='lat' dir='ltr'><strong>aliquos</strong></span> <span class='ocrx_word' id='word_1_10' title='bbox 834 724 995 789; x_wconf 87' lang='lat' dir='ltr'><strong>errores,</strong></span> <span class='ocrx_word' id='word_1_11' title='bbox 1016 696 1134 775; x_wconf 78' lang='lat' dir='ltr'><strong>nescit</strong></span> <span class='ocrx_word' id='word_1_12' title='bbox 1156 721 1268 800; x_wconf 90' lang='lat' dir='ltr'><strong>quos,</strong></span> <span class='ocrx_word' id='word_1_13' title='bbox 1295 694 1481 775; x_wconf 87' lang='lat' dir='ltr'><strong>confessos</strong></span> 
     </span>
     <span class='ocr_line' id='line_1_3' title="bbox 70 829 1464 911; baseline -0.004 -2"><span class='ocrx_word' id='word_1_14' title='bbox 70 832 182 911; x_wconf 78' lang='lat' dir='ltr'><strong>busse</strong></span> <span class='ocrx_word' id='word_1_15' title='bbox 203 847 331 908; x_wconf 89' lang='lat' dir='ltr'><strong>contra</strong></span> <span class='ocrx_word' id='word_1_16' title='bbox 349 831 534 908; x_wconf 88' lang='lat' dir='ltr'><strong>ordinem.</strong></span> <span class='ocrx_word' id='word_1_17' title='bbox 1461 829 1464 833; x_wconf 77' lang='grc'><strong>’</strong></span> 
     </span>
    </p>

    <p class='ocr_par' dir='ltr' id='par_1_3' title="bbox 65 955 1480 1583">
     <span class='ocr_line' id='line_1_4' title="bbox 122 955 1476 1067; baseline -0.006 -27"><span class='ocrx_word' id='word_1_18' title='bbox 122 960 338 1067; x_wconf 85' lang='lat' dir='ltr'><strong>Requisitus</strong></span> <span class='ocrx_word' id='word_1_19' title='bbox 367 962 399 1039; x_wconf 90' lang='lat' dir='ltr'><strong>si</strong></span> <span class='ocrx_word' id='word_1_20' title='bbox 424 962 477 1039; x_wconf 90' lang='lat' dir='ltr'><strong>sic</strong></span> <span class='ocrx_word' id='word_1_21' title='bbox 502 960 727 1065; x_wconf 74' lang='lat' dir='ltr'>deposuerat</span> <span class='ocrx_word' id='word_1_22' title='bbox 755 983 892 1062; x_wconf 84' lang='lat' dir='ltr'><strong>prece,</strong></span> <span class='ocrx_word' id='word_1_23' title='bbox 917 974 1110 1063; x_wconf 84' lang='lat' dir='ltr'><strong>precepto,</strong></span> <span class='ocrx_word' id='word_1_24' title='bbox 1139 955 1298 1042; x_wconf 86' lang='lat' dir='ltr'><strong>timore,</strong></span> <span class='ocrx_word' id='word_1_25' title='bbox 1326 983 1476 1044; x_wconf 90' lang='lat' dir='ltr'><strong>amore,</strong></span> 
     </span>
     <span class='ocr_line' id='line_1_5' title="bbox 66 1085 1479 1197; baseline -0.004 -27"><span class='ocrx_word' id='word_1_26' title='bbox 66 1092 171 1181; x_wconf 87' lang='lat' dir='ltr'><strong>odio,</strong></span> <span class='ocrx_word' id='word_1_27' title='bbox 197 1091 257 1167; x_wconf 81' lang='lat' dir='ltr'><strong>vel</strong></span> <span class='ocrx_word' id='word_1_28' title='bbox 285 1091 447 1168; x_wconf 90' lang='lat' dir='ltr'><strong>comodo</strong></span> <span class='ocrx_word' id='word_1_29' title='bbox 469 1089 667 1197; x_wconf 86' lang='lat' dir='ltr'><strong>temporali</strong></span> <span class='ocrx_word' id='word_1_30' title='bbox 693 1087 822 1164; x_wconf 85' lang='lat' dir='ltr'><strong>habito</strong></span> <span class='ocrx_word' id='word_1_31' title='bbox 851 1085 912 1164; x_wconf 74' lang='lat' dir='ltr'><strong>rel</strong></span> <span class='ocrx_word' id='word_1_32' title='bbox 935 1087 1139 1173; x_wconf 65' lang='lat' dir='ltr'><strong>habendo,</strong></span> <span class='ocrx_word' id='word_1_33' title='bbox 1154 1085 1351 1191; x_wconf 70' lang='lat' dir='ltr'><strong>respondit</strong></span> <span class='ocrx_word' id='word_1_34' title='bbox 1374 1087 1479 1192; x_wconf 91' lang='lat' dir='ltr'><strong>quod</strong></span> 
     </span>
     <span class='ocr_line' id='line_1_6' title="bbox 65 1215 1480 1325; baseline -0.003 -28"><span class='ocrx_word' id='word_1_35' title='bbox 65 1248 159 1311; x_wconf 91' lang='lat' dir='ltr'><strong>non,</strong></span> <span class='ocrx_word' id='word_1_36' title='bbox 181 1220 249 1297; x_wconf 89' lang='lat' dir='ltr'><strong>sed</strong></span> <span class='ocrx_word' id='word_1_37' title='bbox 276 1247 345 1325; x_wconf 90' lang='lat' dir='ltr'><strong>pro</strong></span> <span class='ocrx_word' id='word_1_38' title='bbox 373 1221 527 1299; x_wconf 86' lang='lat' dir='ltr'><strong>veritate</strong></span> <span class='ocrx_word' id='word_1_39' title='bbox 556 1218 726 1297; x_wconf 86' lang='lat' dir='ltr'><strong>dicenda.</strong></span> <span class='ocrx_word' id='word_1_40' title='bbox 749 1217 822 1296; x_wconf 90' lang='lat' dir='ltr'><strong>Cui</strong></span> <span class='ocrx_word' id='word_1_41' title='bbox 850 1215 924 1293; x_wconf 84' lang='lat' dir='ltr'><strong>luit</strong></span> <span class='ocrx_word' id='word_1_42' title='bbox 946 1217 1159 1324; x_wconf 86' lang='lat' dir='ltr'><strong>injunctum</strong></span> <span class='ocrx_word' id='word_1_43' title='bbox 1181 1243 1250 1320; x_wconf 90' lang='lat' dir='ltr'><strong>per</strong></span> <span class='ocrx_word' id='word_1_44' title='bbox 1273 1215 1480 1293; x_wconf 78' lang='lat' dir='ltr'><strong>dictosdo·</strong></span> 
     </span>
     <span class='ocr_line' id='line_1_7' title="bbox 65 1347 1478 1454; baseline -0.004 -25"><span class='ocrx_word' id='word_1_45' title='bbox 65 1351 189 1429; x_wconf 83' lang='lat' dir='ltr'><strong>minos</strong></span> <span class='ocrx_word' id='word_1_46' title='bbox 204 1351 492 1440; x_wconf 87' lang='lat' dir='ltr'><strong>commissarios,</strong></span> <span class='ocrx_word' id='word_1_47' title='bbox 512 1352 551 1426; x_wconf 91' lang='lat' dir='ltr'><strong>in</strong></span> <span class='ocrx_word' id='word_1_48' title='bbox 563 1351 698 1427; x_wconf 83' lang='lat' dir='ltr'><strong>iirtute</strong></span> <span class='ocrx_word' id='word_1_49' title='bbox 713 1347 921 1454; x_wconf 88' lang='lat' dir='ltr'><strong>juramenti</strong></span> <span class='ocrx_word' id='word_1_50' title='bbox 936 1348 1082 1453; x_wconf 89' lang='lat' dir='ltr'><strong>prestiti</strong></span> <span class='ocrx_word' id='word_1_51' title='bbox 1090 1376 1160 1452; x_wconf 92' lang='lat' dir='ltr'><strong>per</strong></span> <span class='ocrx_word' id='word_1_52' title='bbox 1178 1347 1361 1434; x_wconf 89' lang='lat' dir='ltr'><strong>eundem,</strong></span> <span class='ocrx_word' id='word_1_53' title='bbox 1375 1348 1478 1453; x_wconf 88' lang='lat' dir='ltr'><strong>quod</strong></span> 
     </span>
     <span class='ocr_line' id='line_1_8' title="bbox 66 1474 1479 1583; baseline -0.002 -28"><span class='ocrx_word' id='word_1_54' title='bbox 66 1508 142 1558; x_wconf 86' lang='lat' dir='ltr'><strong>non</strong></span> <span class='ocrx_word' id='word_1_55' title='bbox 162 1479 341 1572; x_wconf 80' lang='lat' dir='ltr'><strong>revelaret</strong></span> <span class='ocrx_word' id='word_1_56' title='bbox 358 1481 454 1556; x_wconf 92' lang='lat' dir='ltr'><strong>hanc</strong></span> <span class='ocrx_word' id='word_1_57' title='bbox 473 1508 579 1557; x_wconf 87' lang='lat' dir='ltr'><strong>suam</strong></span> <span class='ocrx_word' id='word_1_58' title='bbox 596 1478 894 1583; x_wconf 88' lang='lat' dir='ltr'><strong>deposicionem,</strong></span> <span class='ocrx_word' id='word_1_59' title='bbox 909 1504 1108 1582; x_wconf 84' lang='lat' dir='ltr'><strong>quousque</strong></span> <span class='ocrx_word' id='word_1_60' title='bbox 1120 1474 1380 1552; x_wconf 86' lang='lat' dir='ltr'><strong>attestacioues</strong></span> <span class='ocrx_word' id='word_1_61' title='bbox 1396 1474 1479 1552; x_wconf 74' lang='lat' dir='ltr'><strong>lue-</strong></span> 
     </span>
    </p>
   </div>
   <div class='ocr_carea' id='block_1_3' title="bbox 66 1608 359 1714">
    <p class='ocr_par' dir='ltr' id='par_1_4' title="bbox 66 1608 359 1714">
     <span class='ocr_line' id='line_1_9' title="bbox 66 1608 359 1714; baseline -0.003 -29"><span class='ocrx_word' id='word_1_62' title='bbox 66 1610 142 1686; x_wconf 88' lang='lat' dir='ltr'><strong>rint</strong></span> <span class='ocrx_word' id='word_1_63' title='bbox 160 1608 359 1714; x_wconf 73' lang='lat' dir='ltr'><strong>publicato.</strong></span> 
     </span>
    </p>
   </div>
   <div class='ocr_carea' id='block_1_4' title="bbox 33 1851 1487 3399">
    <p class='ocr_par' dir='ltr' id='par_1_5' title="bbox 61 1851 1477 2492">
     <span class='ocr_line' id='line_1_10' title="bbox 116 1851 1477 1971; baseline 0.001 -28"><span class='ocrx_word' id='word_1_64' title='bbox 116 1851 268 1943; x_wconf 78' lang='lat' dir='ltr'><strong>Eisdem</strong></span> <span class='ocrx_word' id='word_1_65' title='bbox 294 1869 355 1945; x_wconf 92' lang='lat' dir='ltr'><strong>die</strong></span> <span class='ocrx_word' id='word_1_66' title='bbox 380 1885 418 1944; x_wconf 88' lang='lat' dir='ltr'><strong>et</strong></span> <span class='ocrx_word' id='word_1_67' title='bbox 443 1868 527 1944; x_wconf 90' lang='lat' dir='ltr'><strong>loco</strong></span> <span class='ocrx_word' id='word_1_68' title='bbox 546 1866 619 1944; x_wconf 81' lang='lat' dir='ltr'><strong>fuit</strong></span> <span class='ocrx_word' id='word_1_69' title='bbox 637 1867 823 1943; x_wconf 84' lang='lat' dir='ltr'><strong>adductus</strong></span> <span class='ocrx_word' id='word_1_70' title='bbox 841 1867 890 1942; x_wconf 91' lang='lat' dir='ltr'><strong>ad</strong></span> <span class='ocrx_word' id='word_1_71' title='bbox 914 1866 1145 1971; x_wconf 86' lang='lat' dir='ltr'><strong>presenciam</strong></span> <span class='ocrx_word' id='word_1_72' title='bbox 1167 1865 1387 1942; x_wconf 88' lang='lat' dir='ltr'><strong>eorumdem</strong></span> <span class='ocrx_word' id='word_1_73' title='bbox 1408 1869 1477 1944; x_wconf 90' lang='lat' dir='ltr'><strong>do·</strong></span> 
     </span>
     <span class='ocr_line' id='line_1_11' title="bbox 63 1991 1473 2100; baseline 0.001 -27"><span class='ocrx_word' id='word_1_74' title='bbox 63 1997 254 2073; x_wconf 91' lang='lat' dir='ltr'><strong>minorum</strong></span> <span class='ocrx_word' id='word_1_75' title='bbox 270 1997 613 2074; x_wconf 84' lang='lat' dir='ltr'><strong>commissariorum</strong></span> <span class='ocrx_word' id='word_1_76' title='bbox 634 1995 748 2072; x_wconf 86' lang='lat' dir='ltr'><strong>frater</strong></span> <span class='ocrx_word' id='word_1_77' title='bbox 763 1995 953 2073; x_wconf 82' lang='lat' dir='ltr'><strong>lohannes</strong></span> <span class='ocrx_word' id='word_1_78' title='bbox 967 1995 1016 2072; x_wconf 93' lang='lat' dir='ltr'><strong>de</strong></span> <span class='ocrx_word' id='word_1_79' title='bbox 1032 1991 1157 2073; x_wconf 82' lang='lat' dir='ltr'><strong>sancto</strong></span> <span class='ocrx_word' id='word_1_80' title='bbox 1172 1996 1280 2100; x_wconf 89' lang='lat' dir='ltr'><strong>Lupo</strong></span> <span class='ocrx_word' id='word_1_81' title='bbox 1294 1996 1473 2083; x_wconf 88' lang='lat' dir='ltr'><strong>serviens,</strong></span> 
     </span>
     <span class='ocr_line' id='line_1_12' title="bbox 62 2125 1472 2231; baseline 0.003 -32"><span class='ocrx_word' id='word_1_82' title='bbox 62 2125 277 2202; x_wconf 87' lang='lat' dir='ltr'><strong>Parisiensis</strong></span> <span class='ocrx_word' id='word_1_83' title='bbox 297 2125 473 2213; x_wconf 85' lang='lat' dir='ltr'><strong>diocesis,</strong></span> <span class='ocrx_word' id='word_1_84' title='bbox 491 2126 596 2203; x_wconf 88' lang='lat' dir='ltr'><strong>testis</strong></span> <span class='ocrx_word' id='word_1_85' title='bbox 616 2125 888 2231; x_wconf 88' lang='lat' dir='ltr'><strong>suprajuratus,</strong></span> <span class='ocrx_word' id='word_1_86' title='bbox 901 2142 947 2202; x_wconf 87' lang='lat' dir='ltr'><strong>ut</strong></span> <span class='ocrx_word' id='word_1_87' title='bbox 965 2126 1170 2230; x_wconf 81' lang='lat' dir='ltr'><strong>deponeret</strong></span> <span class='ocrx_word' id='word_1_88' title='bbox 1187 2125 1329 2202; x_wconf 90' lang='lat' dir='ltr'><strong>dictum</strong></span> <span class='ocrx_word' id='word_1_89' title='bbox 1344 2153 1472 2219; x_wconf 91' lang='lat' dir='ltr'><strong>suum,</strong></span> 
     </span>
     <span class='ocr_line' id='line_1_13' title="bbox 61 2254 1473 2362; baseline 0.004 -34"><span class='ocrx_word' id='word_1_90' title='bbox 61 2254 407 2362; x_wconf 85' lang='lat' dir='ltr'><strong>quinquagenarius</strong></span> <span class='ocrx_word' id='word_1_91' title='bbox 422 2273 461 2332; x_wconf 88' lang='lat' dir='ltr'><strong>et</strong></span> <span class='ocrx_word' id='word_1_92' title='bbox 473 2256 587 2346; x_wconf 88' lang='lat' dir='ltr'><strong>ultra,</strong></span> <span class='ocrx_word' id='word_1_93' title='bbox 609 2283 685 2332; x_wconf 90' lang='lat' dir='ltr'><strong>uon</strong></span> <span class='ocrx_word' id='word_1_94' title='bbox 707 2254 894 2332; x_wconf 85' lang='lat' dir='ltr'><strong>defferens</strong></span> <span class='ocrx_word' id='word_1_95' title='bbox 913 2255 1135 2331; x_wconf 88' lang='lat' dir='ltr'><strong>mantellum</strong></span> <span class='ocrx_word' id='word_1_96' title='bbox 1151 2255 1309 2344; x_wconf 90' lang='lat' dir='ltr'><strong>ordinis,</strong></span> <span class='ocrx_word' id='word_1_97' title='bbox 1327 2257 1416 2361; x_wconf 79' lang='lat' dir='ltr'><strong>quia</strong></span> <span class='ocrx_word' id='word_1_98' title='bbox 1435 2259 1473 2334; x_wconf 88' lang='lat' dir='ltr'><strong>in</strong></span> 
     </span>
     <span class='ocr_line' id='line_1_14' title="bbox 61 2384 1473 2492; baseline 0.001 -30"><span class='ocrx_word' id='word_1_99' title='bbox 61 2384 220 2465; x_wconf 89' lang='lat' dir='ltr'><strong>concilio</strong></span> <span class='ocrx_word' id='word_1_100' title='bbox 246 2386 454 2467; x_wconf 90' lang='lat' dir='ltr'><strong>Senonensi</strong></span> <span class='ocrx_word' id='word_1_101' title='bbox 476 2414 563 2463; x_wconf 91' lang='lat' dir='ltr'><strong>cum</strong></span> <span class='ocrx_word' id='word_1_102' title='bbox 588 2384 764 2492; x_wconf 87' lang='lat' dir='ltr'><strong>pluribus</strong></span> <span class='ocrx_word' id='word_1_103' title='bbox 790 2384 874 2462; x_wconf 92' lang='lat' dir='ltr'><strong>aliis</strong></span> <span class='ocrx_word' id='word_1_104' title='bbox 899 2385 1042 2462; x_wconf 84' lang='lat' dir='ltr'><strong>dimisit</strong></span> <span class='ocrx_word' id='word_1_105' title='bbox 1068 2386 1209 2490; x_wconf 87' lang='lat' dir='ltr'><strong>ipsum;</strong></span> <span class='ocrx_word' id='word_1_106' title='bbox 1230 2388 1473 2490; x_wconf 85' lang='lat' dir='ltr'><strong>postmodum</strong></span> 
     </span>
    </p>

    <p class='ocr_par' dir='ltr' id='par_1_6' title="bbox 33 2514 1487 3399">
     <span class='ocr_line' id='line_1_15' title="bbox 33 2514 1472 2621; baseline 0.003 -31"><span class='ocrx_word' id='word_1_107' title='bbox 33 2568 36 2573; x_wconf 90' lang='lat'><em>-</em></span> <span class='ocrx_word' id='word_1_108' title='bbox 60 2515 146 2591; x_wconf 82' lang='lat' dir='ltr'><strong>lecit</strong></span> <span class='ocrx_word' id='word_1_109' title='bbox 160 2514 231 2593; x_wconf 91' lang='lat' dir='ltr'><strong>sibi</strong></span> <span class='ocrx_word' id='word_1_110' title='bbox 249 2516 331 2595; x_wconf 89' lang='lat' dir='ltr'><strong>radi</strong></span> <span class='ocrx_word' id='word_1_111' title='bbox 350 2516 522 2605; x_wconf 82' lang='lat' dir='ltr'><strong>barbam,</strong></span> <span class='ocrx_word' id='word_1_112' title='bbox 539 2533 577 2594; x_wconf 91' lang='lat' dir='ltr'><strong>et</strong></span> <span class='ocrx_word' id='word_1_113' title='bbox 591 2516 664 2594; x_wconf 86' lang='lat' dir='ltr'><strong>fuit</strong></span> <span class='ocrx_word' id='word_1_114' title='bbox 678 2515 908 2592; x_wconf 83' lang='lat' dir='ltr'><strong>examinatus</strong></span> <span class='ocrx_word' id='word_1_115' title='bbox 928 2532 967 2592; x_wconf 91' lang='lat' dir='ltr'><strong>et</strong></span> <span class='ocrx_word' id='word_1_116' title='bbox 984 2515 1180 2594; x_wconf 86' lang='lat' dir='ltr'><strong>absolutus</strong></span> <span class='ocrx_word' id='word_1_117' title='bbox 1192 2543 1262 2621; x_wconf 90' lang='lat' dir='ltr'><strong>per</strong></span> <span class='ocrx_word' id='word_1_118' title='bbox 1275 2515 1472 2594; x_wconf 89' lang='lat' dir='ltr'><strong>dominum</strong></span> 
     </span>
     <span class='ocr_line' id='line_1_16' title="bbox 60 2645 1473 2750; baseline 0.001 -29"><span class='ocrx_word' id='word_1_119' title='bbox 60 2645 276 2750; x_wconf 89' lang='lat' dir='ltr'><strong>episcopum</strong></span> <span class='ocrx_word' id='word_1_120' title='bbox 295 2646 559 2738; x_wconf 87' lang='lat' dir='ltr'><strong>Parisiensem,</strong></span> <span class='ocrx_word' id='word_1_121' title='bbox 580 2663 617 2724; x_wconf 86' lang='lat' dir='ltr'><strong>et</strong></span> <span class='ocrx_word' id='word_1_122' title='bbox 635 2645 708 2722; x_wconf 85' lang='lat' dir='ltr'><strong>luit</strong></span> <span class='ocrx_word' id='word_1_123' title='bbox 723 2661 949 2750; x_wconf 82' lang='lat' dir='ltr'><strong>protestatus</strong></span> <span class='ocrx_word' id='word_1_124' title='bbox 965 2645 1071 2750; x_wconf 91' lang='lat' dir='ltr'><strong>quod</strong></span> <span class='ocrx_word' id='word_1_125' title='bbox 1092 2672 1168 2721; x_wconf 91' lang='lat' dir='ltr'><strong>non</strong></span> <span class='ocrx_word' id='word_1_126' title='bbox 1187 2645 1406 2723; x_wconf 87' lang='lat' dir='ltr'><strong>intendebat</strong></span> <span class='ocrx_word' id='word_1_127' title='bbox 1421 2674 1473 2723; x_wconf 87' lang='lat' dir='ltr'><strong>re·</strong></span> 
     </span>
     <span class='ocr_line' id='line_1_17' title="bbox 59 2774 1470 2883; baseline 0.003 -32"><span class='ocrx_word' id='word_1_128' title='bbox 59 2775 192 2852; x_wconf 87' lang='lat' dir='ltr'><strong>cedere</strong></span> <span class='ocrx_word' id='word_1_129' title='bbox 213 2805 234 2853; x_wconf 89' lang='lat' dir='ltr'><strong>a</strong></span> <span class='ocrx_word' id='word_1_130' title='bbox 256 2778 501 2883; x_wconf 89' lang='lat' dir='ltr'><strong>deposicione</strong></span> <span class='ocrx_word' id='word_1_131' title='bbox 521 2806 590 2882; x_wconf 90' lang='lat' dir='ltr'><strong>per</strong></span> <span class='ocrx_word' id='word_1_132' title='bbox 604 2777 728 2881; x_wconf 90' lang='lat' dir='ltr'><strong>ipsum</strong></span> <span class='ocrx_word' id='word_1_133' title='bbox 745 2775 836 2852; x_wconf 83' lang='lat' dir='ltr'><strong>alias</strong></span> <span class='ocrx_word' id='word_1_134' title='bbox 855 2774 948 2852; x_wconf 85' lang='lat' dir='ltr'><strong>facta</strong></span> <span class='ocrx_word' id='word_1_135' title='bbox 964 2803 1088 2852; x_wconf 90' lang='lat' dir='ltr'><strong>coram</strong></span> <span class='ocrx_word' id='word_1_136' title='bbox 1103 2776 1258 2853; x_wconf 91' lang='lat' dir='ltr'><strong>domino</strong></span> <span class='ocrx_word' id='word_1_137' title='bbox 1276 2778 1470 2855; x_wconf 90' lang='lat' dir='ltr'><strong>Parisiensi</strong></span> 
     </span>
     <span class='ocr_line' id='line_1_18' title="bbox 59 2906 1470 3012; baseline 0.001 -30"><span class='ocrx_word' id='word_1_138' title='bbox 59 2906 243 3012; x_wconf 88' lang='lat' dir='ltr'><strong>episcopo.</strong></span> <span class='ocrx_word' id='word_1_139' title='bbox 271 2908 392 2984; x_wconf 89' lang='lat' dir='ltr'><strong>Lectis</strong></span> <span class='ocrx_word' id='word_1_140' title='bbox 411 2924 539 2985; x_wconf 88' lang='lat' dir='ltr'><strong>autem</strong></span> <span class='ocrx_word' id='word_1_141' title='bbox 559 2924 597 2985; x_wconf 91' lang='lat' dir='ltr'><strong>et</strong></span> <span class='ocrx_word' id='word_1_142' title='bbox 619 2906 819 3012; x_wconf 82' lang='lat' dir='ltr'><strong>diligenter</strong></span> <span class='ocrx_word' id='word_1_143' title='bbox 845 2907 1020 3012; x_wconf 85' lang='lat' dir='ltr'><strong>expositis</strong></span> <span class='ocrx_word' id='word_1_144' title='bbox 1039 2906 1111 2984; x_wconf 90' lang='lat' dir='ltr'><strong>sibi</strong></span> <span class='ocrx_word' id='word_1_145' title='bbox 1138 2906 1314 2983; x_wconf 90' lang='lat' dir='ltr'><strong>omnibus</strong></span> <span class='ocrx_word' id='word_1_146' title='bbox 1334 2926 1371 2984; x_wconf 88' lang='lat' dir='ltr'><strong>et</strong></span> <span class='ocrx_word' id='word_1_147' title='bbox 1394 2908 1470 2984; x_wconf 89' lang='lat' dir='ltr'><strong>sin·</strong></span> 
     </span>
     <span class='ocr_line' id='line_1_19' title="bbox 56 3034 1469 3142; baseline 0.003 -31"><span class='ocrx_word' id='word_1_148' title='bbox 56 3034 153 3138; x_wconf 83' lang='lat' dir='ltr'><strong>gulis</strong></span> <span class='ocrx_word' id='word_1_149' title='bbox 172 3035 354 3125; x_wconf 80' lang='lat' dir='ltr'><strong>articulis,</strong></span> <span class='ocrx_word' id='word_1_150' title='bbox 378 3037 575 3142; x_wconf 89' lang='lat' dir='ltr'><strong>respondit</strong></span> <span class='ocrx_word' id='word_1_151' title='bbox 593 3038 641 3113; x_wconf 89' lang='lat' dir='ltr'><strong>ad</strong></span> <span class='ocrx_word' id='word_1_152' title='bbox 661 3064 736 3124; x_wconf 89' lang='lat' dir='ltr'><strong>eos,</strong></span> <span class='ocrx_word' id='word_1_153' title='bbox 759 3053 797 3113; x_wconf 91' lang='lat' dir='ltr'><strong>et</strong></span> <span class='ocrx_word' id='word_1_154' title='bbox 816 3037 940 3142; x_wconf 90' lang='lat' dir='ltr'><strong>primo</strong></span> <span class='ocrx_word' id='word_1_155' title='bbox 959 3038 1008 3112; x_wconf 87' lang='lat' dir='ltr'><strong>ad</strong></span> <span class='ocrx_word' id='word_1_156' title='bbox 1023 3037 1166 3142; x_wconf 88' lang='lat' dir='ltr'><strong>primos</strong></span> <span class='ocrx_word' id='word_1_157' title='bbox 1184 3064 1249 3123; x_wconf 86' lang='lat' dir='ltr'><strong>rm,</strong></span> <span class='ocrx_word' id='word_1_158' title='bbox 1266 3064 1308 3113; x_wconf 85' lang='lat' dir='ltr'><strong>se</strong></span> <span class='ocrx_word' id='word_1_159' title='bbox 1328 3040 1469 3115; x_wconf 88' lang='lat' dir='ltr'><strong>nescire</strong></span> 
     </span>
     <span class='ocr_line' id='line_1_20' title="bbox 57 3162 1468 3273; baseline 0.003 -34"><span class='ocrx_word' id='word_1_160' title='bbox 57 3162 90 3239; x_wconf 85' lang='lat' dir='ltr'><strong>si</strong></span> <span class='ocrx_word' id='word_1_161' title='bbox 114 3162 310 3269; x_wconf 86' lang='lat' dir='ltr'><strong>inordina</strong></span> <span class='ocrx_word' id='word_1_162' title='bbox 334 3164 575 3241; x_wconf 85' lang='lat' dir='ltr'><strong>servabantur</strong></span> <span class='ocrx_word' id='word_1_163' title='bbox 597 3181 774 3242; x_wconf 86' lang='lat' dir='ltr'><strong>contenta</strong></span> <span class='ocrx_word' id='word_1_164' title='bbox 795 3165 834 3242; x_wconf 90' lang='lat' dir='ltr'><strong>in</strong></span> <span class='ocrx_word' id='word_1_165' title='bbox 865 3165 973 3243; x_wconf 88' lang='lat' dir='ltr'><strong>dictis</strong></span> <span class='ocrx_word' id='word_1_166' title='bbox 996 3191 1048 3242; x_wconf 87' lang='lat' dir='ltr'><strong>uu</strong></span> <span class='ocrx_word' id='word_1_167' title='bbox 1075 3165 1254 3273; x_wconf 85' lang='lat' dir='ltr'><strong>articulis,</strong></span> <span class='ocrx_word' id='word_1_168' title='bbox 1283 3166 1468 3271; x_wconf 88' lang='lat' dir='ltr'><strong>quianon</strong></span> 
     </span>
     <span class='ocr_line' id='line_1_21' title="bbox 55 3289 1487 3399; baseline 0.005 -33"><span class='ocrx_word' id='word_1_169' title='bbox 55 3289 274 3369; x_wconf 87' lang='lat' dir='ltr'><strong>interfuerat</strong></span> <span class='ocrx_word' id='word_1_170' title='bbox 297 3293 579 3398; x_wconf 89' lang='lat' dir='ltr'><strong>recepcionibus</strong></span> <span class='ocrx_word' id='word_1_171' title='bbox 603 3293 782 3386; x_wconf 89' lang='lat' dir='ltr'><strong>aliorum,</strong></span> <span class='ocrx_word' id='word_1_172' title='bbox 808 3294 880 3372; x_wconf 90' lang='lat' dir='ltr'><strong>nisi</strong></span> <span class='ocrx_word' id='word_1_173' title='bbox 905 3294 1115 3399; x_wconf 75' lang='lat' dir='ltr'><strong>receptioni</strong></span> <span class='ocrx_word' id='word_1_174' title='bbox 1143 3294 1267 3372; x_wconf 86' lang='lat' dir='ltr'><strong>fratris</strong></span> <span class='ocrx_word' id='word_1_175' title='bbox 1289 3296 1487 3373; x_wconf 87' lang='lat' dir='ltr'><strong>Johannis·</strong></span> 
     </span>
    </p>
   </div>
   <div class='ocr_carea' id='block_1_5' title="bbox 54 3421 1598 3530">
    <p class='ocr_par' dir='ltr' id='par_1_7' title="bbox 54 3421 1598 3530">
     <span class='ocr_line' id='line_1_22' title="bbox 54 3421 1598 3530; baseline 0.003 -32"><span class='ocrx_word' id='word_1_176' title='bbox 54 3421 101 3498; x_wconf 92' lang='lat' dir='ltr'><strong>de</strong></span> <span class='ocrx_word' id='word_1_177' title='bbox 131 3421 391 3529; x_wconf 83' lang='lat' dir='ltr'><strong>Buffoymont,</strong></span> <span class='ocrx_word' id='word_1_178' title='bbox 417 3423 610 3530; x_wconf 85' lang='lat' dir='ltr'><strong>quondam</strong></span> <span class='ocrx_word' id='word_1_179' title='bbox 640 3425 859 3503; x_wconf 86' lang='lat' dir='ltr'><strong>Parisiensis</strong></span> <span class='ocrx_word' id='word_1_180' title='bbox 884 3425 1061 3511; x_wconf 85' lang='lat' dir='ltr'><strong>diocesis,</strong></span> <span class='ocrx_word' id='word_1_181' title='bbox 1088 3426 1154 3530; x_wconf 91' lang='lat' dir='ltr'><strong>qui</strong></span> <span class='ocrx_word' id='word_1_182' title='bbox 1182 3423 1254 3501; x_wconf 86' lang='lat' dir='ltr'><strong>fuit</strong></span> <span class='ocrx_word' id='word_1_183' title='bbox 1277 3444 1464 3530; x_wconf 87' lang='lat' dir='ltr'><strong>receptus,</strong></span> <span class='ocrx_word' id='word_1_184' title='bbox 1595 3428 1598 3433; x_wconf 72' lang='grc'><strong>’</strong></span> 
     </span>
    </p>
   </div>
   <div class='ocr_carea' id='block_1_6' title="bbox 43 3552 1466 4965">
    <p class='ocr_par' dir='ltr' id='par_1_8' title="bbox 43 3552 1466 4965">
     <span class='ocr_line' id='line_1_23' title="bbox 54 3552 1465 3661; baseline 0.004 -37"><span class='ocrx_word' id='word_1_185' title='bbox 54 3578 139 3629; x_wconf 91' lang='lat' dir='ltr'><strong>cum</strong></span> <span class='ocrx_word' id='word_1_186' title='bbox 157 3552 239 3656; x_wconf 91' lang='lat' dir='ltr'><strong>ipso</strong></span> <span class='ocrx_word' id='word_1_187' title='bbox 257 3570 373 3647; x_wconf 89' lang='lat' dir='ltr'><strong>teste,</strong></span> <span class='ocrx_word' id='word_1_188' title='bbox 396 3553 434 3630; x_wconf 92' lang='lat' dir='ltr'><strong>in</strong></span> <span class='ocrx_word' id='word_1_189' title='bbox 452 3554 592 3661; x_wconf 90' lang='lat' dir='ltr'><strong>capella</strong></span> <span class='ocrx_word' id='word_1_190' title='bbox 611 3555 750 3633; x_wconf 89' lang='lat' dir='ltr'><strong>domus</strong></span> <span class='ocrx_word' id='word_1_191' title='bbox 768 3554 918 3660; x_wconf 90' lang='lat' dir='ltr'><strong>Templi</strong></span> <span class='ocrx_word' id='word_1_192' title='bbox 940 3554 987 3631; x_wconf 89' lang='lat' dir='ltr'><strong>de</strong></span> <span class='ocrx_word' id='word_1_193' title='bbox 1010 3555 1221 3660; x_wconf 82' lang='lat' dir='ltr'><strong>Latiguiaco</strong></span> <span class='ocrx_word' id='word_1_194' title='bbox 1241 3554 1347 3631; x_wconf 85' lang='lat' dir='ltr'><strong>Sicco</strong></span> <span class='ocrx_word' id='word_1_195' title='bbox 1372 3557 1465 3631; x_wconf 90' lang='lat' dir='ltr'><strong>Mel-</strong></span> 
     </span>
     <span class='ocr_line' id='line_1_24' title="bbox 54 3679 1466 3791; baseline 0.004 -36"><span class='ocrx_word' id='word_1_196' title='bbox 54 3679 179 3756; x_wconf 90' lang='lat' dir='ltr'><strong>densis</strong></span> <span class='ocrx_word' id='word_1_197' title='bbox 199 3680 371 3770; x_wconf 88' lang='lat' dir='ltr'><strong>diocesis,</strong></span> <span class='ocrx_word' id='word_1_198' title='bbox 395 3685 432 3759; x_wconf 92' lang='lat' dir='ltr'><strong>in</strong></span> <span class='ocrx_word' id='word_1_199' title='bbox 455 3686 676 3791; x_wconf 89' lang='lat' dir='ltr'><strong>carniprivio</strong></span> <span class='ocrx_word' id='word_1_200' title='bbox 699 3685 850 3761; x_wconf 86' lang='lat' dir='ltr'><strong>instanti</strong></span> <span class='ocrx_word' id='word_1_201' title='bbox 870 3701 984 3759; x_wconf 88' lang='lat' dir='ltr'><strong>erunt</strong></span> <span class='ocrx_word' id='word_1_202' title='bbox 1007 3710 1054 3760; x_wconf 83' lang='lat' dir='ltr'><strong>xx</strong></span> <span class='ocrx_word' id='word_1_203' title='bbox 1078 3685 1164 3759; x_wconf 88' lang='lat' dir='ltr'><strong>anni</strong></span> <span class='ocrx_word' id='word_1_204' title='bbox 1188 3685 1247 3761; x_wconf 70' lang='lat' dir='ltr'><strong>¹rel</strong></span> <span class='ocrx_word' id='word_1_205' title='bbox 1268 3685 1377 3775; x_wconf 86' lang='lat' dir='ltr'><strong>circa,</strong></span> <span class='ocrx_word' id='word_1_206' title='bbox 1398 3710 1466 3790; x_wconf 90' lang='lat' dir='ltr'><strong>per</strong></span> 
     </span>
     <span class='ocr_line' id='line_1_25' title="bbox 52 3806 1463 3919; baseline 0.007 -38"><span class='ocrx_word' id='word_1_207' title='bbox 52 3806 204 3884; x_wconf 81' lang='lat' dir='ltr'><strong>fratrem</strong></span> <span class='ocrx_word' id='word_1_208' title='bbox 224 3808 417 3886; x_wconf 88' lang='lat' dir='ltr'><strong>Nicolaum</strong></span> <span class='ocrx_word' id='word_1_209' title='bbox 436 3812 629 3919; x_wconf 84' lang='lat' dir='ltr'><strong>Flamengi</strong></span> <span class='ocrx_word' id='word_1_210' title='bbox 653 3812 974 3890; x_wconf 89' lang='lat' dir='ltr'><strong>locumtenentem</strong></span> <span class='ocrx_word' id='word_1_211' title='bbox 994 3813 1213 3889; x_wconf 88' lang='lat' dir='ltr'><strong>thesaurarii</strong></span> <span class='ocrx_word' id='word_1_212' title='bbox 1233 3816 1463 3903; x_wconf 86' lang='lat' dir='ltr'><strong>Parisiensis,</strong></span> 
     </span>
     <span class='ocr_line' id='line_1_26' title="bbox 51 3935 1466 4048; baseline 0.006 -33"><span class='ocrx_word' id='word_1_213' title='bbox 51 3936 287 4042; x_wconf 87' lang='lat' dir='ltr'><strong>presentibus</strong></span> <span class='ocrx_word' id='word_1_214' title='bbox 298 3935 474 4017; x_wconf 77' lang='lat' dir='ltr'><strong>fratribus</strong></span> <span class='ocrx_word' id='word_1_215' title='bbox 489 3941 694 4047; x_wconf 84' lang='lat' dir='ltr'><strong>Reginaldo</strong></span> <span class='ocrx_word' id='word_1_216' title='bbox 706 3942 897 4048; x_wconf 83' lang='lat' dir='ltr'><strong>capellano</strong></span> <span class='ocrx_word' id='word_1_217' title='bbox 908 3943 1052 4019; x_wconf 86' lang='lat' dir='ltr'><strong>ordinis</strong></span> <span class='ocrx_word' id='word_1_218' title='bbox 1068 3944 1107 4019; x_wconf 92' lang='lat' dir='ltr'><strong>in</strong></span> <span class='ocrx_word' id='word_1_219' title='bbox 1122 3944 1219 4021; x_wconf 88' lang='lat' dir='ltr'><strong>dicta</strong></span> <span class='ocrx_word' id='word_1_220' title='bbox 1235 3945 1362 4032; x_wconf 84' lang='lat' dir='ltr'><strong>domo,</strong></span> <span class='ocrx_word' id='word_1_221' title='bbox 1373 3947 1466 4023; x_wconf 83' lang='lat' dir='ltr'><strong>Deo</strong></span> 
     </span>
     <span class='ocr_line' id='line_1_27' title="bbox 51 4065 1465 4164; baseline 0.006 -23"><span class='ocrx_word' id='word_1_222' title='bbox 51 4065 136 4143; x_wconf 87' lang='lat' dir='ltr'><strong>dato</strong></span> <span class='ocrx_word' id='word_1_223' title='bbox 158 4066 318 4147; x_wconf 81' lang='lat' dir='ltr'><strong>Radulfo</strong></span> <span class='ocrx_word' id='word_1_224' title='bbox 338 4068 386 4146; x_wconf 90' lang='lat' dir='ltr'><strong>de</strong></span> <span class='ocrx_word' id='word_1_225' title='bbox 401 4069 611 4159; x_wconf 83' lang='lat' dir='ltr'><strong>Ardivilier,</strong></span> <span class='ocrx_word' id='word_1_226' title='bbox 632 4088 670 4147; x_wconf 91' lang='lat' dir='ltr'><strong>et</strong></span> <span class='ocrx_word' id='word_1_227' title='bbox 683 4071 833 4149; x_wconf 87' lang='lat' dir='ltr'><strong>Nicolao</strong></span> <span class='ocrx_word' id='word_1_228' title='bbox 853 4072 901 4149; x_wconf 91' lang='lat' dir='ltr'><strong>de</strong></span> <span class='ocrx_word' id='word_1_229' title='bbox 921 4071 1087 4150; x_wconf 83' lang='lat' dir='ltr'><strong>Puteolis</strong></span> <span class='ocrx_word' id='word_1_230' title='bbox 1101 4073 1363 4164; x_wconf 81' lang='lat' dir='ltr'><strong>servientibus,</strong></span> <span class='ocrx_word' id='word_1_231' title='bbox 1383 4075 1465 4152; x_wconf 85' lang='lat' dir='ltr'><strong>des-</strong></span> 
     </span>
     <span class='ocr_line' id='line_1_28' title="bbox 49 4193 1461 4309; baseline 0.009 -40"><span class='ocrx_word' id='word_1_232' title='bbox 49 4193 200 4286; x_wconf 87' lang='lat' dir='ltr'><strong>functis,</strong></span> <span class='ocrx_word' id='word_1_233' title='bbox 218 4197 285 4303; x_wconf 91' lang='lat' dir='ltr'><strong>qui</strong></span> <span class='ocrx_word' id='word_1_234' title='bbox 301 4199 441 4304; x_wconf 90' lang='lat' dir='ltr'><strong>recepti</strong></span> <span class='ocrx_word' id='word_1_235' title='bbox 460 4196 616 4278; x_wconf 84' lang='lat' dir='ltr'><strong>luerunt</strong></span> <span class='ocrx_word' id='word_1_236' title='bbox 632 4200 672 4278; x_wconf 91' lang='lat' dir='ltr'><strong>iu</strong></span> <span class='ocrx_word' id='word_1_237' title='bbox 693 4203 795 4280; x_wconf 89' lang='lat' dir='ltr'><strong>hunc</strong></span> <span class='ocrx_word' id='word_1_238' title='bbox 813 4200 991 4280; x_wconf 88' lang='lat' dir='ltr'><strong>modum:</strong></span> <span class='ocrx_word' id='word_1_239' title='bbox 1011 4230 1097 4279; x_wconf 88' lang='lat' dir='ltr'><strong>narn</strong></span> <span class='ocrx_word' id='word_1_240' title='bbox 1116 4203 1313 4308; x_wconf 84' lang='lat' dir='ltr'><strong>pecierunt</strong></span> <span class='ocrx_word' id='word_1_241' title='bbox 1327 4232 1461 4309; x_wconf 82' lang='lat' dir='ltr'><strong>panem</strong></span> 
     </span>
     <span class='ocr_line' id='line_1_29' title="bbox 49 4327 1462 4442; baseline 0.008 -41"><span class='ocrx_word' id='word_1_242' title='bbox 49 4341 87 4401; x_wconf 84' lang='lat' dir='ltr'><strong>et</strong></span> <span class='ocrx_word' id='word_1_243' title='bbox 105 4353 240 4429; x_wconf 87' lang='lat' dir='ltr'><strong>aquam</strong></span> <span class='ocrx_word' id='word_1_244' title='bbox 257 4327 418 4421; x_wconf 88' lang='lat' dir='ltr'><strong>ordinis,</strong></span> <span class='ocrx_word' id='word_1_245' title='bbox 442 4348 480 4408; x_wconf 88' lang='lat' dir='ltr'><strong>et</strong></span> <span class='ocrx_word' id='word_1_246' title='bbox 498 4348 671 4437; x_wconf 88' lang='lat' dir='ltr'><strong>receptor</strong></span> <span class='ocrx_word' id='word_1_247' title='bbox 689 4333 871 4411; x_wconf 87' lang='lat' dir='ltr'><strong>concessit</strong></span> <span class='ocrx_word' id='word_1_248' title='bbox 890 4333 944 4409; x_wconf 90' lang='lat' dir='ltr'><strong>eis</strong></span> <span class='ocrx_word' id='word_1_249' title='bbox 963 4335 1180 4412; x_wconf 85' lang='lat' dir='ltr'><strong>auctoritate</strong></span> <span class='ocrx_word' id='word_1_250' title='bbox 1203 4334 1272 4412; x_wconf 91' lang='lat' dir='ltr'><strong>Dei</strong></span> <span class='ocrx_word' id='word_1_251' title='bbox 1295 4353 1334 4411; x_wconf 85' lang='lat' dir='ltr'><strong>et</strong></span> <span class='ocrx_word' id='word_1_252' title='bbox 1352 4364 1462 4442; x_wconf 87' lang='lat' dir='ltr'><strong>supe-</strong></span> 
     </span>
     <span class='ocr_line' id='line_1_30' title="bbox 45 4452 1463 4573; baseline 0.01 -43"><span class='ocrx_word' id='word_1_253' title='bbox 45 4452 190 4531; x_wconf 89' lang='lat' dir='ltr'><strong>riorum</strong></span> <span class='ocrx_word' id='word_1_254' title='bbox 207 4484 383 4551; x_wconf 90' lang='lat' dir='ltr'><strong>suorum,</strong></span> <span class='ocrx_word' id='word_1_255' title='bbox 397 4459 464 4566; x_wconf 83' lang='lat' dir='ltr'><strong>qui</strong></span> <span class='ocrx_word' id='word_1_256' title='bbox 475 4459 658 4569; x_wconf 84' lang='lat' dir='ltr'><strong>dederant</strong></span> <span class='ocrx_word' id='word_1_257' title='bbox 668 4463 705 4540; x_wconf 92' lang='lat' dir='ltr'><strong>ei</strong></span> <span class='ocrx_word' id='word_1_258' title='bbox 718 4474 942 4568; x_wconf 84' lang='lat' dir='ltr'><strong>potestatem</strong></span> <span class='ocrx_word' id='word_1_259' title='bbox 957 4463 1164 4569; x_wconf 90' lang='lat' dir='ltr'><strong>recipiendi</strong></span> <span class='ocrx_word' id='word_1_260' title='bbox 1178 4465 1348 4557; x_wconf 79' lang='lat' dir='ltr'><strong>eosdem3</strong></span> <span class='ocrx_word' id='word_1_261' title='bbox 1362 4485 1463 4573; x_wconf 92' lang='lat' dir='ltr'><strong>post·</strong></span> 
     </span>
     <span class='ocr_line' id='line_1_31' title="bbox 45 4582 1459 4705; baseline 0.011 -46"><span class='ocrx_word' id='word_1_262' title='bbox 45 4582 204 4661; x_wconf 90' lang='lat' dir='ltr'><strong>modum</strong></span> <span class='ocrx_word' id='word_1_263' title='bbox 224 4585 311 4664; x_wconf 86' lang='lat' dir='ltr'><strong>fecit</strong></span> <span class='ocrx_word' id='word_1_264' title='bbox 336 4616 400 4667; x_wconf 88' lang='lat' dir='ltr'><strong>eos</strong></span> <span class='ocrx_word' id='word_1_265' title='bbox 419 4617 552 4668; x_wconf 87' lang='lat' dir='ltr'><strong>vovere</strong></span> <span class='ocrx_word' id='word_1_266' title='bbox 572 4608 616 4668; x_wconf 90' lang='lat' dir='ltr'><strong>et</strong></span> <span class='ocrx_word' id='word_1_267' title='bbox 626 4591 757 4699; x_wconf 89' lang='lat' dir='ltr'><strong>jurare</strong></span> <span class='ocrx_word' id='word_1_268' title='bbox 780 4621 896 4700; x_wconf 85' lang='lat' dir='ltr'><strong>super</strong></span> <span class='ocrx_word' id='word_1_269' title='bbox 915 4594 1105 4700; x_wconf 88' lang='lat' dir='ltr'><strong>quendam</strong></span> <span class='ocrx_word' id='word_1_270' title='bbox 1124 4595 1265 4674; x_wconf 91' lang='lat' dir='ltr'><strong>librum</strong></span> <span class='ocrx_word' id='word_1_271' title='bbox 1289 4611 1459 4705; x_wconf 84' lang='lat' dir='ltr'><strong>apertum</strong></span> 
     </span>
     <span class='ocr_line' id='line_1_32' title="bbox 43 4713 1460 4831; baseline 0.011 -38"><span class='ocrx_word' id='word_1_272' title='bbox 43 4713 265 4805; x_wconf 79' lang='lat' dir='ltr'><strong>castitatem,</strong></span> <span class='ocrx_word' id='word_1_273' title='bbox 288 4717 569 4808; x_wconf 85' lang='lat' dir='ltr'><strong>obedienciam,</strong></span> <span class='ocrx_word' id='word_1_274' title='bbox 596 4738 634 4799; x_wconf 85' lang='lat' dir='ltr'><strong>et</strong></span> <span class='ocrx_word' id='word_1_275' title='bbox 659 4723 781 4804; x_wconf 82' lang='lat' dir='ltr'><strong>rivere</strong></span> <span class='ocrx_word' id='word_1_276' title='bbox 807 4723 890 4803; x_wconf 87' lang='lat' dir='ltr'><strong>sine</strong></span> <span class='ocrx_word' id='word_1_277' title='bbox 917 4725 1085 4831; x_wconf 90' lang='lat' dir='ltr'><strong>proprio,</strong></span> <span class='ocrx_word' id='word_1_278' title='bbox 1107 4744 1146 4803; x_wconf 90' lang='lat' dir='ltr'><strong>et</strong></span> <span class='ocrx_word' id='word_1_279' title='bbox 1173 4752 1316 4806; x_wconf 76' lang='lat' dir='ltr'><strong>serrare</strong></span> <span class='ocrx_word' id='word_1_280' title='bbox 1339 4727 1460 4808; x_wconf 90' lang='lat' dir='ltr'><strong>bonos</strong></span> 
     </span>
     <span class='ocr_line' id='line_1_33' title="bbox 47 4833 1458 4965; baseline 0.013 -45"><span class='ocrx_word' id='word_1_281' title='bbox 47 4871 137 4922; x_wconf 89' lang='lat' dir='ltr'><strong>usus</strong></span> <span class='ocrx_word' id='word_1_282' title='bbox 154 4862 192 4922; x_wconf 87' lang='lat' dir='ltr'><strong>et</strong></span> <span class='ocrx_word' id='word_1_283' title='bbox 207 4846 329 4926; x_wconf 84' lang='lat' dir='ltr'><strong>bonas</strong></span> <span class='ocrx_word' id='word_1_284' title='bbox 344 4851 643 4934; x_wconf 84' lang='lat' dir='ltr'><strong>consuetudines</strong></span> <span class='ocrx_word' id='word_1_285' title='bbox 654 4833 808 4933; x_wconf 84' lang='lat' dir='ltr'><strong>ordinis.</strong></span> <span class='ocrx_word' id='word_1_286' title='bbox 825 4855 1072 4935; x_wconf 77' lang='lat' dir='ltr'><strong>Postmodum</strong></span> <span class='ocrx_word' id='word_1_287' title='bbox 1088 4854 1267 4965; x_wconf 87' lang='lat' dir='ltr'><strong>imposuit</strong></span> <span class='ocrx_word' id='word_1_288' title='bbox 1283 4860 1339 4938; x_wconf 92' lang='lat' dir='ltr'><strong>eis</strong></span> <span class='ocrx_word' id='word_1_289' title='bbox 1353 4889 1458 4938; x_wconf 90' lang='lat' dir='ltr'><strong>man-</strong></span> 
     </span>
    </p>
   </div>
   <div class='ocr_carea' id='block_1_7' title="bbox 0 0 2044 6052">
    <p class='ocr_par' dir='ltr' id='par_1_9' title="bbox 0 0 2044 6052">
     <span class='ocr_line' id='line_1_34' title="bbox 0 0 2044 6052; baseline 0 9"><span class='ocrx_word' id='word_1_290' title='bbox 0 0 2044 6052; x_wconf 95' lang='lat' dir='ltr'><strong> </strong></span> 
     </span>
    </p>
   </div>
  </div>
 </body>
</html>
