4080 6052
691 529 888 622 anonas
915 547 1008 618 nas
1033 547 1329 620 ιιιιιιιιιιιι.
1588 580 1591 587 ·
1644 552 1717 623 ass

306 695 436 779 stium,
453 719 555 792 cuna,
573 705 615 766 ut
632 689 821 779 dicebant,
833 704 957 765 essent
972 714 1017 764 ex
1034 688 1088 764 eis
1104 687 1221 794 aliqui
1233 716 1329 796 quos
1341 716 1419 765 non
1433 687 1638 767 noscebant
1652 718 1720 765 nec

307 821 511 918 credebant·
527 847 608 896 esse
632 801 878 926 Templarios.
904 819 952 894 Et
977 816 1142 923 prefatus
1165 799 1331 896 Thomas
1351 819 1398 895 de
1419 816 1605 896 Chamino
1629 816 1722 892 dixit

305 952 447 1030 ibidem
471 979 596 1056 coram
626 949 735 1027 dictis
759 948 923 1026 dominis
949 949 1211 1025 commissariis
1235 950 1360 1055 qnod,
1382 977 1469 1024 cum
1498 949 1578 1052 ipse
1600 975 1722 1053 nuper
1766 981 1769 984 ⁴

304 1061 436 1160 sciisset
453 1080 494 1158 in
512 1080 687 1165 viridario
708 1079 851 1158 domini
872 1079 1035 1184 episcopi
1054 1079 1270 1157 Parisiensis
1287 1079 1385 1158 inter
1398 1079 1489 1156 alios
1506 1078 1573 1185 qui
1594 1077 1722 1154 delen·

306 1215 402 1291 aiom
392 1213 512 1289 dicti
534 1211 676 1287 ordinis
694 1238 734 1287 se
752 1209 1019 1306 obtulerants
1009 1238 1088 1314 rpse
1107 1227 1235 1287 tamen
1253 1238 1336 1287 non
1356 1208 1449 1297 vult,
1471 1236 1541 1285 nec
1560 1208 1722 1285 intendit

308 1333 482 1419 ordinem
497 1341 698 1446 defendere
721 1339 987 1444 supradictum.
1002 1339 1155 1466 Quibus
1176 1341 1354 1473 peractis,
1376 1363 1462 1415 cum
1488 1337 1607 1480 major
1638 1366 1722 1441 pars

309 1472 563 1577 predictorum
588 1436 838 1547 dominorum
852 1461 1193 1548 commissariorum
1214 1475 1368 1575 propter
1393 1466 1616 1544 necessarias
1637 1494 1723 1543 cau-

307 1629 380 1686 sas,
402 1617 446 1676 ut
467 1599 656 1688 dicebant,
678 1599 896 1677 habuerunt
910 1600 1103 1687 recedere,
1127 1626 1205 1675 nec
1221 1613 1375 1704 possent
1396 1596 1474 1706 ipsa
1498 1595 1560 1672 die
1585 1596 1723 1671 exami-

307 1730 451 1808 naciom
442 1730 659 1808 dictorum
684 1731 840 1809 testium
868 1757 1013 1817 vacare,
1038 1729 1350 1863 continuaverunt
1375 1727 1513 1834 dictam
1544 1724 1645 1848 diem
1676 1724 1724 1799 ad

308 1860 414 1938 diem
430 1861 605 1938 Mercurii
625 1876 857 1967 sequentem.
1134 1869 1137 1874 ’

364 1989 452 2065 Acta
467 1989 626 2067 luerunt
644 1991 714 2067 hec
732 1989 909 2095 predictis
932 1989 994 2065 die
1018 2005 1055 2066 ct
1077 1988 1177 2075 loco,
1199 2015 1267 2094 per
1286 1989 1405 2066 dictos
1425 1988 1599 2104 dominos
1620 2015 1724 2063 com-

312 2118 514 2205 missarios,
528 2118 765 2225 presentibus
783 2116 847 2195 ιιιι
860 2119 1112 2196 Floriamontc
1126 2118 1328 2223 'Dondedei
1347 2134 1384 2194 ct
1400 2117 1481 2224 aliis
1497 2117 1651 2194 notariis
1670 2146 1726 2193 su·
1829 2204 1832 2209 ,
1874 2196 1876 2201 ,

312 2275 379 2352 pra
395 2247 530 2325 ultimo
544 2247 754 2334 nominatis,
776 2274 818 2322 ac
833 2247 1007 2351 magistro
1022 2245 1163 2322 Amisio
1178 2246 1438 2338 archidiacono
1452 2246 1722 2323 Aurelianensi.

370 2510 458 2584 Post
480 2485 570 2595 hec,
597 2507 694 2583 dicta
717 2508 779 2584 die
804 2506 1001 2595 Mercurii,
1030 2534 1105 2611 que
1129 2502 1203 2582 suit
1226 2520 1327 2581 sexta
1350 2504 1432 2612 dies
1455 2505 1594 2580 mensis
1618 2504 1725 2591 Maii,

310 2627 567 2715 'convenerunt
588 2637 630 2712 ιιιΙ
654 2636 752 2740 dicta
780 2636 920 2742 capella
943 2637 1057 2713 sancti
1081 2635 1206 2740 Elligii
1223 2633 1355 2739 prefati
1385 2634 1527 2710 domini
1555 2627 1728 2710 commis-

314 2767 415 2856 sarii,
438 2766 599 2872 exceptis
624 2765 787 2843 dominis
802 2764 1036 2843 Narbonensi
1060 2780 1097 2841 et
1114 2763 1305 2872 Bajocensi
1328 2792 1440 2869 supra
1465 2764 1666 2871 onomatis,
1692 2779 1730 2839 ιι

314 2895 427 2974 rediit
458 2896 506 2972 ad
538 2898 669 2982 eorum
701 2880 939 3000 presenciam*
959 2892 1124 3000 prelatus
1148 2893 1389 3001 Raymondus
1417 2893 1464 2968 de
1485 2881 1728 2971 'Vassiniacho

316 3025 444 3113 miles,
476 3024 524 3100 ad
553 3024 820 3129 deponendum
835 3025 995 3104 dictum
1010 3029 1154 3112 suum,
1179 3023 1219 3098 in
1243 3013 1375 3099 habitu
1401 3021 1531 3099 militis
1553 3022 1729 3109 secularis

318 3154 498 3240 existens,
524 3152 639 3243 barba
663 3181 763 3241 rasa,
795 3154 923 3240 etatis,
950 3170 994 3231 ut
1017 3138 1128 3241 dixit,
1159 3179 1414 3230 tirannorum
1438 3151 1496 3227 tel
1521 3152 1626 3228 circa.
1648 3153 1728 3259 'Qui

316 3280 519 3388 requisitus
538 3282 809 3388 superprimo,
830 3311 873 3375 ιι,
895 3310 935 3360 ιιι
953 3299 992 3360 ιι
1012 3297 1091 3381 1111⁰j
1100 3283 1265 3360 articulis
1285 3281 1619 3388 deabnegacione,
1641 3297 1728 3370 etc,

315 3411 511 3517 respondit
528 3413 632 3519 quod
649 3413 729 3519 ipse
747 3432 921 3519 receptus
937 3413 1059 3491 fuerat
1070 3414 1114 3490 'in
1135 3408 1249 3502 domo
1264 3413 1413 3517 Templi
1433 3413 1539 3490 castri
1561 3413 1731 3488 Lemovi-

317 3542 436 3621 censis
454 3548 476 3645 a
495 3542 608 3620 fratre
626 3543 817 3622 Francone
842 3546 889 3623 de
914 3546 1006 3622 Βοιι
1027 3544 1147 3621 milite
1168 3543 1317 3648 Templi
1340 3543 1514 3648 predicti,
1537 3525 1628 3618 tunc
1646 3570 1732 3646 pre-·

318 3688 466 3775 ceptore
492 3673 663 3751 Alvemie
688 3691 731 3752 et·
746 3676 1007 3764 Lemovicum,
1027 3690 1065 3751 et
1085 3675 1124 3750 in
1150 3673 1232 3779 ejus
1255 3674 1480 3783 recepcione·
1497 3671 1586 3749 iecit
1602 3672 1730 3778 jurare

318 3802 443 3905 ipsum
465 3815 600 3876 testem
623 3830 737 3907 super
760 3803 950 3946 quendam
979 3803 1120 3880 librum
1145 3803 1250 3909 quod
1274 3803 1485 3880 observaret
1507 3780 1729 3889 castitatem,

293 3927 595 4014 ··obedienciam‚
617 3946 656 4005 et
673 3931 811 4007 viveret
829 3932 909 4009 sine
927 3933 1100 4060 proprio,
1122 3949 1161 4010 et
1178 3932 1284 4038 quod
1300 3950 1461 4014 servaret
1478 3960 1570 4009 usus
1587 3948 1625 4008 et
1643 3958 1732 4008 con·
1764 3991 1767 3996 .

319 4057 539 4136 suetudines
564 4057 652 4134 dicti
676 4059 820 4137 ordinis
846 4077 884 4138 et
911 4061 976 4165 qui
1000 4051 1091 4138 tunc
1114 4079 1220 4138 erant
1243 4062 1283 4136 in
1314 4061 1414 4139 di'cto
1438 4060 1571 4138 ordine
1600 4078 1639 4137 ιι
1666 4062 1732 4168 qui

320 4207 550 4303 ponerentur
569 4187 811 4265 infuturum
822 4187 880 4266 Ει
897 4206 984 4295 post
1002 4190 1173 4267 dictum
1158 4193 1418 4297 Juramentum
1442 4190 1632 4301 imposuit
1642 4190 1731 4278 sibi,

323 4337 363 4395 ut
380 4311 499 4406 dixit,
512 4303 734 4408 mantellum
750 4319 950 4398 militarem
970 4288 1069 4398 dicti
1081 4321 1241 4411 ordinis;
1262 4324 1339 4428 quo
1359 4320 1533 4427 imposito
1540 4375 1554 4412 ,-
1568 4323 1734 4427 precepit

321 4446 392 4525 sibi
423 4450 527 4555 quod
556 4449 762 4555 deponeret
790 4448 839 4526 ad
870 4443 1010 4527 terrani
1038 4477 1161 4530 suum
1181 4451 1404 4529 mantellum
1432 4450 1664 4557 predictum,
1699 4468 1736 4528 et

323 4576 557 4682 depositoin
582 4596 680 4655 terra
702 4578 870 4685 'precepit
893 4580 928 4656 ei
952 4580 1058 4714 quod
1081 4580 1282 4688 abnegaret
1304 4608 1453 4658 crucem
1477 4576 1683 4669 mantelli,¹
1700 4599 1738 4658 et

310 4725 475 4811 ,spueret
493 4736 605 4815 super
630 4736 728 4795 cam,
756 4725 793 4787 et
814 4709 971 4789 calcaret
993 4708 1076 4788 eam
1095 4705 1289 4817 pedibus
1280 4737 1320 4786 ιιι
1345 4711 1524 4817 despectu
1547 4710 1649 4789 illius
1670 4713 1736 4818 qui

325 4835 444 4913 luerat
462 4837 683 4916 crucifixus
674 4868 713 4916 ιιι
731 4867 793 4933 ea3
803 4840 948 4946 etipse
960 4842 1068 4919 testis
1083 4841 1291 4987 adimplens
1308 4842 1526 4921 mandatum
1543 4841 1738 4948 abnegavit
1854 4886 1855 4890 =

410 4973 514 5037 esocis
536 4982 589 5035 oss
611 4994 861 5036 rennuens-1.
1570 4980 1609 5038 30
