4080 6052
459 549 655 641 nnocns
682 568 774 638 ons
802 566 1102 639 TEMPttnttS.
1417 569 1490 640 sto

75 712 221 787 diceret
237 708 341 814 quod
357 710 429 787 boe
450 710 559 786 nullo
580 710 699 786 modo
719 708 868 796 faceret,
892 710 987 786 dixit
1007 710 1040 786 si
1059 708 1164 815 quod
1180 709 1378 812 oportebat
1402 736 1490 785 eum

73 841 208 929 lacere,
231 840 317 946 quia
338 841 386 916 ita
413 838 599 918 faciebant
620 840 698 927 alii,
727 858 765 917 et
790 858 881 916 tunc
897 840 1094 947 abnegavit
1112 866 1178 915 ore
1199 866 1276 914 non
1296 837 1426 924 corde,
1448 856 1490 914 ut
1601 862 1610 881 ·

74 971 175 1047 dixit.
198 972 329 1048 Postea
345 971 512 1077 precepit
527 972 562 1047 ei
581 971 687 1077 quod
705 987 858 1075 spueret
877 999 988 1076 supra
1008 971 1147 1047 dictam
1167 997 1333 1056 crucem,
1351 982 1388 1046 et
1413 971 1491 1074 ipse

73 1098 179 1176 finxit
199 1129 239 1176 se
259 1129 412 1206 spuere,
431 1102 498 1177 sed
520 1130 596 1178 non
617 1100 733 1207 spuit,
757 1118 793 1177 et
811 1102 934 1178 dictus
951 1103 1140 1179 lohannes
1165 1100 1365 1205 respondit
1386 1099 1489 1204 quod

73 1230 298 1318 sufficiebat,
328 1232 477 1336 dequo
508 1230 579 1308 luit
607 1233 646 1306 in
676 1232 878 1308 crastinum
911 1232 1118 1318 confessus,
1146 1231 1185 1305 in
1222 1230 1305 1306 loco
1337 1230 1490 1335 capituli

74 1361 211 1438 domus
244 1359 358 1439 Vallis
394 1362 603 1438 Scolarr'um
638 1351 808 1468 ejusdem
841 1362 936 1450 loci,
974 1362 1076 1438 lratri
1111 1361 1272 1438 Bonomi
1309 1361 1356 1436 de
1386 1359 1490 1438 Valle

73 1492 298 1580 Scolacium,
329 1493 395 1597 qui
424 1493 569 1569 vivebat
597 1510 767 1596 tempore
796 1520 873 1596 quo
902 1494 980 1596 ipse
1010 1493 1116 1568 testis
1146 1490 1217 1565 fuit
1245 1507 1389 1594 captus,
1424 1492 1507 1595 qui¹

72 1622 228 1700 absolvit
254 1651 360 1712 eum,
383 1623 557 1728 imposita
574 1623 646 1699 sibi
665 1623 876 1728 penitencia
899 1623 1005 1728 quod
1024 1623 1227 1699 abstineret
1245 1650 1265 1695 a
1285 1619 1372 1698 vino
1393 1622 1491 1697 mul-

72 1753 120 1828 tis
149 1754 260 1830 sextis
279 1753 404 1847 seriis,
436 1753 555 1830 nescit
581 1769 691 1858 quot,
720 1769 758 1829 et
780 1753 883 1857 quod
910 1780 987 1828 nou
1016 1753 1212 1827 interesset
1240 1748 1324 1826 loco
1349 1751 1386 1824 in
1412 1780 1490 1855 quo

71 1883 236 1986 predicta
261 1884 414 1973 fierent,
435 1884 540 1987 quod
559 1881 769 1987 complevit.
793 1881 874 1957 Alia
896 1881 1092 1958 inhonesta
1112 1907 1188 1956 non
1209 1878 1490 1956 intervenerunt

73 2013 110 2087 in
132 2020 353 2118 recepciono
372 2042 439 2091 sua
459 2013 641 2118 predicta,
659 2040 729 2090 nec
748 2013 817 2090 scit
834 2011 921 2120 plus
941 2012 988 2089 de
1009 2009 1194 2088 contentis
1213 2009 1252 2085 iu
1272 2034 1337 2085 aut
1356 2011 1490 2085 articu-

74 2143 120 2219 lis
136 2143 369 2250 supradictis.

131 2278 240 2363 ltem,
262 2276 465 2381 requisitus
486 2304 599 2382 super
618 2303 677 2355 nv
693 2296 731 2353 et
749 2276 926 2354 omnibus
942 2274 1208 2381 sequentibus,
1232 2275 1426 2379 respondit
1452 2304 1489 2349 se

74 2404 189 2482 nichil
204 2407 298 2482 scire
311 2406 409 2482 ultra
429 2407 529 2512 quod
551 2434 671 2511 supra.
682 2407 916 2512 deposuerit,
935 2407 1038 2511 quod
1058 2431 1135 2481 non
1156 2403 1373 2480 interfuerat
1393 2406 1491 2509 capi·

72 2534 181 2626 tulis,
202 2535 275 2612 hoc
293 2554 448 2640 excepto
460 2535 565 2641 quod
584 2536 667 2641 ipse
686 2537 783 2613 bene
808 2535 987 2612 credebat
1008 2533 1265 2611 ecclesiasticis
1284 2561 1490 2610 sacramen·

72 2666 135 2755 tis,
157 2648 313 2743 credens
333 2667 437 2771 quod
459 2666 520 2741 alii
541 2664 671 2743 fratres
692 2667 780 2743 dicti
807 2666 951 2744 ordinis
966 2665 1065 2743 bene
1086 2665 1300 2751 crederent,
1324 2681 1363 2740 et
1387 2665 1490 2768 quod

73 2821 203 2868 eorum
226 2797 437 2874 sacerdotes
462 2794 588 2872 debite
612 2796 859 2886 celebrarent,
884 2824 953 2872 nec
978 2795 1097 2872 credit
1120 2794 1225 2900 quod
1249 2820 1381 2870 corum
1407 2793 1488 2867 laici

72 2942 224 3027 possent
244 2927 435 3004 absolvere
456 2956 474 3000 a
496 2929 666 3033 peccatis.
687 2928 867 3005 Jurabant
885 2928 1026 3033 absque
1047 2926 1201 3003 licencia
1222 2927 1395 3002 ordinem
1413 2953 1490 3000 non

73 3054 190 3141 exire3
216 3057 339 3132 statim
365 3084 435 3160 pro
459 3055 636 3161 professis
662 3057 907 3143 habebantur,
936 3058 1168 3134 clandestine
1193 3054 1489 3160 recipiebantur;

73 3208 150 3258 non
163 3183 284 3260 credit
292 3184 397 3289 quod
409 3184 605 3262 carnaliter
618 3188 962 3275 commiscerentur,
972 3215 1043 3263 nec
1053 3186 1160 3292 quod
1171 3186 1356 3262 haberent
1365 3184 1487 3292 ydola,

73 3340 142 3387 nec
163 3313 268 3419 quod
293 3315 463 3403 cordule,
489 3316 630 3422 quibus
649 3317 895 3423 cingebantur
920 3346 1030 3422 supra
1057 3317 1225 3394 camisias
1246 3344 1333 3391 cum
1352 3314 1490 3419 quibus
1599 3396 1605 3402 ,

66 3443 256 3547 jacebant,
274 3462 470 3551 tangerent
484 3448 602 3553 capita
616 3447 830 3555 ydolorum.
847 3450 917 3524 Per
933 3465 1206 3524 sacramentum
1224 3443 1490 3552 injungebatur

71 3572 125 3648 eis
139 3575 245 3678 quod
268 3602 344 3651 non
367 3576 575 3653 revelarent
598 3596 738 3655 secreta
764 3578 1025 3684 capitulorum.
1050 3578 1088 3653 Si
1111 3577 1351 3659 revelassent,
1372 3575 1491 3649 credit

71 3701 175 3805 quod
195 3702 353 3781 luissent
372 3704 605 3795 incarcerati3
626 3707 945 3812 absque·licencia
964 3734 1042 3783 non
1071 3707 1260 3783 debebant
1278 3706 1348 3781 nisi
1370 3734 1490 3780 sacer-

74 3829 227 3907 dotibus
251 3833 396 3909 ordinis
422 3834 605 3911 confiteri.
634 3834 692 3911 llli
721 3832 788 3941 qui
815 3836 981 3913 sciebant
1009 3863 1156 3912 errores
1195 3834 1348 3913 suerum
1372 3834 1491 3940 negli-

72 3959 331 4065 gentes‚'quia
349 3990 426 4050 non
448 3982 690 4041 correxerunt
715 3995 785 4044 nec
805 3966 1129 4043 denunciaverunt
1147 3966 1324 4043 Ecclesia.
1345 3965 1492 4041 Elemo-

72 4090 170 4167 sinas
190 4106 228 4167 et
251 4078 540 4198 hospitalitatem
564 4095 656 4171 vidit
674 4096 715 4171 in
734 4096 867 4174 ordine
893 4095 1157 4174 convenienter
1176 4096 1310 4172 servari
1333 4112 1370 4171 et
1387 4095 1487 4181 lieri;

66 4220 193 4325 januis
212 4222 362 4311 clausis,
383 4223 500 4301 nullis
517 4227 755 4330 presentibus
774 4227 847 4307 nisi
865 4226 1045 4305 fratribus
1062 4227 1222 4314 ordinis,
1241 4254 1375 4303 eorum
1390 4226 1489 4329 capi-

72 4350 151 4425 tula
169 4354 407 4431 tenebantur.
426 4354 543 4448 Quod
557 4382 715 4464 magnus
735 4357 910 4464 Magister
926 4385 1012 4433 cum
1037 4375 1225 4434 conventu
1245 4356 1434 4433 statuisset
1449 4355 1488 4429 in

72 4480 207 4556 ordine
226 4501 412 4560 servatum
434 4483 607 4591 [suissetl.
624 4485 788 4565 Grandia
803 4488 974 4566 scandala
987 4506 1152 4596 propter
1170 4489 1338 4595 predicta
1359 4502 1487 4563 contra

72 4610 245 4688 ordinem
265 4630 352 4689 sunt
373 4631 510 4690 exorta.
533 4615 685 4695 Audivit
704 4619 778 4695 dici
799 4648 819 4695 a
838 4618 1016 4725 pluribus
1033 4617 1226 4705 fratribus,
1249 4635 1333 4724 post
1352 4617 1490 4722 capeio

72 4766 177 4825 nem,
200 4732 240 4816 iri
259 4743 420 4820 concilio
440 4744 650 4823 Senonensi
665 4765 706 4824 et·
722 4747 826 4840 alibi,
851 4747 956 4855 qnod
974 4749 1044 4855 ipsi
1069 4750 1342 4858 abnegaverant
1363 4748 1489 4827 Deum

71 4871 110 4947 in
125 4875 343 4978 recepcione
368 4903 452 4963 sua,
479 4892 516 4952 et
541 4878 647 4983 quod
667 4880 843 4988 Magister
866 4896 1077 4988 magnuset
1100 4881 1214 4988 aliqui
1237 4879 1301 4959 alii
1320 4881 1395 4958 hoc
1415 4876 1490 4956 sue

1121 5152 1355 5235 ..Ι

1042 5272 1142 5329 a·-
