4080 6052
523 523 592 589 120
883 497 1098 621 ‚raucas
1125 513 1218 587 nas
1244 512 1545 588 rnuemras

518 660 566 735 de
583 656 775 737 Gonavilla
793 649 1118 745 Pictavensem,'et
1129 649 1387 734 'Guillelmum
1406 655 1453 731 de
1471 654 1736 734 Chambonnet
1758 655 1806 735 de
1828 649 1943 738 Blanss

477 810 492 835 ·
518 790 622 865 desio
642 787 794 875 milites,
815 783 1129 892 preceptores,'ac
1151 779 1282 862 fratres
1298 782 1546 864 Guillelmum
1564 786 1611 862 de
1628 786 1727 863 Bleri
1745 786 1793 864 de
1813 790 1939 870 Chan-

516 919 670 1009 tallone,
688 936 727 996 et
743 919 897 995 Petrum
912 917 1063 996 Maliani
1080 918 1127 994 de
1141 917 1319 996 Bruxeria
1330 917 1456 1022 Raspit
1468 934 1721 1024 preceptores,
1737 936 1775 996 et
1784 917 1935 1001 fratrem

517 1051 662 1128 Heliam
686 1049 871 1159 Aymerici
895 1050 1170 1127 Lemovicensis
1198 1049 1376 1138 diocesis,
1403 1077 1444 1124 ac
1468 1047 1620 1126 fratrem
1645 1049 1684 1125 P.
1714 1047 1761 1126 de
1788 1051 1937 1162 Lungni

515 1197 775 1288 preceptorem
796 1179 996 1268 d’Auceni,
1017 1178 1073 1256 ad·
1085 1178 1368 1257 defendendum
1384 1178 1573 1269 ordinem,
1595 1195 1633 1255 et
1652 1177 1700 1255 ad
1722 1200 1938 1288 proponen-

517 1313 609 1390 dum
635 1328 672 1388 et
696 1311 901 1389 dicendum
926 1339 1051 1387 coram
1077 1311 1241 1388 dominis
1267 1310 1529 1388 commissoriis
1552 1310 1721 1387 raciones
1745 1329 1784 1389 et
1808 1301 1968 1392 defen-'

516 1443 641 1524 siones
659 1442 777 1519 bonas
797 1457 836 1517 et
853 1440 1039 1546 legitimas
1059 1440 1108 1519 ad
1128 1440 1388 1519 defensionem
1412 1441 1556 1519 ordinis
1580 1435 1814 1547 supradicti,
1829 1461 1867 1521 et
1891 1445 1937 1523 ad

517 1575 587 1650 alia
606 1572 774 1649 facienda
795 1600 869 1677 que
898 1571 993 1647 circa
1011 1573 1082 1648 hec
1100 1568 1242 1648 suerint
1270 1589 1501 1679 opportuna,
1523 1590 1561 1649 et
1588 1574 1760 1680 quereri
1786 1592 1824 1651 et
1844 1575 1938 1684 legi-

515 1703 599 1777 timi
625 1707 887 1808 procuratores
912 1700 1033 1778 facere
1062 1718 1221 1807 possunt
1256 1718 1294 1778 et
1323 1701 1480 1793 debent,
1509 1702 1622 1779 etad
1650 1702 1870 1782 habendum
1901 1723 1937 1783 et

515 1831 723 1939 petendum
734 1832 951 1920 consilium,
967 1848 1091 1909 ratum
1104 1847 1300 1938 etgratum
1314 1830 1508 1923 habentes,
1524 1849 1592 1908 etc.
1609 1835 1871 1938 promittentes
1880 1826 1938 1943 ju-

517 1966 681 2041 dicatum
708 1964 811 2041 solvi.
833 1963 908 2056 Qui
935 1960 1067 2038 fratres
1090 1962 1215 2038 statim
1234 1960 1378 2038 ibidem
1404 1962 1530 2037 omnia
1554 1964 1765 2068 supradicta
1787 1994 1937 2043 revoca-

516 2111 665 2182 verunt,
688 2109 840 2198 excepto
858 2091 969 2198 quod
980 2084 1364 2197 petebant'predictos
1383 2084 1453 2168 sex*
1465 2090 1595 2169 fratres
1615 2096 1790 2173 constitui
1808 2088 1937 2203 procu·

516 2241 659 2300 ratores
674 2222 722 2300 ad
738 2222 945 2329 petendum
964 2221 1162 2298 consilium
1183 2238 1220 2297 et
1237 2221 1525 2303 deliberandum
1543 2253 1630 2300 cum
1646 2226 1727 2302 aliis
1746 2225 1933 2306 fratribus.

573 2356 661 2430 Post
682 2352 754 2430 hec
782 2368 908 2429 autcm
939 2350 1028 2428 dicti
1057 2350 1187 2456 viginti
1213 2352 1418 2457 Templarii
1448 2352 1624 2431 dixerunt
1652 2356 1757 2461 quod
1791 2346 1935 2436 articuli

515 2485 580 2591 qui
600 2483 755 2560 suerunt
773 2483 859 2559 lecti
880 2481 979 2558 dicta
999 2480 1060 2556 die
1082 2479 1208 2557 Sabati
1229 2481 1267 2555 in
1286 2482 1479 2587 presencia
1500 2511 1648 2571 eorum,
1676 2501 1765 2561 sunt
1793 2485 1876 2564 lalsi
1901 2504 1937 2564 ct

515 2633 643 2692 contra
662 2613 795 2703 fidem,
818 2629 856 2689 et
880 2638 958 2687 non
983 2609 1177 2686 continent
1196 2610 1389 2686 veritatem
1409 2610 1447 2685 in
1468 2627 1651 2715 quantum
1671 2629 1799 2688 contra
1819 2614 1936 2693 fidem

515 2744 734 2821 catholicam
762 2756 850 2817 sunt
880 2757 918 2816 et
942 2757 1070 2815 contra
1099 2739 1271 2815 ordinem
1301 2738 1583 2844 supradictum,
1609 2757 1858 2843 protestantes
1888 2746 1936 2819 de

516 2872 709 2949 contrariis
726 2869 891 2946 articulis
907 2862 1040 2946 dandis
1057 2887 1095 2946 et
1109 2867 1330 2975 probandis,
1350 2885 1388 2944 et
1403 2867 1670 2946 nichilominus
1684 2867 1797 2946 srater
1809 2872 1937 2950 Helias

515 3002 717 3112 Aymerici,
733 3028 802 3106 pro
819 3029 857 3076 se
879 3016 917 3076 et
936 3000 1045 3076 sociis
1066 2999 1143 3076 suis
1157 3017 1195 3075 et
1209 2997 1290 3076 aliis
1309 2996 1486 3076 fratribus
1506 2998 1577 3076 sibi
1598 2999 1869 3079 adherentibus
1888 3003 1935 3078 ad

518 3130 776 3209 defensionem
808 3128 950 3206 ordinis
975 3128 1171 3217 antedicti,
1205 3129 1362 3206 tradidit
1388 3129 1498 3207 nobis
1530 3130 1732 3236 quamdam
1764 3133 1933 3210 cedulam

516 3262 730 3369 pergameni
752 3260 859 3367 cujus
878 3277 988 3337 tenor
1006 3258 1091 3336 talis
1111 3274 1187 3335 est:

571 3509 696 3585 Sancti
717 3507 878 3612 Spiritus
902 3506 999 3582 adsit
1023 3505 1133 3582 nobis
1156 3504 1289 3612 gracia.
1312 3504 1447 3592 Maria,
1471 3503 1577 3580 stella
1601 3507 1729 3594 maris,
1756 3508 1935 3611 perducat

514 3668 582 3716 nos
602 3639 651 3715 ad
673 3655 826 3744 portum
856 3638 997 3714 salutis.
1019 3635 1151 3712 Amen.
1173 3634 1336 3712 Domine
1358 3635 1463 3723 lesu,
1486 3635 1635 3713 Christe
1662 3655 1802 3727 sancte,
1830 3640 1936 3715 Pater

515 3789 658 3860 eterne,
680 3771 784 3847 Deus
805 3768 1064 3872 omnipotens,
1087 3766 1248 3871 sapiens,
1271 3781 1427 3852 creator,
1454 3765 1624 3871 largitor,
1646 3769 1936 3845 amministrator

513 3882 700 4009 benignus
718 3919 756 3978 et
773 3877 984 3975 carissimus
1002 3914 1156 3986 amator,
1173 3896 1259 4001 pius
1280 3912 1317 4007 et
1330 3896 1488 3973 humilis
1505 3898 1735 4004 redemptor,
1756 3900 1933 3990 clemens,

514 4034 725 4111 misericors
745 4031 922 4118 salvator,
945 4028 1176 4105 sanctissime
1192 4026 1355 4105 Domine
1375 4028 1501 4118 Deus,
1523 4046 1561 4107 te
1582 4031 1764 4137 deprecor
1782 4031 1936 4107 humili·

434 4147 437 4153 *
512 4179 573 4237 ter
592 4181 629 4239 et
646 4192 775 4251 exoro,
794 4179 838 4240 ut
855 4160 1046 4239 illumines
1064 4189 1142 4248 me,
1162 4158 1300 4236 liberes
1321 4174 1359 4235 et
1379 4187 1589 4249 conserves,
1609 4177 1647 4234 et
1661 4185 1791 4232 omnes
1805 4156 1937 4235 lratres

513 4291 678 4398 Templi,
701 4311 738 4369 et
757 4294 942 4400 populum
963 4310 1073 4369 tuum
1094 4291 1352 4371 Christianum
1374 4289 1568 4366 turbatum
1593 4314 1706 4390 quem
1733 4285 1858 4363 adhuc
1883 4309 1937 4367 est

514 4424 652 4502 eterit.
674 4424 831 4501 Provide
857 4452 942 4513 nos,
963 4423 1149 4510 Domine,
1171 4424 1211 4497 in
1232 4421 1371 4527 quibus
1391 4437 1479 4496 sunt
1499 4405 1602 4494 etde
1623 4416 1762 4522 quibus
1782 4419 1936 4496 veniunt

514 4581 645 4630 omnes
663 4555 819 4629 virtutes
841 4571 877 4628 ct
895 4552 995 4628 bona
1015 4551 1135 4656 gracie
1156 4551 1281 4627 Sancti
1297 4547 1458 4655 Spiritus
1479 4563 1516 4623 et
1536 4545 1650 4634 dona,
1673 4565 1716 4622 ut
1731 4547 1935 4626 habeamus

513 4682 689 4757 noticiam
704 4680 868 4756 veritatis
887 4697 924 4757 ct
933 4680 1103 4788 justicie,
1124 4679 1336 4757 debilitatus
1352 4694 1389 4755 et
1401 4677 1555 4754 miseras
1575 4706 1703 4755 carnes
1718 4696 1862 4757 nostras
1876 4707 1936 4755 co

514 4839 750 4919 gnoscamus,
769 4827 813 4885 ut
825 4837 949 4886 veram
965 4809 1218 4887 humilitatem
1234 4810 1474 4915 accipiemus,
1492 4807 1730 4887 deficientem
1749 4811 1935 4887 mundum
