4080 6052
661 541 979 635 rnoctsnns
1004 559 1303 632 renarrans.
1616 563 1705 639 aas

275 706 435 783 aliorum
454 703 590 782 fierent
609 702 726 777 eciam
741 699 997 786 clamdestine,
1013 699 1081 775 sed
1091 699 1210 777 nescit
1228 699 1259 777 si
1268 714 1429 804 ‚propter
1442 699 1515 777 hoc
1530 703 1691 809 suspicio

272 845 400 915 contra
419 834 591 912 ordinem
610 830 831 908 habebatur.

327 968 438 1055 Item,
460 991 505 1041 nn
526 980 564 1040 et
582 989 680 1041 rrxn
700 978 915 1068 sequentes,
939 959 986 1035 de
1004 958 1159 1035 crimine
1176 959 1417 1050 sodomitico,
1432 959 1569 1067 ydolis,
1592 965 1691 1069 capi·

270 1097 389 1188 tibus,
417 1093 599 1186 cordulis,
620 1093 735 1170 modo
753 1091 983 1199 recepcionis
1003 1106 1041 1168 et
1058 1118 1156 1197 pena
1174 1090 1391 1167 nolencium
1408 1089 1529 1168 lacere
1552 1093 1611 1170 vel
1624 1123 1690 1170 re-

270 1227 495 1305 vellancium
524 1224 751 1330 supradicta,
777 1222 972 1329 respondit
998 1249 1037 1298 se
1067 1221 1183 1299 nichil
1207 1221 1317 1308 scire,
1344 1221 1415 1298 nisi
1448 1223 1551 1328 quod
1578 1253 1689 1331 supra

271 1356 448 1463 deposuit
466 1355 537 1434 sibi
558 1355 701 1431 dictum
722 1353 836 1431 fuisse
862 1354 967 1459 quod
990 1368 1184 1458 pateretur
1206 1351 1339 1427 fratres
1362 1351 1435 1428 sihi
1455 1355 1688 1432 commisceri

270 1486 476 1575 carnaliter,
504 1503 542 1563 et
569 1485 674 1591 quod
701 1513 771 1590 pro
800 1482 1011 1589 penitencia
1040 1481 1261 1588 cingebatur
1288 1509 1365 1557 una
1395 1483 1550 1560 cordula
1576 1513 1689 1591 super

268 1644 411 1722 pannos
432 1616 552 1692 lineos
566 1642 658 1691 -cum
679 1614 819 1720 quibus
841 1613 1005 1721 jacebat,
1025 1628 1064 1688 et
1084 1613 1157 1689 hoc
1181 1611 1304 1689 suerat
1331 1611 1401 1688 sibi
1421 1631 1641 1720 preceptum
1668 1646 1687 1692 a

268 1746 368 1824 dicto
394 1762 603 1855 receptore,
623 1728 680 1823 De
699 1744 816 1822 modo
837 1743 1067 1848 recepcionis
1091 1742 1253 1818 aliorum
1283 1743 1479 1847 respondit
1504 1772 1543 1821 se
1570 1747 1686 1823 nichil

267 1877 359 1953 scire
379 1894 422 1952 ut
441 1905 553 1981 supra
568 1875 759 1981 deposuit,
779 1901 849 1949 nec
870 1872 1011 1949 sciebat
1025 1872 1146 1978 qualis
1164 1900 1261 1976 pena
1281 1869 1412 1948 fuisset
1429 1873 1596 1981 „inposita
1613 1876 1687 1953 illis

267 2006 332 2110 qui
354 2006 564 2081 noluissent
578 2004 697 2080 facere
716 2002 776 2079 vel
793 2002 859 2108 qui
880 2001 1120 2079 revellassent
1138 2000 1325 2106 predicta:
1340 1999 1413 2078 fuit
1427 2018 1553 2079 tamen
1574 2005 1607 2081 ei
1628 2007 1683 2082 in-

260 2137 439 2241 junctum
462 2163 530 2241 per
549 2150 824 2211 sacramentum
843 2132 948 2238 qnod
965 2160 1042 2209 non
1053 2130 1260 2210 revelleret
1278 2133 1436 2211 modum
1456 2137 1684 2241 recepcionis

266 2294 333 2342 sue
351 2293 420 2342 nec
440 2283 579 2344 secreta
593 2263 675 2340 alia.

322 2398 432 2488 Item,
455 2397 502 2473 ad
521 2422 632 2473 nrxrn
652 2413 690 2472 et
706 2422 793 2472 xrrn
813 2411 1012 2501 sequentes
1034 2394 1230 2499 respondit
1252 2394 1357 2499 quod
1375 2422 1453 2470 non
1472 2394 1682 2479 lueratsihi

264 2524 470 2602 inhibitum
482 2527 586 2632 quod
596 2553 673 2601 non
687 2524 931 2603 confiteretur
945 2524 1017 2601 nisi
1032 2523 1209 2600 fratribus
1227 2523 1380 2610 ordinis,
1393 2551 1462 2600 nec
1474 2525 1541 2601 scit
1555 2527 1586 2602 si
1601 2525 1683 2602 aliis

264 2654 518 2746 inhibebatur,
546 2672 584 2731 et
604 2655 722 2731 credit
741 2656 846 2761 quod
866 2655 895 2731 si
917 2653 1033 2758 aliqui
1060 2667 1167 2729 erant
1188 2652 1254 2759 qui
1274 2653 1413 2730 scirent
1438 2653 1556 2730 dictos
1579 2682 1681 2732 erro—

263 2813 322 2861 res
349 2813 427 2862 esse
454 2785 494 2861 in
515 2784 666 2874 ordine,
687 2784 843 2862 fuerunt
865 2783 1097 2890 negligentes
1126 2783 1315 2891 quianon
1345 2803 1587 2861 correxerunt
1613 2814 1681 2862 nec

264 2914 586 2992 denunciaverunt
600 2914 780 3004 Ecclesia,
798 2941 868 2990 nec
883 2915 952 2990 scit
970 2912 1115 3020 aliquid
1137 2915 1183 2990 de
1204 2914 1321 2990 modo
1340 2914 1569 3020 recepcionis
1588 2915 1680 2992 alio·

261 3075 347 3121 rum
367 3074 437 3122 nec
456 3047 503 3122 de
524 3045 606 3121 aliis
626 3044 810 3122 contentis
828 3046 874 3121 in·
888 3044 1053 3121 articulis
1073 3044 1305 3150 supradictis.

318 3178 427 3265 ltem,
456 3176 503 3252 ad
531 3202 627 3255 xcvn
648 3193 685 3253 et
704 3201 776 3253 xxx
795 3193 995 3282 sequentes
1014 3176 1211 3281 respondit
1230 3176 1352 3282 quod,
1374 3194 1418 3253 ut
1434 3176 1506 3253 sihi
1527 3178 1679 3255 videba-

260 3323 332 3395 tur,
356 3306 560 3382 elemosine
581 3322 619 3382 et
639 3305 871 3411 hospitalitas
890 3305 1156 3383 convenienter
1180 3305 1423 3393 servabantur
1441 3307 1481 3381 in
1503 3307 1595 3384 locis
1618 3336 1679 3383 or-

261 3436 360 3512 dinis
379 3436 418 3511 in
436 3434 575 3541 quibus
595 3436 674 3540 ipse
690 3436 812 3513 fuerat
832 3454 1104 3528 commoratus,
1126 3436 1303 3514 videlicet
1320 3438 1359 3512 in
1381 3436 1479 3512 dicta
1499 3438 1613 3513 domo
1639 3439 1677 3513 in

258 3594 332 3671 qua
346 3565 469 3642 luerat
476 3582 649 3670 receptus
665 3566 755 3642 etin
771 3566 885 3643 domo
904 3567 951 3642 de
965 3567 1082 3643 Bosco
1101 3566 1140 3640 in
1151 3565 1392 3643 Viromandia
1407 3565 1675 3657 Noviomensis,

259 3712 296 3772 et
311 3695 523 3801 d’Eymont,
537 3696 633 3771 etde
647 3697 779 3804 Magna
796 3697 946 3800 Sopana
958 3695 1236 3786 Ambianensis,
1255 3713 1294 3772 et
1309 3696 1356 3772 de
1372 3695 1676 3774 Germerimonte

259 3824 483 3901 Morinensis
497 3824 716 3911 diocesium,
728 3853 890 3930 quarum
904 3824 1106 3902 domorum
1120 3826 1200 3931 ipse
1210 3826 1317 3903 testis
1331 3826 1477 3904 ferebat
1489 3827 1623 3913 claves,
1639 3845 1676 3904 et

257 3955 379 4032 fuerat
396 3956 430 4031 ei
448 3954 655 4031 inhibitum
665 3955 704 4030 in
718 3954 938 4059 recepcione
950 3982 1032 4042 sua,
1049 3973 1092 4032 ut
1108 3955 1217 4041 dixit,
1234 3956 1339 4061 quod
1359 3984 1426 4061 per
1438 3956 1542 4033 nelas
1558 3957 1675 4034 nichil

256 4085 468 4192 acquireret
491 4085 630 4174 ordini,
653 4085 824 4190 capitulis
848 4101 975 4161 autem
1008 4112 1086 4161 non
1115 4083 1352 4174 interfuerat,
1379 4113 1449 4163 nec
1476 4086 1616 4163 sciebat
1642 4087 1673 4163 si

256 4218 497 4296 clamdestine
532 4218 591 4295 vel
616 4217 778 4324 qualiter
806 4232 1045 4306 tenetentum
1080 4216 1271 4294 audiverat
1286 4232 1425 4324 ¹tamen
1462 4216 1535 4293 dici
1569 4218 1673 4324 quod

255 4348 500 4427 clamdestine
515 4348 744 4425 tenebantur
764 4364 801 4424 et
820 4346 1049 4453 quandoque
1065 4364 1150 4453 post
1166 4346 1385 4437 Matutinas,
1399 4375 1468 4422 nec
1483 4347 1674 4425 audiverat

255 4479 329 4554 dici
345 4477 449 4583 quod
462 4506 619 4583 magnus
631 4477 807 4583 Magister
820 4476 879 4553 vel
900 4476 963 4553 alii
979 4477 1073 4583 layci
1087 4492 1241 4583 possent
1255 4475 1446 4555 absolvere
1464 4479 1668 4584 apeccatis.

253 4608 385 4686 Credit
402 4623 527 4683 autem
543 4609 647 4713 quod
667 4609 762 4684 ordo
780 4624 959 4684 servasset
976 4607 1072 4685 illud
1089 4607 1194 4714 quod
1213 4636 1371 4713 magnus
1389 4608 1564 4713 Magister
1583 4638 1669 4686 cum

253 4754 438 4816 conventu
455 4765 524 4814 sno
541 4739 763 4824 ordinasset,
786 4766 855 4814 nec
874 4737 942 4814 scit
968 4738 1120 4845 quando
1147 4738 1235 4816 dicti
1257 4766 1401 4816 errores
1424 4739 1666 4846 inceperunt;

226 4868 319 4946 ‘sed
348 4869 378 4945 si
408 4868 473 4975 qui
497 4868 679 4959 sciebant,
700 4865 854 4945 fixerunt
873 4866 1105 4978 negligentes
1132 4869 1172 4947 in
1201 4869 1422 4979 corrigendo
1454 4888 1492 4948 et
1517 4870 1666 4949 denun-
