4080 6052
688 519 998 610 ruochsnrs
1024 536 1327 611 rrnramns.
1639 504 1709 614 asi

304 677 578 757 Aurelianensis
595 676 677 783 [qui
697 677 737 751 in
758 677 855 753 dicta
875 676 935 752 die
956 677 1098 767 Martis,
1118 677 1212 753 circa
1230 679 1361 755 horam
1381 679 1526 783 prime,
1539 682 1717 782 premissa
1793 720 1796 724 ⁴

304 809 491 884 intimasse
509 807 738 896 dicebantur,
754 825 792 883 et
805 809 876 913 ipsi
894 808 1009 882 iidem
1022 809 1094 884 hoc
1111 808 1378 913 attestabantur
1394 807 1634 913 suffraganeis
1649 810 1717 886 do-

304 939 394 1014 mini
415 929 679 1044 archiepiscopi
701 938 927 1015 Senonensis
947 938 1102 1044 predicti
1123 939 1162 1014 in
1182 938 1606 1044 conciliozcongregatis,
1629 956 1717 1016 tunc

303 1067 454 1145 absente
476 1068 575 1145 dicto
596 1068 752 1145 domino
778 1068 1052 1174 archiepiscopo
1077 1067 1303 1174 senonensi]
1327 1069 1491 1174 predicta
1509 1095 1586 1144 non
1606 1069 1718 1175 signi·
1841 1088 1843 1092 ’

304 1200 499 1276 dicaverant
533 1199 579 1276 de
614 1200 788 1277 mandato
824 1201 1045 1278 eorumdem
1081 1200 1321 1277 dominorum
1360 1200 1715 1288 commissariorum,

305 1330 479 1428 dixerunt
498 1346 536 1406 et
555 1349 791 1407 asseruerunt
807 1331 924 1407 iidem
942 1330 1086 1408 domini
1104 1331 1345 1407 commissarii
1366 1330 1516 1434 prefatis
1536 1332 1718 1435 magistris

305 1462 430 1549 Petro,
453 1461 610 1538 Michael
624 1477 661 1537 et
672 1462 850 1550 Johanni,
866 1479 903 1537 et
916 1489 1060 1567 percos
1074 1461 1322 1566 significatum
1339 1460 1540 1535 voluerunt
1555 1462 1718 1538 dominis

305 1591 578 1697 archiepiscopo
598 1591 822 1679 Senonensi,
844 1591 1085 1698 suffraganeis
1105 1609 1144 1665 et
1162 1591 1319 1668 concilio
1340 1591 1575 1696 supradictis,
1598 1620 1617 1666 a
1638 1593 1720 1697 qui-

303 1720 373 1797 bus
393 1723 495 1799 missi
516 1722 664 1799 fuerant
684 1724 731 1798 ad
756 1750 835 1813 eos,
858 1723 962 1830 quod
986 1722 1152 1828 predicta
1170 1751 1238 1827 per
1263 1722 1380 1798 dictos
1404 1723 1634 1827 prepositum
1659 1724 1719 1798 Pi-

273 1837 275 1842 *
303 1869 512 1929 ctavensem
532 1871 570 1930 et
588 1853 891 1931 archidiaconum
910 1853 1233 1940 Aurelianensem,
1257 1852 1354 1928 dicta
1374 1852 1435 1928 die
1456 1853 1598 1939 Martis,
1626 1853 1718 1927 circa

305 1982 435 2057 horam
454 1984 590 2087 prime,
614 1984 709 2059 dicta
729 1999 768 2059 et
786 1982 989 2089 significata
1013 1983 1102 2087 ipsis
1126 1982 1367 2087 suffraganeis
1387 2000 1425 2058 ct
1437 1982 1617 2072 concilio,
1639 1981 1720 2057 fue-

304 2127 387 2186 rant
407 2111 502 2188 dicta
517 2130 554 2188 et
573 2112 774 2218 significata
794 2113 840 2188 de
861 2111 1036 2189 mandato
1056 2114 1224 2216 ipsorum
1245 2114 1486 2190 dominorum
1507 2113 1720 2188 commissa·
1795 2135 1801 2147 ·

253 2310 256 2323 ,
305 2242 463 2332 riorum,
482 2259 519 2317 et
536 2269 578 2317 ea
598 2259 675 2318 rata
694 2259 732 2318 et
747 2242 855 2317 firma
875 2235 1085 2318 habuerant
1097 2259 1134 2317 et
1146 2243 1346 2318 habebant.
1365 2244 1476 2332 Item,
1499 2235 1720 2346 significave-

305 2387 395 2447 runt
415 2371 529 2448 iidem
551 2372 694 2448 domini
715 2371 956 2448 commissarii
975 2368 1126 2475 prefatis
1146 2370 1330 2474 magistris
1356 2372 1483 2459 Petro,
1505 2371 1664 2445 Michael
1685 2386 1721 2445 et

304 2501 463 2577 Johanni
481 2500 673 2587 Coccardi,
697 2517 734 2576 et
752 2528 820 2605 per
840 2528 903 2576 eos
924 2498 1122 2604 significari
1146 2499 1348 2575 voluerunt
1367 2499 1521 2574 domino
1541 2499 1720 2602 archiepi-

305 2660 417 2736 scopo
438 2631 662 2717 senonensi,
684 2632 841 2736 ejusque
862 2629 1101 2734 suffraganeis
1126 2644 1165 2704 et
1188 2629 1345 2704 concilio
1365 2628 1594 2716 memoratis,
1617 2629 1721 2734 quod

306 2761 393 2836 dicti
421 2761 567 2847 fratres,
594 2758 817 2866 Reginaldus
838 2759 885 2835 de
905 2759 1062 2848 Pruino,
1082 2760 1213 2835 Petrus
1234 2759 1280 2834 de
1301 2759 1483 2849 Bononia,
1506 2776 1544 2834 ct
1563 2746 1721 2836 Guillel-

305 2918 391 2966 mus
405 2889 452 2966 de
470 2889 760 2985 Chambonnent
776 2908 814 2966 et
828 2890 1055 2967 Bertrandus
1072 2888 1119 2965 de
1136 2888 1317 2996 Sartigiis,
1337 2890 1636 2994 interposuerant
1652 2917 1719 2993 pro
1786 2940 1788 2944 2

305 3048 344 3095 se
366 3037 404 3095 et
422 3021 500 3096 suis
520 3020 789 3097 adherentibus
808 3020 988 3126 quasdam
1009 3019 1278 3125 appellaciones
1300 3047 1424 3095 coram
1449 3020 1537 3124 ipsis
1558 3020 1720 3096 dominis

306 3151 583 3238 commissariis,
601 3151 661 3226 die
678 3151 888 3239 Dominica,
904 3180 979 3257 que
996 3148 1070 3226 fuit
1086 3150 1229 3226 decima
1248 3149 1329 3225 dies
1338 3150 1478 3225 mensis
1495 3150 1601 3238 Maii,
1621 3179 1642 3224 a
1659 3150 1721 3228 do

306 3281 410 3356 mino
430 3281 706 3387 archiepiscopo
727 3281 934 3359 Senonensi
961 3281 1118 3387 ejusque
1143 3281 1382 3388 suffraganeis
1405 3297 1443 3362 et
1461 3279 1618 3355 concilio
1642 3308 1721 3356 me-

306 3411 475 3501 moratis3
509 3411 736 3488 addicientes
768 3412 884 3498 iidem
915 3411 1058 3488 domini
1091 3407 1333 3496 commissarii
1365 3438 1404 3486 se
1435 3411 1587 3486 credere
1616 3392 1733 3513 quod*

307 3540 403 3617 dicte
431 3539 702 3647 appellaciones
730 3541 903 3633 fuissent,
926 3541 1034 3648 dicta
1052 3540 1114 3616 dic
1144 3542 1288 3631 Martis,
1319 3541 1486 3616 intimate
1514 3566 1582 3645 per
1604 3538 1721 3614 dictos

307 3670 538 3774 prepositum
557 3671 807 3748 Pictavensem
829 3689 867 3748 et
893 3671 1196 3747 archidiaconum
1215 3669 1538 3772 Aurelianensem,
1567 3667 1720 3745 domino

308 3799 584 3902 archiepiscopo
608 3800 816 3877 Senonensi
847 3800 1003 3905 ejusque
1028 3799 1270 3905 suffraganeis
1295 3817 1333 3875 et
1357 3799 1513 3876 concilio
1538 3824 1721 3875 memora—

307 3928 371 4011 tis,
393 3955 481 4002 cum
499 3955 566 4032 per
586 3926 731 4032 aliquos
751 3957 793 4004 ex
821 3927 929 4004 dictis
948 3930 1111 4007 dominis
1135 3929 1397 4006 commissariis
1416 3928 1488 4003 hoc
1507 3926 1637 4002 fuisset
1664 3926 1721 4001 di-

308 4073 410 4133 ctum
429 4056 619 4162 preposito
640 4072 678 4132 et
697 4056 956 4135 archidiacono
977 4059 1183 4136 antedictis.

364 4166 627 4273 Postmodum,
645 4185 752 4262 dictis
768 4186 952 4291 magistris
966 4189 1093 4276 Petro,
1115 4185 1274 4265 Michael
1295 4203 1333 4263 et
1350 4186 1518 4263 Johanne
1543 4184 1722 4260 receden-

309 4313 427 4404 tibus,
449 4314 593 4391 ibidem
611 4313 766 4390 firerunt
784 4315 936 4392 adducti
956 4317 1005 4393 ad
1022 4316 1253 4423 presenciam
1273 4315 1459 4393 dictorum
1479 4313 1721 4390 dominorum

310 4444 650 4521 commissariorum
664 4442 797 4549 prefati
816 4425 948 4525 fratres
960 4450 1005 4524 R.
1019 4448 1066 4526 de
1079 4447 1237 4533 Pruino,
1255 4445 1299 4525 G.
1318 4445 1365 4522 de
1379 4444 1669 4525 Chambonnent
1686 4461 1724 4520 et

309 4573 537 4649 Bertrandus
562 4575 608 4650 de
628 4574 812 4680 Sartigiis,
838 4576 1003 4654 dicentes
1032 4577 1137 4684 quod
1162 4573 1327 4683 prefatus
1350 4577 1390 4652 P.
1413 4575 1460 4652 de
1483 4573 1650 4652 Bononia
1676 4572 1723 4649 ab

311 4703 363 4779 eis
383 4718 421 4777 et
441 4729 573 4779 eorum
593 4705 766 4783 societate
785 4703 906 4783 fuerat
926 4724 1133 4813 separatus,
1151 4725 1189 4785 et
1205 4707 1421 4784 nesciebant
1438 4735 1513 4813 qua
1533 4704 1581 4782 de
1596 4731 1721 4792 causa3

312 4832 524 4939 adjicientes
538 4834 617 4911 sine
635 4852 761 4913 tamen
781 4837 989 4943 prejudicio
1009 4856 1048 4916 et
1067 4838 1209 4916 ordinis
1228 4838 1287 4915 sui
1301 4837 1404 4945 quod
1423 4836 1494 4944 ipsi
1514 4851 1620 4913 erant
1635 4834 1724 4911 sim·

394 4968 497 5063 naccis
520 4992 572 5034 ors
593 4992 767 5036 rrurnrens.
780 5008 821 5021 —
835 4994 855 5032 r.
1580 4969 1619 5030 36
