4080 6052
703 560 898 653 rnocns
927 578 1019 650 nus
1045 577 1347 648 rennuens.
1659 577 1732 647 517

318 720 422 825 quod
436 719 588 797 cordule
602 736 798 827 tangerent
811 720 929 824 capita
943 717 1158 826 ydolorum,
1174 717 1231 792 vel
1243 716 1346 823 quod
1360 714 1658 790 interficerentur
1669 744 1734 792 no·

316 848 435 925 lentes
446 848 564 925 facere
576 849 760 955 predicta,
779 878 856 927 non
873 849 1015 924 audivit
1027 846 1170 953 aliquid
1183 847 1274 934 dici,
1295 848 1361 922 sed
1375 872 1444 950 per
1460 862 1731 920 sacramentnm

315 978 583 1087 injungebatur
597 980 702 1084 quod
716 1008 792 1056 non
810 980 1019 1056 revelarent
1034 996 1176 1054 secreta
1191 976 1468 1082 capituliorum,
1487 992 1524 1051 et
1539 976 1568 1049 si
1579 974 1732 1050 revelas-

315 1126 413 1199 sent,
430 1108 641 1186 fuissentin
657 1139 802 1187 carcere
817 1126 1002 1216 perpetuo
1017 1110 1147 1214 positi;
1166 1136 1235 1184 nec
1254 1124 1442 1215 poterant,
1465 1105 1606 1210 absque
1623 1105 1732 1183 licen·

316 1240 391 1326 cia,
414 1239 485 1315 nisi
502 1239 757 1317 sacerdotibus
776 1240 919 1318 ordinis
937 1238 1117 1316 confiteri.
1138 1241 1218 1345 lpse
1235 1256 1362 1314 autem
1383 1233 1573 1314 confessus
1592 1235 1663 1313 fuit
1684 1238 1731 1313 de

316 1367 492 1474 predictis
513 1368 703 1445 erroribus
718 1368 811 1444 infra
830 1387 914 1445 octo
934 1370 1015 1446 dies
1035 1398 1055 1444 a
1074 1369 1292 1473 recepcione
1313 1394 1395 1452 sua,
1415 1383 1615 1471 antequam
1635 1367 1731 1443 cele-
1761 1356 1764 1361 ’

314 1496 440 1574 braret
465 1499 504 1573 in
533 1497 673 1604 capella
703 1499 840 1575 domus
867 1499 1014 1603 Templi
1045 1498 1092 1598 de
1122 1498 1296 1604 Soysiaco
1328 1495 1531 1571 Meldensis
1555 1496 1728 1589 diocesis,

314 1626 474 1733 lohauni
495 1627 542 1702 de
564 1630 693 1704 Monte
714 1629 833 1705 Acuto
855 1627 1090 1734 presbytero,
1113 1598 1500 1731 quondamsecMari,
1521 1626 1588 1730 qui
1610 1626 1731 1702 absol-

313 1754 364 1829 vit
390 1783 497 1845 eum,
527 1758 700 1862 imposita
727 1758 938 1864 penitencia
968 1758 1075 1863 quod
1103 1757 1315 1862 cingeretur
1339 1782 1415 1830 una
1440 1755 1594 1830 cordula
1620 1785 1731 1861 supra

315 1913 461 1962 carnem
484 1888 626 1964 nudam
651 1916 720 1993 per
742 1915 865 1964 unum
891 1914 1045 1962 annum.
1072 1884 1351 1990 Precipiebatur
1375 1885 1480 1990 quod
1505 1886 1733 1990 hospitalita-

314 2033 392 2090 tem
428 2033 466 2092 et
495 2017 719 2094 elemosinas
756 2017 883 2094 debite
914 2015 1076 2092 lacerent
1109 2034 1148 2092 et
1181 2031 1384 2103 servarent,
1420 2032 1457 2090 et
1490 2014 1732 2093 inhibebatur

314 2144 418 2249 quod
442 2144 572 2223 illicite
597 2147 714 2223 nichil
739 2147 862 2224 ordini
890 2149 1136 2253 acquirerent.
1163 2146 1384 2223 Servabatur
1408 2146 1447 2220 in
1474 2145 1605 2222 ordine
1627 2147 1731 2251 quod

315 2303 471 2380 magnus
495 2276 670 2383 Magister
687 2306 773 2354 cum
792 2295 975 2354 conventu
996 2277 1191 2354 statuebat.
1218 2276 1382 2354 Grandia
1406 2275 1578 2352 scandala
1603 2294 1730 2353 contra

315 2402 488 2480 ordinem
507 2421 595 2481 sunt
613 2423 754 2494 exorta,
772 2425 925 2512 propter
946 2407 1008 2483 illa
1029 2409 1076 2484 de
1094 2406 1232 2512 quibu's
1250 2406 1374 2512 agitur
1389 2423 1517 2482 contra
1537 2434 1637 2481 eum.
1653 2407 1730 2483 Au-

314 2532 406 2609 divit
424 2533 497 2609 dici
516 2562 694 2641 magnum
714 2535 934 2643 Magistrum
955 2555 993 2613 et
1014 2537 1104 2613 alios
1124 2537 1269 2642 aliquos
1291 2563 1453 2625 errores,
1478 2537 1595 2613 nescit
1617 2565 1727 2641 quos,

311 2661 425 2740 luisse
446 2664 633 2743 confessos
654 2684 782 2743 cont-ra
803 2668 993 2754 ordinem,
1017 2667 1064 2743 ad
1086 2667 1193 2771 cujus
1217 2665 1476 2742 defensionem
1490 2694 1529 2742 se
1546 2666 1634 2744 alias
1653 2696 1729 2743 non
1831 2736 1835 2743 .

313 2792 515 2882 obtulerat,
536 2796 633 2873 sicut
650 2796 781 2874 credit.

367 2924 584 3029 Requisitus
613 2926 644 3001 si
676 2927 728 3002 sic
760 2928 984 3032 deposuerat
1012 2956 1140 3034 prece,
1171 2943 1366 3032 precepto,
1395 2929 1547 3017 timore,
1580 2956 1727 3019 amore,

312 3053 417 3140 odio,
444 3055 502 3130 vel
526 3055 723 3160 temporali
753 3058 913 3134 comodo
941 3059 1069 3135 habito
1092 3059 1153 3158 yel
1183 3058 1375 3144 habendo,
1404 3059 1598 3162 respondit
1624 3060 1729 3164 quod

312 3202 404 3274 nen,
427 3183 494 3259 sed
512 3212 581 3289 pro
601 3184 753 3261 veritate
780 3186 951 3264 dicenda.
973 3188 1046 3266 cui
1071 3186 1142 3263 suit
1165 3187 1377 3295 injunctum
1399 3187 1503 3292 quod
1525 3216 1603 3264 non
1624 3217 1729 3264 reve-

311 3312 405 3387 laret
432 3312 528 3389 hanc
557 3341 661 3390 suam
686 3315 965 3420 deposicionem
992 3346 1191 3424 quousque
1217 3318 1474 3394 attestaciones
1497 3317 1637 3393 fuerint
1660 3347 1730 3421 pu-

310 3440 455 3548 blicate.

365 3575 454 3652 Acta
482 3572 637 3667 luerunt
671 3579 741 3654 hec
776 3579 837 3655 die
866 3595 904 3654 et
938 3580 1020 3656 loco
1052 3579 1252 3684 predictis,
1284 3576 1522 3681 presentibus
1552 3578 1727 3682 magistro

309 3703 467 3789 Amisio,
489 3732 550 3780 me
579 3707 833 3784 Floriamonte
860 3708 1077 3796 Dondedei,
1106 3726 1143 3783 et
1169 3708 1249 3782 aliis
1278 3708 1437 3816 notariis*
1457 3736 1568 3813 supra
1592 3709 1727 3785 ultimo

310 3849 520 3909 nominatis.

363 4096 451 4171 Post
470 4096 556 4183 hec,
579 4095 640 4172 die
655 4099 781 4175 Martis
802 4095 1087 4206 sequentisque
1107 4101 1178 4178 luit
1197 4128 1276 4181 vnn
1301 4102 1382 4179 dies
1402 4100 1491 4177 dicti
1512 4102 1651 4179 mensis
1665 4105 1729 4178 Fe-

306 4223 466 4314 bruarii,
487 4223 559 4302 luit
584 4225 768 4305 adductus
791 4228 839 4304 ad
859 4233 1092 4336 presenciam
1113 4233 1335 4309 eorumdem
1361 4231 1604 4308 dominorum
1633 4259 1728 4310 com

306 4355 580 4479 missariorum,
602 4356 641 4432 in
657 4359 773 4435 domo
789 4359 972 4464 predicta,
989 4361 1102 4440 frater
1119 4361 1260 4470 Symon
1279 4364 1326 4439 de
1339 4362 1528 4440 Cormessi
1545 4362 1723 4451 serviens,

305 4484 500 4562 Remensis
519 4486 693 4574 diocesis,
712 4489 818 4566 testis
835 4517 944 4596 supra
964 4493 1120 4601 juratus,
1143 4509 1187 4570 ut
1206 4494 1414 4599 deponeret
1431 4492 1575 4569 dictum
1595 4521 1724 4585 suum,

307 4640 382 4688 non
403 4614 589 4694 defferens
609 4619 832 4696 mantellum
853 4622 1012 4714 ordinis,
1042 4624 1130 4729 quia
1158 4624 1196 4699 in
1225 4623 1382 4701 concilio
1407 4624 1616 4702 Senonensi
1641 4624 1727 4731 qui·

306 4742 393 4819 dam
417 4746 618 4825 servientes
645 4769 865 4827 amoverunt
892 4751 980 4844 sibi3
1010 4729 1254 4860 postmodum
1281 4754 1361 4830 radi
1387 4753 1525 4831 lecerat
1552 4755 1622 4832 sibi
1647 4754 1727 4831 bar

298 4870 408 4966 ‘bam3
429 4902 516 4953 cum
535 4907 613 4985 quo
631 4878 754 4958 fuerat
767 4880 1005 4989 inquisitum,
1024 4883 1219 4962 absolutus
1239 4902 1277 4961 et
1295 4883 1553 4963 reconciliatus
1575 4913 1643 4992 per
1662 4884 1725 4961 do
