4080 6052
481 533 676 625 raocns
702 553 797 624 nss
823 553 1124 627 rnupnmss.
1463 563 1507 634 51
1568 638 1571 643 ,

96 701 223 778 Monte
246 695 370 775 Lauro
389 692 663 800 Magalonensis
682 694 923 771 ecclesiarum
943 693 1214 786 archidiaconi,
1235 723 1311 771 una
1330 725 1417 774 cum
1435 729 1514 785 ma:

96 830 209 936 gistro
227 824 433 905 Gnillelmo
451 811 797 931 Agarnipreposito
814 825 1001 932 liquens,
1024 825 1205 934 legittime
1225 842 1412 919 excusato,
1427 857 1512 906 cum

94 960 158 1036 illa
175 957 354 1049 clausula,
364 957 480 1050 Quod
494 957 525 1033 si
540 984 617 1033 non
632 985 775 1045 omnes,
788 974 857 1033 etc.
869 958 917 1033 ad
926 958 1195 1064 inquirendum
1206 975 1332 1035 contra
1342 959 1514 1036 ordinem

96 1088 245 1194 Templi
257 1089 297 1164 in
314 1114 436 1193 regno-
444 1104 572 1166 nostro
587 1087 740 1164 Francie
754 1115 823 1192 per
833 1088 963 1165 sedem
978 1087 1215 1193 apostolicam
1230 1090 1412 1195 deputati,
1433 1118 1517 1196 spe·

49 1272 53 1279 ·
95 1220 210 1296 ciales
222 1217 331 1294 amici
344 1215 483 1301 nostri,
500 1215 648 1294 dudum
662 1218 839 1295 omnibns
858 1217 1144 1323 archiepiscopis
1162 1235 1200 1295 et
1212 1218 1392 1323 episcopis
1411 1220 1515 1326 regni

98 1349 271 1453 ejusdem
280 1380 292 1437 ‚·
323 1374 454 1423 eornm
480 1346 624 1424 vicariis
651 1364 690 1424 et
718 1345 955 1433 officialibus,
979 1349 1168 1424 dederunt
1190 1347 1229 1422 in
1253 1346 1452 1436 mandatis,
1473 1368 1517 1425 ut

96 1476 292 1583 publicum
311 1505 379 1554 sue
398 1476 589 1557 citationis
607 1476 793 1567 edictum,
820 1479 925 1585 quod
943 1476 1107 1553 fecerant
1128 1504 1198 1582 pro
1211 1478 1463 1582 procedendo
1477 1477 1515 1555 in
1627 1469 1632 1477 ⁸

98 1607 196 1684 dicto
216 1608 373 1714 negocio
394 1607 501 1713 juxta
518 1609 742 1685 mandatum
765 1636 785 1683 a
806 1609 1017 1685 dictasede
1037 1606 1240 1713 apostolica
1264 1607 1318 1683 eis
1341 1608 1514 1697 missum,
1581 1650 1587 1661 ·

95 1737 134 1811 in
155 1738 232 1814 suis
248 1736 525 1819 cathedralibus
544 1755 583 1814 et
600 1739 746 1845 magnis
766 1737 968 1844 collegiatis
991 1715 1172 1830 ecclesiis,
1198 1754 1236 1814 et
1254 1736 1363 1814 scolis
1378 1736 1445 1813 ubi
1463 1755 1519 1815 cst

26 1856 29 1862 ’
95 1866 266 1942 studium
282 1865 472 1973 generale,
490 1895 533 1942 ac
552 1868 666 1945 onriis
682 1865 899 1944 officialium
921 1895 1093 1959 suorum,
1113 1869 1153 1943 in
1166 1865 1433 1973 principalibus
1452 1867 1519 1944 do—

95 1996 222 2076 mibus
243 1998 417 2104 ejusdem
434 1997 581 2074 ordinis
597 1997 736 2075 insnis
760 1997 967 2074 civitatibus
988 2014 1026 2073 et
1051 1994 1264 2074 diocesibus
1289 1996 1515 2084 constitutis,

97 2122 265 2205 facerent
280 2126 530 2231 solempniter
544 2126 744 2232 publicari,
775 2126 848 2234 legi
870 2145 908 2205 et
927 2127 1080 2234 exponi,
1104 2144 1143 2205 et
1160 2128 1250 2204 inde
1269 2126 1350 2203 [ieri
1369 2123 1519 2231 publica

98 2251 362 2354 indumenta,
379 2271 418 2332 et
429 2256 615 2332 nunchoc
629 2256 733 2333 idem
747 2260 926 2335 mandant
944 2255 1027 2333 fieri
1043 2256 1081 2332 in
1097 2256 1189 2334 locis
1201 2257 1243 2333 in
1257 2254 1519 2362 quihusTcm-

97 2380 206 2486 plnrii
227 2380 325 2486 capti
335 2397 526 2472 tenentur,
544 2402 662 2489 prout
679 2385 720 2458 in
738 2385 873 2460 litteris
886 2386 1108 2475 eorumdem
1126 2386 1277 2488 plenius
1295 2384 1517 2474 continetur,

97 2537 140 2585 ac
156 2511 331 2588 nonnulli
349 2511 556 2616 Templarii
576 2511 737 2589 dixerint
759 2529 800 2591 et
815 2510 1092 2617 responderint,
1119 2512 1225 2614 quod
1254 2511 1286 2586 si
1306 2528 1459 2615 possent
1484 2529 1521 2587 et

97 2636 311 2715 facultatem
340 2639 538 2727 haberent,
565 2634 727 2717 libenter
754 2641 924 2717 venirent
950 2639 1252 2744 adpresenciam
1278 2640 1517 2728 eorumdem,

99 2767 243 2845 dictum
276 2768 423 2874 Templi
454 2769 628 2846 ordinem
662 2768 871 2858 defensuri,
894 2785 1021 2874 >prout
1054 2768 1092 2843 in
1119 2767 1372 2873 quorumdam
1403 2769 1520 2844 archi—

99 2897 360 3003 episcoporum
382 2915 421 2975 et
446 2899 709 3006 episcoporum
730 2899 789 2975 vel
819 2924 952 2976 eornm
976 2896 1192 2972 officialium
1214 2897 1520 3010 responsionibus

98 3027 322 3117 continetur,
352 3028 458 3106 robis
482 3045 521 3103 et
542 3044 709 3104 vestmm
734 3026 890 3103 cuilibet
914 3027 1150 3112 mandamus,
1176 3041 1362 3129 quatenus
1389 3049 1519 3104 omnes

99 3156 334 3261 Templarios
349 3158 389 3232 in
401 3155 547 3233 ballivis
571 3158 702 3233 vestris
716 3157 888 3234 detentos
909 3156 975 3262 qui
995 3172 1144 3260 sponte,
1164 3154 1361 3232 voluntarii
1382 3173 1421 3232 et
1439 3156 1518 3234 sine

101 3285 290 3361 coactione
322 3287 369 3362 ad
399 3285 740 3391 archiepiscopum,
762 3287 956 3391 episcopos
982 3302 1023 3360 et
1049 3284 1326 3362 archidiaconos
1349 3288 1520 3389 supradi-

26 3497 30 3505 ,
101 3431 197 3504 ctos,
211 3443 280 3519 pro
297 3415 551 3492 deffendendo
568 3415 754 3522 prefatum
770 3415 960 3501 ordinem,
980 3442 1055 3490 non
1072 3443 1110 3491 se
1128 3433 1193 3491 aut
1209 3415 1299 3492 alios
1317 3413 1520 3520 singulares

100 3571 277 3647 personas
292 3545 396 3648 (cum
410 3546 578 3650 deputati
593 3547 752 3651 predicti
767 3563 896 3622 contra
910 3542 1040 3621 fratres
1055 3544 1259 3650 singulares
1274 3545 1362 3662 dicti
1378 3545 1519 3622 ordinis

100 3690 164 3749 aut
186 3675 233 3750 de
258 3674 333 3751 hiis
347 3703 423 3780 que
445 3675 545 3780 ipsos
568 3692 727 3783 tangunt
746 3659 925 3781 tinquam
947 3675 1155 3782 singulares
1173 3699 1371 3781 personas,
1398 3676 1521 3781 inqui-

73 3872 76 3877 .
100 3830 183 3878 rere
212 3830 291 3879 non
313 3805 510 3881 intendant
538 3834 608 3882 nec
631 3785 791 3912 possint,
807 3807 1031 3884 ‚secundum
1056 3832 1076 3881 a
1099 3805 1266 3910 predicta
1292 3806 1381 3881 sede
1404 3789 1520 3880 tradi-

44 3925 48 3933 ’
102 3945 181 4004 tam
209 3928 280 4004 sibi
308 3930 500 4036 formam),
521 3934 682 4013 Parisius
711 3938 759 4013 ad
785 3935 1017 4041 presenciam
1047 3936 1312 4040 deputatorum
1332 3931 1517 4035 ipsorum,

101 4057 174 4136 sub
188 4074 267 4134 tam
280 4056 377 4146 fida,
396 4076 477 4136 tuta
492 4080 533 4138 et
543 4081 641 4140 certa
655 4066 824 4142 custodia
837 4067 945 4170 quod
957 4091 1035 4139 non
1049 4065 1193 4166 possint
1207 4061 1400 4165 aufugere,
1423 4063 1519 4138 etita

102 4205 208 4266 caute
227 4205 266 4264 et
282 4189 516 4294 segregatim,
532 4193 637 4295 quod
649 4219 689 4267 se
706 4193 864 4268 invicem
882 4216 960 4265 non
974 4189 1120 4264 valeant
1137 4189 1357 4276 subornare,
1374 4208 1438 4266 aut
1454 4191 1519 4270 ali-

103 4348 195 4423 quas
209 4318 453 4407 collusiones,
474 4318 665 4412 falsitates,
684 4319 982 4399 machinaciones
999 4336 1064 4395 aut
1078 4317 1307 4426 subterfugia
1325 4318 1518 4411 fabricare,
1544 4383 1545 4387 ,
1651 4378 1654 4383 ·

103 4475 264 4554 perque
283 4447 541 4556 inquisitionis
559 4450 730 4556 predicte-
746 4450 903 4558 negocio
921 4448 1236 4555 impedimentum
1253 4449 1450 4554 prestetur,
1471 4449 1523 4526 fa·

107 4579 212 4655 ciatis
232 4578 368 4655 adduci
388 4579 468 4656 sine
489 4579 674 4658 dilacione
694 4600 759 4659 aut
782 4581 1057 4658 contr-edicione
1078 4607 1332 4688 quacumque,
1351 4580 1400 4655 ita
1419 4584 1520 4688 quod

105 4710 154 4785 ad
174 4708 333 4815 primam
354 4709 456 4787 diem
472 4710 673 4817 juridicam
692 4730 777 4820 post
795 4714 936 4789 instans
954 4710 1093 4788 festum
1117 4710 1393 4790 Purificacionis
1415 4710 1522 4788 beate

106 4840 221 4919 Mario
248 4841 426 4950 Virginis,
447 4845 560 4947 quam
587 4843 689 4922 idem
718 4846 892 4952 deputati
909 4844 955 4921 ad
978 4843 1260 4950 procedendum
1280 4842 1319 4917 in
1340 4842 1439 4918 dicto
1458 4869 1524 4916 ne·

346 5006 350 5010 ,
1345 5002 1371 5058 7·
1448 5057 1449 5061 Ἴ
