4148 6052
709 524 909 618 rnocts
934 543 1038 619 uns¹
1054 542 1357 621 renarrans.
1675 549 1744 618 roc

324 688 456 766 nonin
471 684 554 765 aliis
568 681 711 763 fiebant
729 681 967 771 ellemosine,
984 699 1044 759 ter
1063 681 1102 758 in
1119 682 1341 787 septimana,
1361 710 1406 758 ex
1425 698 1564 757 statuto
1584 683 1770 772 ordinis:

325 834 368 894 ut
387 815 522 907 credit,
545 831 584 891 et
604 814 656 890 ita
673 811 769 890 vidit
787 811 994 902 observari,
1015 828 1060 888 ut
1082 810 1191 902 dixit,
1213 827 1385 917 tempore
1408 838 1488 917 quo
1511 810 1592 917 ipse
1617 812 1690 888 luit
1709 816 1746 888 in

324 948 425 1025 dicto
444 946 591 1024 ordine.
612 947 725 1032 ltem,
747 943 842 1021 dixit
865 942 1066 1021 sevidisse
1091 943 1131 1018 in
1155 943 1271 1021 domo
1296 943 1386 1018 dicti
1411 942 1571 1032 ordinis,
1593 944 1750 1021 civitatis

324 1077 586 1166 Nannatensis,
607 1075 714 1183 quod
732 1074 899 1152 Thomas
923 1073 1081 1181 claviger
1104 1073 1204 1150 dicte
1224 1073 1377 1162 domus,
1400 1073 1513 1150 frater
1537 1073 1628 1150 dicti
1649 1075 1750 1151 ordi-

318 1209 399 1294 nis,
420 1206 534 1285 dabat
550 1206 744 1283 interdum
759 1204 883 1311 porcis
898 1203 1045 1281 bonum
1061 1202 1220 1281 bladum
1238 1220 1276 1281 et
1293 1203 1524 1310 pauperibus
1542 1232 1679 1310 panem
1701 1207 1747 1281 de

325 1324 478 1432 sulfure,
495 1337 583 1416 licet
596 1353 794 1444 preceptor
811 1336 909 1414 dicte
927 1334 1065 1413 domus
1080 1335 1309 1441 precepisset
1326 1335 1425 1412 dioto
1443 1335 1625 1442 clavigero
1643 1338 1746 1444 quod

326 1467 465 1546 laceret
484 1468 649 1547 debitam
668 1466 945 1558 ellemosinam,
975 1483 1014 1543 et
1031 1465 1104 1546 hoc
1124 1464 1219 1543 dixit
1235 1490 1277 1543 se
1296 1464 1481 1543 audivisse
1502 1468 1595 1543 dum
1616 1468 1748 1544 existe-

326 1615 385 1676 ret
403 1599 442 1674 in
462 1597 578 1676 domo
593 1597 773 1704 predicta.

381 1731 486 1822 ltem,
507 1754 622 1838 super
638 1754 788 1810 tortu-c
805 1726 971 1808 mdcrrlis
994 1725 1215 1836 requisitus,
1234 1729 1429 1836 respondit
1448 1758 1486 1807 se
1504 1730 1621 1807 nichil
1638 1733 1748 1817 scire,

325 1858 419 1938 vidit
440 1877 568 1937 tamen
594 1859 700 1968 quod
719 1854 959 1966 per'litteras
988 1859 1210 1966 apostolicas
1234 1854 1344 1936 multi
1373 1853 1601 1937 vexabantur
1630 1890 1652 1937 a
1679 1861 1751 1936 sra-
1791 1861 1795 1869 ’

327 1966 448 2066 tribbs
480 1989 569 2067 dicti
601 1989 744 2067 ordinis
776 2006 814 2066 et
847 1989 972 2097 aliqua
997 1989 1269 2096 extorquebant
1293 1990 1452 2067 obtentu
1477 1990 1668 2067 dictarum
1690 1992 1751 2095 lit·

327 2134 492 2196 terarum
519 2119 662 2212 abeis,
689 2137 727 2197 et
752 2119 862 2208 vidit,
888 2137 932 2198 ut
960 2120 1070 2212 dixit,
1096 2120 1203 2227 quod
1228 2121 1407 2198 dominus
1433 2120 1674 2199 Guausredus
1702 2123 1749 2197 de
1810 2098 1814 2104 ι

327 2264 455 2324 sancto
481 2247 651 2340 Britone,
683 2246 882 2353 episcopus
910 2248 1104 2352 quondam
1131 2249 1396 2340 xantonensis,
1422 2249 1495 2326 suit
1523 2268 1750 2356 conquestus

327 2377 431 2454 fratri
448 2376 665 2456 Guaulredo
684 2377 731 2454 de
748 2377 914 2484 Vicbeyo
931 2375 1111 2455 visitatori
1129 2376 1218 2452 dicti
1233 2377 1377 2454 ordinis
1391 2378 1438 2453 de
1458 2377 1570 2455 fratre
1590 2382 1750 2457 Martino

327 2526 545 2614 preceptore
564 2507 612 2584 de
629 2509 753 2614 Epans
770 2507 944 2614 ejusdem
962 2505 1136 2598 diocesis,
1156 2534 1272 2613 quem
1289 2506 1478 2584 asserebat
1496 2508 1598 2585 idem
1617 2506 1753 2615 episco-

327 2668 398 2744 pus
418 2640 612 2717 extorsisse
637 2637 806 2715 indebite
831 2637 878 2715 ab
905 2638 988 2744 ejus
1011 2636 1175 2714 subditis
1198 2636 1296 2713 ultra
1320 2636 1544 2746 quingentas
1563 2638 1692 2731 libras,
1716 2660 1753 2717 et

327 2769 478 2874 petebat
502 2797 523 2843 a
547 2758 647 2844 dicto
674 2767 862 2845 visitatore
886 2765 991 2873 quod
1012 2764 1152 2843 faceret
1174 2794 1264 2844 cum
1289 2793 1476 2845 cessarea
1498 2767 1607 2845 dictis
1630 2789 1752 2846 extor-
1835 2779 1838 2788 '

326 2900 497 2977 sionibus
515 2917 554 2977 et
569 2898 729 2976 reddere
747 2897 801 2975 sic
818 2913 976 2986 extorta,
995 2895 1064 2975 sed
1086 2896 1208 2975 dictus
1229 2898 1396 2975 visitator
1418 2899 1532 2994 surda
1553 2929 1642 2976 aure
1668 2929 1753 3006 per-

326 3029 497 3108 transivit
513 3045 552 3105 et
567 3026 814 3105 dissimulavit
830 3025 1014 3133 predicta,
1034 3026 1082 3102 de
1103 3055 1179 3132 quo
1198 3025 1321 3106 dictus
1341 3028 1537 3136 episeopus
1555 3029 1626 3106 fuit
1645 3031 1750 3107 valde

328 3158 512 3237 turbatus.
530 3159 785 3263 Interrogatus
803 3156 851 3233 de
869 3173 1043 3263 tempore
1060 3184 1138 3266 quo
1157 3156 1314 3235 suerunt
1330 3158 1513 3264 predicta,
1534 3159 1632 3236 dixit
1647 3162 1750 3266 quod

330 3290 460 3367 decem
477 3287 564 3365 anni
582 3304 704 3381 erant,
722 3303 760 3366 et
776 3286 883 3395 quod
895 3287 1018 3366 dictus
1038 3288 1235 3396 episcopus
1254 3318 1389 3395 parum
1407 3286 1554 3367 vixerat
1565 3307 1651 3395 post
1666 3291 1751 3396 pre-

329 3420 437 3498 dicta.
459 3419 678 3529 Requisitus
698 3436 793 3527 quot
812 3417 919 3496 annis
935 3417 1058 3497 firerat
1077 3420 1156 3526 ipse
1176 3420 1284 3498 testis
1302 3421 1342 3496 in
1363 3420 1497 3498 ordine
1517 3420 1666 3525 Templi
1688 3450 1752 3496 an-

328 3567 481 3659 tequam
499 3553 667 3659 predicta
687 3550 906 3644 audivisset,
927 3551 1123 3657 respondit
1150 3551 1254 3658 quod
1277 3578 1346 3658 per
1369 3552 1677 3659 quadriennium,
1705 3553 1751 3627 de

254 3744 260 3751 .
327 3681 468 3789 quibus
491 3680 613 3759 suerat
641 3698 810 3759 moratus
833 3708 903 3787 per
927 3680 1026 3758 duos
1049 3709 1167 3759 annos
1192 3681 1231 3758 in
1257 3682 1358 3759 dicto
1383 3681 1466 3760 loco
1492 3682 1559 3760 des
1583 3683 1752 3786 Enspans

329 3826 373 3885 ut
390 3810 566 3901 donatus,
585 3811 653 3888 sed
669 3812 842 3889 nondum
860 3811 1033 3904 indutus,
1054 3830 1092 3890 et
1107 3840 1176 3919 per
1196 3811 1288 3890 alios
1307 3814 1405 3891 duos
1419 3813 1458 3889 in
1478 3814 1592 3891 domo
1611 3814 1658 3888 de
1676 3815 1752 3888 Ru·

329 3939 426 4046 pella
443 3956 486 4017 ut
501 3939 615 4017 frater
632 3941 721 4017 dicti
739 3940 895 4018 ordinis.
915 3943 1133 4050 Requisitus
1152 3944 1300 4023 deloco
1318 3944 1357 4020 in
1377 3972 1453 4051 quo
1474 3944 1596 4022 dictus
1617 3943 1752 4047 episco-

330 4100 401 4177 pus
419 4069 588 4177 predicta
609 4070 754 4146 dixerat
777 4070 878 4146 dicto
897 4070 1094 4161 visitatori,
1118 4072 1314 4178 respondit
1334 4072 1440 4180 quod
1463 4072 1565 4178 apud
1590 4088 1750 4149 castrum

330 4202 510 4280 Bemardi
530 4199 780 4278 Xantonensis
800 4198 970 4278 diocesis.

385 4334 497 4421 ltem,
512 4358 627 4438 super
640 4356 746 4409 crcvr
759 4329 924 4408 articulis
936 4329 1152 4439 requisitus,
1169 4332 1479 4440 responditquod
1491 4333 1584 4410 clam
1596 4363 1751 4412 consue-

331 4480 464 4540 verunt
479 4481 610 4542 tenere
626 4490 695 4541 sua
712 4461 892 4568 capitula,
912 4462 1030 4540 eciam
1048 4464 1198 4544 excluso
1216 4464 1449 4572 predicatore
1466 4465 1532 4572 qui
1550 4465 1750 4571 aliquando

330 4594 546 4698 predicabat
564 4595 603 4671 in
625 4593 733 4673 dictis
752 4592 941 4700 capitulis,
964 4611 1004 4671 et
1022 4623 1063 4673 se
1082 4593 1267 4673 audivisse
1288 4594 1361 4671 dici
1381 4594 1487 4703 quod
1504 4596 1672 4701 predicta
1692 4620 1751 4673 ca-

329 4722 449 4828 pitula
467 4724 694 4802 tenebantur
717 4725 813 4801 circa
833 4749 1025 4816 auroram,
1047 4726 1212 4804 sednon
1231 4723 1454 4804 interfuerat
1467 4726 1509 4803 in
1525 4726 1635 4804 dictis
1652 4729 1751 4833 capi-

331 4854 437 4943 tulis,
456 4873 500 4932 ut
517 4854 627 4943 dixit,
646 4883 715 4935 nec
731 4854 825 4934 vidit
840 4882 911 4932 nec
930 4857 1075 4935 audivit
1093 4858 1166 4936 dici
1186 4857 1293 4966 quod
1309 4856 1509 4936 familiares
1529 4857 1752 4964 expelleren-
