4080 6052
532 543 605 617 tao
916 521 1115 615 rsoets
1138 541 1234 613 nas
1261 538 1560 613 cunenses.

528 685 667 772 Deum,
687 698 726 758 et
744 710 832 759 cum
849 681 929 787 ipse
947 682 1053 761 testis
1071 678 1327 787 respondisset
1341 678 1447 786 quod
1463 705 1539 756 uon
1558 676 1725 784 placeret
1739 676 1829 756 Deo
1849 681 1953 786 quod

528 815 609 918 ipse
632 809 789 903 laceret,
823 811 944 888 dictus
973 828 1145 916 receptor
1170 808 1364 916 subjunxit
1390 807 1495 914 quod
1519 807 1709 914 quidquid
1737 807 1819 914 ipse
1846 809 1952 887 testis
2012 818 2015 826 '

529 958 677 1047 gereret
696 941 735 1016 in
755 943 889 1028 corde,
911 940 1110 1047 oportebat
1132 966 1224 1017 eum
1241 940 1349 1047 quod
1367 939 1569 1046 abnegaret
1588 966 1673 1033 ora,
1703 955 1744 1016 et
1761 955 1848 1017 tanc
1864 940 1947 1046 ipse

528 1072 631 1150 testis
657 1070 770 1148 dixit:
788 1071 828 1149 Si
851 1088 998 1178 oportet
1017 1098 1078 1147 me
1099 1070 1301 1175 abnegare,
1324 1069 1520 1176 abnegabo
1539 1096 1604 1147 ore
1620 1097 1701 1146 uon
1716 1070 1841 1147 corde.
1856 1071 1946 1147 Post

527 1229 602 1307 que
630 1202 677 1278 de
702 1202 878 1278 mandato
905 1199 994 1278 dicti
1021 1199 1225 1307 receptoria
1248 1198 1445 1306 abnegavit
1461 1199 1604 1292 Deum,
1628 1198 1771 1275 dictam
1790 1197 1944 1305 abnega-

528 1332 675 1408 cionem
707 1328 844 1408 faciens
876 1359 940 1408 ore
957 1359 1048 1430 non
1076 1331 1211 1419 corde,
1238 1329 1377 1407 deinde
1403 1329 1570 1435 precepit
1601 1329 1635 1405 ei
1661 1329 1772 1436 quod
1799 1347 1948 1436 spueret

528 1488 642 1566 super
657 1461 848 1566 quandam
867 1488 1017 1565 parvam
1037 1487 1186 1536 crucem
1206 1458 1255 1536 de
1272 1488 1399 1565 pauno
1414 1457 1534 1535 rubeo
1550 1458 1739 1535 minorem
1760 1487 1877 1565 Qum
1892 1487 1944 1538 es·

527 1609 611 1667 sent
636 1617 764 1667 cruces
794 1619 887 1696 quas
906 1591 1105 1697 portabant
1133 1590 1173 1666 in
1192 1589 1397 1677 mantellis,
1426 1588 1587 1696 positam
1606 1618 1674 1696 per
1699 1590 1828 1696 ipsum
1845 1618 1944 1668 rece-

527 1738 682 1827 ptorem.
692 1749 807 1827 super
825 1721 1020 1827 quoddam
1036 1748 1192 1825 parvum
1208 1748 1408 1810 scanuum3
1430 1735 1567 1797 etcum
1578 1719 1659 1826 ipse
1669 1719 1783 1799 testis
1794 1747 1942 1828 respon-

527 1851 642 1929 disset
666 1851 772 1958 quod
787 1850 894 1928 nnllo
922 1853 1036 1928 modo
1058 1851 1131 1928 hoc
1156 1849 1308 1942 faceret,
1335 1849 1429 1927 dixit
1459 1850 1493 1926 ei
1518 1851 1624 1958 quod
1647 1851 1724 1928 hoc
1752 1850 1942 1957 oportebat

526 2009 615 2060 eum
632 1980 770 2067 lacere,
791 1981 881 2088 quia
901 1998 979 2058 erat
996 1981 1044 2059 de
1060 1980 1209 2087 punctis
1219 1980 1308 2057 dicti
1324 1980 1485 2072 ordinis;
1506 1996 1544 2057 et
1560 1997 1654 2057 tuuc
1671 1979 1754 2086 ipse
1775 1980 1880 2058 testis
1897 1979 1944 2058 ita

524 2111 696 2189 turbatus
735 2112 838 2217 quod
871 2112 910 2187 in
942 2111 1016 2188 vita
1052 2140 1119 2188 sua
1150 2139 1345 2217 nunquam
1376 2109 1499 2188 suerat
1526 2111 1577 2186 ita
1605 2110 1872 2216 perturbatus,
1905 2129 1947 2188 ut

527 2242 637 2330 dixit,
663 2241 765 2346 spuit
794 2270 871 2317 nou
896 2270 1011 2346 super
1040 2242 1179 2319 dictam
1204 2270 1373 2329 crucem,
1395 2244 1464 2319 sed
1482 2241 1601 2349 juxta
1628 2241 1785 2319 Deinde
1798 2242 1944 2321 dixitei

526 2373 630 2476 quod
645 2373 856 2449 secundum
876 2372 975 2449 dicta
995 2350 1133 2479 puncta
1155 2371 1318 2449 debebat
1336 2400 1425 2448 eum
1446 2371 1605 2449 osculari
1628 2371 1668 2448 in
1694 2400 1787 2464 ano,
1809 2391 1848 2450 et
1866 2400 1946 2478 pre·

524 2503 622 2608 cepit
635 2503 741 2610 quod
755 2530 845 2579 eum
859 2503 1104 2590 oscularetur,
1120 2503 1187 2580 sed
1200 2501 1324 2579 noluit
1338 2529 1428 2578 eum
1440 2501 1598 2579 osculari
1609 2502 1651 2578 in
1664 2499 1769 2580 dicto
1781 2502 1866 2581 loco
1880 2533 1945 2580 nac

525 2634 613 2712 alibi
639 2662 753 2740 quam
780 2635 820 2709 in
845 2662 922 2710 ore.
948 2634 1046 2710 Cum
1068 2633 1289 2709 mantellum
1308 2633 1525 2710 tradidisset
1545 2633 1690 2720 eidem,
1712 2633 1945 2740 subsequen-

523 2782 581 2839 ter
611 2764 704 2840 dixit
723 2765 756 2840 ei
773 2764 878 2870 quod
899 2764 1110 2840 secundum
1133 2763 1232 2840 dicta
1250 2781 1388 2867 puncta
1407 2779 1554 2868 poterat
1573 2762 1775 2840 carnaliter
1793 2764 1940 2841 commi·

524 2895 617 2969 sueri
632 2893 811 2971 iratribus
820 2894 975 2981 ordinis,
988 2910 1027 2969 et
1038 2893 1112 2998 pati
1125 2893 1232 3000 quod
1247 2893 1317 2998 ipsi
1331 2893 1666 2970 commiscerentur
1684 2922 1772 2971 cum
1785 2920 1844 2980 eo,
1859 2893 1938 2999 ipse

524 3040 650 3098 tamen
679 3025 782 3100 testis
809 3024 904 3100 dixit
922 3025 1028 3130 quod
1048 3023 1156 3100 nullo
1175 3024 1291 3101 modo
1307 3024 1380 3100 hoc
1397 3022 1553 3110 faceret,
1570 3051 1642 3099 nec
1660 3022 1767 3116 lecit,
1782 3052 1851 3101 nec
1870 3014 1943 3099 luit

524 3152 742 3258 requisitus,
765 3182 834 3228 nac
859 3155 927 3228 scit
951 3155 979 3228 si
1007 3153 1137 3230 fratres
1165 3155 1254 3230 dicti
1281 3155 1424 3231 ordinis
1446 3153 1733 3232 committebant
1750 3171 1943 3261 peccatum

524 3282 749 3387 predictum.
775 3284 887 3370 Item,
917 3283 1010 3359 dixit
1030 3284 1135 3387 quod
1163 3284 1306 3359 eisdem
1338 3284 1416 3374 die,
1438 3283 1537 3369 loco,
1568 3284 1676 3372 hora,
1706 3284 1945 3389 presentibus

525 3431 563 3488 et
581 3415 830 3518 pereundam
851 3411 921 3488 fuit
941 3431 1130 3519 receptus,
1154 3442 1332 3489 unacum
1351 3415 1431 3519 ipso
1450 3430 1562 3503 teste,
1585 3413 1694 3490 frater
1708 3413 1939 3489 Humbertus

525 3544 632 3649 cujus
652 3572 859 3650 cognomen
882 3544 1046 3650 ignorat,
1066 3545 1112 3620 de
1134 3542 1302 3648 partibus
1323 3545 1410 3621 dicti
1426 3546 1627 3649 receptoria
1644 3543 1705 3649 qui
1728 3541 1851 3617 suerat
1872 3570 1938 3616 na-

524 3693 585 3750 tus
606 3678 704 3780 apud
727 3675 998 3781 Maysoncelos,
1021 3676 1141 3751 nescit
1160 3676 1269 3782 cujus
1287 3675 1447 3752 diocesis
1462 3674 1666 3762 oriundus,
1690 3674 1729 3747 iu
1749 3672 1859 3779 cujus
1881 3700 1941 3747 re-

525 3807 700 3911 cepcione
726 3806 881 3883 luerunt
911 3807 952 3881 in
981 3806 1157 3882 omnibus
1183 3824 1222 3881 et
1243 3834 1311 3910 per
1336 3806 1462 3883 omnia
1477 3806 1617 3912 jurata,
1648 3804 1741 3881 lacta
1766 3819 1803 3879 et
1829 3802 1941 3892 dicta,

524 3933 624 4013 licita
641 3956 678 4014 et
691 3937 838 4024 illicita,
858 3965 933 4044 que
950 3938 1125 4043 deposuit
1140 3935 1254 4013 luisse
1270 3935 1364 4012 sacta
1376 3938 1416 4012 iu
1429 3937 1645 4042 recepcione
1668 3963 1752 4021 sua;
1768 3951 1807 4010 et
1821 3934 1942 4039 primo

524 4066 596 4144 luit
610 4086 783 4173 receptus
805 4070 927 4145 dietus
944 4069 1177 4145 Humbertus
1197 4084 1310 4172 quatu
1330 4068 1409 4172 ipse
1422 4067 1543 4156 testis,
1565 4084 1602 4143 et
1618 4065 1711 4142 dixit
1731 4093 1772 4141 se
1792 4065 1942 4140 credero

525 4199 627 4302 quod
650 4199 926 4305 displicuissent
946 4198 1075 4273 illicita
1097 4197 1196 4273 dicto
1218 4196 1321 4273 fratri
1343 4196 1553 4272 Humberto
1575 4196 1672 4271 sicut
1691 4211 1730 4270 et
1750 4194 1822 4302 ipsi
1840 4193 1940 4275 testi,

516 4345 637 4432 prout
656 4329 781 4406 vultus
802 4329 973 4436 ejusdem
994 4326 1194 4404 Humberti
1221 4343 1259 4403 et
1274 4327 1387 4404 verba
1405 4326 1680 4416 indicabantur,
1703 4340 1742 4401 et
1757 4323 1863 4431 quod
1883 4322 1943 4399 ab·

525 4462 713 4566 negaverit
736 4489 800 4537 ore
830 4487 907 4537 nou
933 4459 1059 4536 corde.
1095 4458 1267 4536 Plurium
1298 4457 1582 4564 recepcionibus
1609 4473 1647 4533 et
1670 4454 1848 4563 capitulis
1872 4482 1943 4530 non

526 4590 710 4678 adsuerat,
728 4617 796 4666 nec
815 4591 925 4697 plura
946 4589 1086 4667 sciebat
1106 4589 1153 4665 de
1175 4589 1360 4665 contentis
1379 4589 1418 4663 in
1437 4587 1545 4664 dictis
1560 4613 1624 4664 xus
1643 4584 1830 4674 articrdis,
1852 4585 1945 4662 sicut

527 4718 630 4794 dixit.

582 4850 695 4934 Item,
722 4849 924 4954 requisitus
950 4880 1064 4956 super
1091 4876 1167 4927 nun
1195 4867 1232 4926 et
1256 4848 1433 4927 omuibus
1457 4845 1720 4954 sequentibus,
1748 4843 1941 4953 respondit
