4080 6052
342 551 413 624 ue
724 522 920 617 meets
945 541 1040 614 nus
1065 538 1366 613 Tauranus.

337 691 451 779 ciam,
474 686 726 792 etpecierunt
740 683 786 759 ab
803 711 849 760 eo
869 681 973 788 quod
988 679 1154 786 petebat,
1174 692 1219 755 ut
1237 676 1307 755 sibi
1328 676 1495 766 videtum
1518 692 1663 753 etcum
1683 678 1757 787 ipse

338 820 499 897 nesciret
516 817 745 922 respondere
763 831 917 921 propter
935 810 1232 889 teneritudinem
1252 809 1375 896 etatis,
1397 807 1487 891 dicti
1501 804 1645 886 milites
1660 809 1759 897 due·

339 966 430 1026 runt
445 945 655 1026 :Vosvultis
665 972 745 1023 esse
763 943 877 1021 frater
888 941 1059 1049 Templii¹
1070 942 1158 1034 Quo
1169 940 1422 1047 respondente
1437 938 1546 1046 quod
1562 939 1622 1031 sic,
1637 938 1758 1045 p'ecie·

340 1096 431 1155 runt
449 1078 495 1154 ab
516 1104 561 1152 eo
577 1104 692 1183 quare
714 1076 787 1151 hoc
805 1071 972 1163 volebat,
989 1101 1076 1148 cum
1098 1088 1194 1148 esset
1213 1069 1352 1149 nobilis
1370 1084 1411 1147 et
1422 1066 1532 1146 diver
1551 1084 1588 1144 et
1603 1066 1752 1147 baberet

340 1227 478 1288 terram
499 1206 763 1293 sufficientem,
787 1222 824 1282 et
842 1203 938 1281 forte
959 1201 1135 1279 credebat
1153 1199 1256 1308 quod
1278 1200 1318 1277 in
1338 1197 1481 1278 ordine·
1492 1198 1645 1305 Templi
1664 1217 1754 1279 esset

341 1338 412 1417 sibi
437 1339 575 1416 melius
601 1354 640 1412 et
662 1335 767 1443 qnod
795 1351 922 1441 posset
941 1334 1040 1410 bene
1064 1331 1232 1437 equitare
1254 1330 1407 1436 quando
1429 1327 1549 1407 uellet
1568 1345 1609 1406 et
1624 1326 1755 1407 habere

342 1470 406 1547 illa
434 1496 509 1575 que
539 1466 611 1544 sibi
639 1465 843 1571 placerent,
872 1465 939 1540 sed
967 1492 1044 1539 non
1063 1479 1166 1571 ¹esset
1192 1462 1265 1537 sic:
1287 1489 1373 1537 nam
1397 1461 1430 1538 'si
1456 1459 1629 1547 intraret,
1655 1486 1757 1567 opor·

341 1615 439 1675 teret
456 1624 545 1672 eum
561 1595 680 1673 multa
695 1622 824 1701 aspera
842 1611 879 1670 et
897 1593 990 1669 dura
1007 1592 1207 1683 sustinere,
1224 1607 1261 1667 et
1279 1618 1357 1668 esse
1375 1591 1478 1667 ultra
1492 1616 1596 1668 mare
1611 1589 1757 1698 quando

341 1727 458 1806 vellet
488 1757 567 1804 esse
597 1726 704 1810 citra,
731 1724 882 1830 vigilare
910 1724 1062 1829 quando
1083 1723 1197 1799 vellet
1224 1715 1405 1810 dormire,
1427 1722 1577 1802 ,esurire
1608 1720 1757 1828 wando

343 1857 457 1935 vellet
472 1854 670 1934 comedere
687 1871 725 1931 et
739 1853 895 1946 similia3
915 1880 992 1959 quo
1013 1853 1264 1958 respondente
1282 1852 1385 1959 quod
1401 1853 1531 1929 omnia
1543 1851 1638 1964 bene
1652 1853 1757 1929 susti-

344 2004 452 2064 neret
476 2004 514 2062 et
531 1986 635 2090 quod
653 1984 802 2061 volebat
823 2012 902 2060 esse
925 1981 1048 2072 frater,
1075 2010 1120 2059 ex
1143 2010 1219 2089 quo
1242 1999 1348 2089 pater
1369 2000 1407 2059 et
1425 1999 1549 2060 mater
1567 1982 1651 2090 ejus
1666 1981 1758 2060 role-

344 2117 452 2204 baut,
473 2115 704 2225 intraverunt
724 2114 813 2190 dicti
833 2113 911 2190 duo
930 2113 1061 2190 fratres
1081 2113 1260 2221 capellam
1282 2129 1322 2191 et
1338 2113 1455 2190 locuti
1476 2112 1635 2191 fuerunt
1653 2140 1758 2221 super

344 2244 546 2352 premissis,
558 2262 602 2322 ut
612 2244 822 2337 arbitratur,
835 2242 937 2319 fratri
949 2245 1130 2321 Franconi
1144 2222 1305 2331 deBort,
1321 2243 1516 2350 quondam
1529 2243 1664 2337 milite,
1677 2263 1758 2322 tunc

344 2375 553 2482 preceptori
572 2373 762 2462 Alvernie‚
783 2392 825 2452 ut
836 2374 907 2452 sibi
920 2375 1079 2467 videtur,
1102 2375 1167 2481 qui
1188 2374 1351 2452 debebat
1368 2375 1537 2480 recipere
1558 2377 1760 2454 eum.Post·

345 2509 503 2585 modum
522 2506 718 2584 redierunt
733 2508 780 2583 ad
795 2506 961 2584 eundem
979 2523 1114 2585 testem
1128 2507 1192 2613 qui
1214 2505 1316 2584 solus
1337 2523 1416 2583 erat
1435 2506 1477 2582 in
1490 2505 1592 2585 dicta
1609 2536 1757 2601 camera,

346 2656 384 2716 et
402 2636 693 2715 introduxerunt
711 2664 800 2713 eum
820 2663 946 2713 coram
963 2635 1062 2713 dioto
1081 2635 1191 2713 fratre
1204 2638 1234 2713 F
1234 2664 1410 2727 rancone,
1423 2653 1463 2713 et
1475 2635 1632 2716 luerunt
1649 2640 1759 2716 eciam

345 2768 547 2845 introducti
569 2768 646 2844 duo
666 2766 864 2872 presbiteri
883 2763 949 2873 qui
969 2765 1124 2843 luerunt
1144 2768 1284 2873 recepti
1310 2796 1397 2845 cum
1418 2795 1484 2855 eo,
1506 2794 1666 2876 quorum
1683 2794 1758 2846 nou

346 2896 459 2973 habet
477 2898 670 2985 noticiam,
692 2926 817 2974 coram
839 2925 915 3003 quo
939 2897 1134 3003 pecierunt
1152 2897 1217 2975 illa
1234 2926 1309 3005 que
1330 2899 1578 3007 suprascripta
1593 2915 1694 2992 sunt,
1720 2916 1757 2976 et

346 3024 426 3128 ipse
455 3026 546 3100 dixit
574 3027 627 3103 eis
651 3026 738 3103 talia
763 3027 876 3103 verba
904 3028 1028 3134 qualia
1053 3028 1221 3106 dixerant
1251 3028 1339 3107 dicti
1368 3029 1448 3107 duo
1477 3014 1609 3133 fratres
1635 3030 1756 3108 eidem

346 3154 448 3240 testi,
466 3171 503 3229 et
521 3171 564 3228 ut
584 3154 834 3232 deliberarent
852 3184 966 3262 super
984 3158 1160 3263 predictis
1179 3158 1267 3236 fecit
1286 3187 1350 3237 eos
1370 3160 1469 3238 exire
1485 3161 1624 3238 dietam
1643 3186 1760 3237 came·

348 3306 452 3370 ram,
463 3300 499 3359 et
519 3283 656 3360 iterum
676 3285 872 3361 redierunt
893 3304 1063 3391 petentes
1084 3288 1123 3364 id
1143 3290 1246 3394 quod
1267 3291 1559 3396 suprascriptum
1580 3309 1652 3378 est;
1674 3292 1763 3368 lina·

348 3413 433 3488 liter
445 3413 566 3491 dictus
579 3433 775 3521 preceptor
793 3415 881 3491 feeit
901 3443 965 3493 eos
979 3417 1107 3523 jurare
1129 3436 1242 3523 super
1257 3422 1459 3526 quemdam
1477 3420 1630 3506 librum,
1643 3447 1760 3524 quem

348 3547 499 3623 tenebat
525 3566 694 3653 apertum
719 3549 759 3626 in
783 3550 926 3654 gremio
945 3578 1031 3637 suo,
1053 3550 1328 3640 obedienciam,
1342 3571 1380 3630 et
1396 3576 1519 3628 vovere
1535 3549 1758 3641 castitatem,

347 3677 467 3753 vivere
489 3678 568 3754 sine
587 3680 755 3785 proprio,
778 3707 921 3756 servare
942 3680 1062 3758 bonos
1081 3710 1173 3759 usus
1197 3701 1234 3758 et
1256 3683 1374 3760 bonas
1393 3680 1681 3759 consuetudines
1700 3708 1760 3756 or-

349 3809 448 3886 dinis
474 3840 548 3917 que
572 3830 664 3887 tunc
689 3829 793 3887 erant
817 3828 951 3917 etque
977 3812 1016 3887 in
1040 3830 1233 3917 posterum
1258 3813 1529 3917 inponerentur
1548 3837 1617 3918 per
1640 3811 1764 3918 Magis

348 3959 449 4018 trum
470 3943 680 4018 secundum
700 3959 835 4019 statuta
855 3942 1013 4030 ordinis,
1040 3970 1184 4019 servare
1207 3961 1346 4021 secreta
1370 3943 1637 4050 capituliorum
1666 3961 1703 4020 et
1726 3970 1761 4019 ea

348 4099 424 4146 non
445 4071 637 4163 revellare,
654 4072 771 4148 eciam
791 4070 965 4149 fratribus
985 4073 1050 4177 qui
1071 4092 1148 4149 non
1167 4071 1423 4150 interfuissent
1433 4075 1472 4151 in
1490 4073 1562 4164 eis3
1576 4098 1656 4150 non
1672 4074 1760 4149 exire

350 4185 491 4276 dictum
513 4202 685 4278 ordinem
705 4229 774 4307 pro
787 4201 935 4277 meliori
949 4201 1009 4278 vel
1023 4202 1141 4308 pejori
1158 4202 1298 4309 absque
1318 4204 1472 4280 licencia
1489 4203 1696 4312 superioris
1713 4201 1761 4279 sui

349 4330 415 4435 qui
433 4350 558 4436 posset
578 4360 659 4408 eam
682 4333 788 4420 dare,
805 4331 936 4438 juvare
956 4360 1025 4439 pro
1045 4361 1153 4439 posse
1173 4362 1242 4410 suo
1263 4335 1309 4411 ad
1330 4334 1761 4442 acquirendumregnum

349 4458 721 4539 iherosolimitanum
741 4463 842 4539 etad
864 4461 1160 4541 deffendendum
1172 4466 1277 4571 quod
1296 4466 1343 4543 de
1363 4494 1408 4543 eo
1428 4483 1509 4564 erat
1528 4464 1759 4571 acquisitumt

349 4617 425 4666 non
454 4594 633 4671 interesse
666 4594 749 4671 loco
778 4594 818 4669 in
847 4622 923 4699 quo
965 4593 1099 4701 aliquis
1128 4622 1172 4671 ex
1205 4597 1331 4673 studio
1368 4625 1453 4674 suo·
1478 4598 1759 4674 exheredaretur

348 4718 406 4793 vel
437 4720 701 4824 dampnaretur
731 4725 884 4832 injuste,
927 4742 963 4801 et
992 4726 1096 4832 quod
1129 4754 1206 4802 non
1242 4744 1482 4833 percuterent
1513 4725 1755 4805 Christianum

251 4840 254 4847 ’
351 4846 474 4924 taliter
501 4850 606 4955 quod
637 4880 681 4928 ex
709 4882 841 4933 eorum
866 4857 1105 4961 percussione
1136 4874 1261 4964 posset
1288 4858 1467 4937 mutillari
1501 4858 1562 4936 vel
1597 4851 1752 4936 interfici.
