4080 6052
323 545 397 614 610
663 629 665 634 ¹
708 520 901 613 moces
928 538 1022 610 ors
1048 536 1349 611 renelmus.

324 682 507 788 necquod
527 681 710 758 haberent
728 682 859 790 ydola,
881 710 950 757 nec
970 680 1073 785 quod
1093 679 1260 764 cordule,
1281 677 1424 784 quibus
1439 677 1703 784 cingebantur
1722 676 1758 752 in

321 813 471 918 signum
495 814 670 891 castitatis
685 843 797 920 supra
816 811 984 889 camisias
1003 839 1089 886 cum
1110 810 1250 917 quibus
1264 810 1450 916 jacebant,
1471 824 1685 915 tangerent
1699 835 1754 883 ca·

321 943 397 1048 pita
417 944 629 1051 ydolorum.
651 946 721 1020 Per
742 957 1014 1021 sacramentum
1043 940 1310 1047 injungebatur
1330 939 1384 1016 eis
1407 939 1522 1045 quod
1544 965 1624 1055 pon
1647 965 1747 1014 reve-

322 1070 442 1147 larent
453 1090 591 1148 secreta
604 1072 881 1178 capitoliorum,
898 1088 935 1146 et
951 1071 980 1146 si
995 1097 1038 1145 ea
1051 1069 1287 1160 revelassent,
1301 1067 1566 1173 perdidissent
1578 1066 1743 1147 habitum

322 1219 359 1276 et
383 1202 557 1291 domum,
580 1220 617 1279 et
637 1204 770 1280 eodem
796 1202 912 1278 modo
935 1199 965 1277 si
990 1199 1263 1276 commisissent
1287 1199 1430 1274 crimen
1455 1198 1742 1287 sodomiticum,

321 1361 397 1408 non
417 1332 547 1408 fuisset
566 1333 635 1410 sibi
658 1332 860 1409 inhibitum
886 1331 925 1408 iu
944 1329 1094 1436 speciali
1121 1329 1225 1435 quod
1252 1355 1327 1405 non
1348 1329 1567 1406 revelarent
1590 1329 1742 1405 modum

320 1463 548 1567 recepcionis
560 1492 639 1539 sue.
656 1464 875 1540 Secundum
895 1477 1030 1538 statuta
1050 1486 1197 1547 eorum,
1219 1457 1409 1536 debebant
1430 1459 1609 1536 confiteri
1630 1487 1743 1536 sacer·

320 1591 471 1668 dotibus
491 1593 676 1697 ipsorum,
694 1609 731 1667 et
750 1591 902 1698 quando
922 1617 987 1665 eos
1003 1616 1079 1665 uon
1095 1605 1268 1695 poterant
1283 1588 1443 1678 habere,
1463 1589 1738 1671 confitebantur

319 1720 528 1796 Carmelitis
545 1721 603 1796 vel
619 1721 700 1796 aliis
720 1719 860 1825 quibus
876 1718 1062 1795 volebant.
1079 1720 1228 1794 Fratres
1244 1717 1403 1793 scientes
1419 1745 1567 1794 errores
1584 1717 1734 1793 fuemnt

318 1848 564 1955 negligentes,
596 1850 684 1955 quia
704 1877 780 1926 nou
804 1864 1045 1937 correxerunt
1065 1873 1209 1923 errores
1232 1876 1302 1922 nec
1322 1846 1646 1923 denunciaverunt
1666 1848 1733 1922 Ec·

317 1979 439 2055 clesie.
472 1979 703 2056 Elemosinas
723 1996 761 2054 et
781 1977 1068 2083 hospitalitatem
1097 1976 1188 2052 vidit
1211 1977 1480 2053 convenienter
1505 1977 1588 2052 lieri
1613 1995 1652 2053 et
1665 2005 1737 2052 ser-

318 2110 390 2182 vari
416 2109 456 2184 in
471 2109 660 2197 ,domibus
688 2109 833 2186 ordinis
865 2109 903 2184 in
930 2107 1070 2214 quibus
1099 2105 1170 2182 fuit
1196 2124 1468 2196 commoratum
1504 2134 1574 2183 nec
1603 2105 1737 2184 audivit

316 2239 419 2341 quod
439 2239 692 2345 preciperetur
710 2240 764 2315 eis
782 2256 825 2315 ut
846 2268 914 2344 per
933 2236 1035 2315 nefas
1057 2237 1293 2343 acquirerent
1313 2237 1453 2313 ordini.
1474 2237 1587 2316 Clam
1607 2266 1735 2314 eorum

315 2366 489 2471 capitulia
509 2366 746 2460 tenebantur,
767 2368 926 2444 sednon
945 2366 1086 2444 audivit
1105 2365 1177 2441 dici
1195 2366 1300 2471 quod
1317 2364 1475 2443 excubie
1491 2385 1732 2473 ponerentur.

314 2496 433 2572 Totus
453 2497 547 2573 ordo
567 2513 745 2573 servasset
764 2497 868 2602 quod
888 2524 1045 2602 magnus
1069 2495 1244 2602 Magister
1271 2524 1357 2570 cum
1379 2516 1572 2575 conventu
1591 2499 1735 2575 statuis-

313 2642 380 2701 set.
413 2627 495 2702 Non
522 2627 663 2703 audivit
687 2628 790 2732 quod
816 2643 969 2734 propter
991 2626 1163 2702 feditates
1189 2625 1306 2730 aliqui
1331 2627 1513 2703 exiverint
1543 2629 1732 2717 ordinem3

313 2755 454 2832 audivit
471 2772 597 2832 tamen
618 2787 638 2832 a
658 2757 758 2833 dicto
785 2757 918 2833 ordine
939 2755 1073 2862 expelli
1094 2756 1296 2861 aliquando
1316 2755 1466 2860 aliquos
1485 2775 1638 2862 propter
1654 2785 1730 2832 ma·

312 2884 433 2960 lelicia
454 2914 602 2978 eorum,
631 2905 669 2963 et
695 2887 903 2992 specialiter
922 2886 1073 2963 fratrem
1094 2888 1291 2993 Hugonem
1318 2887 1366 2962 de
1386 2888 1520 2964 Monte
1542 2886 1659 2995 begali
1679 2887 1727 2963 de

312 3014 543 3119 Burgundia,
564 3017 630 3120 qui
646 3017 757 3093 rediit
779 3018 826 3093 ad
847 3016 1035 3106 seculum,
1053 3033 1091 3092 et
1107 2997 1249 3094 audivit
1267 3016 1372 3121 quod
1391 3015 1597 3125 aliquando
1615 3017 1728 3125 aliqui

312 3142 503 3218 exiverunt
532 3144 674 3219 dictum
695 3146 867 3221 ordinem
896 3162 1049 3251 propter
1078 3145 1245 3222 levitates
1272 3173 1418 3222 eorum,
1445 3149 1554 3223 Nunc
1580 3149 1737 3254 grandia

311 3272 495 3362 scandala,
518 3274 678 3376 suspicio
708 3290 745 3349 et
774 3274 924 3349 infamia
954 3292 1078 3353 exorta
1109 3294 1197 3352 sunt
1224 3293 1350 3352 eontra
1382 3277 1575 3368 ordinem,
1604 3296 1729 3354 contra

310 3430 423 3505 quem
444 3404 618 3507 Magister
644 3420 682 3477 et
705 3403 766 3477 alii
788 3404 965 3479 dicuntur
986 3406 1121 3510 aliqua,
1152 3405 1384 3511 nescitque,
1415 3406 1527 3483 luisse
1547 3407 1725 3495 confessi3

308 3532 355 3606 ad
376 3533 481 3639 cujus
502 3534 772 3610 deffensionem
788 3563 839 3610 se
865 3563 940 3611 non
961 3536 1160 3613 obtulerat.
1198 3538 1243 3611 Et
1271 3537 1406 3612 dictam
1432 3536 1720 3640 abnegacionem

308 3681 439 3764 sponte
460 3663 649 3739 consessus
671 3664 791 3740 luerat
811 3695 933 3741 coram
960 3667 1059 3743 dicto
1081 3668 1235 3743 domino
1255 3667 1429 3771 episcopo
1446 3667 1717 3754 lemovicensi,

309 3820 375 3865 nec
395 3795 610 3897 suppositus
631 3793 751 3869 luerat
770 3795 1032 3899 questionibus
1052 3796 1108 3871 vel
1128 3798 1336 3872 tormentis.

363 3923 577 4027 Requisitus
606 3923 634 3998 si
665 3924 717 3998 sic
747 3925 970 4027 deposuerat
997 3953 1124 4030 prece,
1160 3943 1352 4030 precepta,
1389 3928 1547 4013 timore,
1581 3958 1721 4017 amore,

306 4051 405 4138 odi0,
424 4052 480 4126 vel
496 4053 655 4127 comodo
671 4054 864 4157 temporali
882 4055 1010 4130 habito
1027 4054 1083 4130 vel
1098 4055 1285 4144 habende,
1301 4058 1498 4161 respondit
1510 4060 1616 4163 quod
1634 4089 1721 4150 non,

305 4181 371 4255 sed
405 4211 470 4285 pro
498 4184 650 4257 veritate
677 4183 845 4258 dicenda.
881 4185 950 4261 Cui
981 4184 1053 4261 luit
1077 4186 1290 4292 ,injunctum
1315 4186 1420 4291 quod
1446 4216 1526 4263 non
1546 4188 1722 4265 revelaret

305 4309 398 4384 hanc
424 4342 528 4387 suam
555 4312 832 4416 deposicionem
854 4343 1052 4420 quousque
1084 4316 1340 4391 attestaciones
1359 4315 1503 4393 luerint
1522 4319 1717 4423 publicate.

305 4440 350 4512 Et
376 4439 461 4527 suit,
492 4445 587 4519 circa
609 4443 834 4547 principium
866 4445 1113 4548 deposicionis
1142 4474 1232 4536 sue,
1262 4463 1486 4550 protestatus
1518 4452 1624 4554 quod
1650 4478 1720 4526 non

305 4567 464 4646 intendit
483 4575 657 4650 recedere
677 4602 696 4647 a
715 4573 951 4677 deposicione
970 4603 1038 4680 per
1053 4576 1176 4679 ipsum
1194 4575 1285 4650 lacta
1302 4605 1426 4650 coram
1445 4577 1549 4655 dicto
1569 4581 1717 4657 domino

304 4698 475 4802 episcopo
497 4703 768 4794 Lemovicensi‚
788 4721 824 4778 et
838 4706 958 4808 quod,
975 4706 1002 4780 si
1020 4706 1112 4810 quid
1135 4706 1219 4809 plus
1238 4705 1295 4779 vel
1317 4706 1442 4781 minus
1463 4707 1628 4797 diceret,
1648 4738 1715 4787 non

302 4827 510 4931 prejudicet
529 4830 609 4904 sibi.
