4080 6052
488 551 805 645 rnocssnss
830 568 1129 641 rsurmsas.
1441 568 1514 639 sos

104 730 187 789 veza
220 709 402 796 serv-iens,
434 711 499 817 qni
530 711 680 798 vivunt,
719 723 756 784 et
786 708 828 785 P.
859 708 1056 816 Raynandi
1084 704 1275 812 quondam
1311 707 1517 784 avunculus

104 840 219 944 ipsius
236 839 362 932 testis3
387 841 427 916 in
443 843 550 949 cujus
574 839 745 947 Hugonis
763 838 983 943 recepeione
1003 838 1062 915 vel
1081 853 1166 945 post
1186 834 1304 915 nichil
1325 836 1430 913 scivit
1447 863 1516 915 neo

102 968 243 1046 audivit
270 969 353 1047 lieri
378 969 564 1049 illicitum.
595 972 678 1076 lpse
703 985 830 1047 autem
859 986 1030 1075 receptus
1057 968 1202 1054 luerat,
1229 967 1270 1041 in
1292 965 1434 1044 octabis
1456 968 1521 1042 in-‘

101 1099 232 1179 stanu's
257 1101 554 1180 Resurrectionis
572 1099 728 1178 Domini
755 1112 868 1177 erunt
891 1124 975 1177 xrvr
996 1097 1084 1175 anni
1100 1095 1160 1175 vel
1179 1095 1290 1186 circa,
1314 1095 1352 1173 in
1378 1097 1516 1202 capella

103 1227 239 1305 domus
269 1229 419 1335 Templi
455 1230 503 1308 de
531 1229 695 1308 Panlhac
730 1226 1002 1319 Lemorioensis
1035 1226 1217 1315 diocesis,
1260 1253 1328 1331 per
1363 1225 1514 1303 fratrem

100 1358 309 1435 Iohannem
328 1358 382 1435 las
399 1360 631 1439 Chaussadas
648 1359 1131 1465 quondam,precept0rem
1151 1374 1241 1432 tunc
1262 1356 1359 1432 dicte
1380 1358 1517 1434 domus

102 1488 151 1565 de
174 1488 357 1576 Paulhao,
389 1489 437 1566 de
459 1490 635 1567 mandato
654 1489 777 1567 fratris
796 1488 999 1565 Franconis
1020 1488 1067 1562 de
1089 1489 1179 1563 Bort
1203 1503 1295 1562 tunc
1314 1488 1516 1592 superioris

100 1616 139 1691 in
164 1616 333 1722 partibus
354 1616 447 1708 illis,
463 1616 701 1724 presentibus
720 1616 889 1722 predicto
911 1614 1023 1692 fratre
1042 1617 1082 1692 P.
1102 1614 1374 1723 Raynandiszet
1397 1615 1518 1694 fratri-

99 1745 173 1821 bus
194 1745 384 1824 ildeberto
405 1747 452 1825 de
472 1747 611 1826 Nalhac
630 1742 1061 1853 quondampreceptore
1082 1746 1129 1822 de
1148 1744 1325 1834 Blandes,
1347 1745 1516 1825 Gerardo

102 1874 148 1950 de
175 1891 301 1953 sancto
320 1875 528 1968 Marinetc,
550 1893 588 1952 et
612 1874 804 1953 Bernardo
826 1871 995 1953 Audierii
1016 1872 1284 1962 servientibus,
1308 1872 1513 1964 defunctis,

101 2003 140 2077 in
154 2004 257 2079 hunc
276 2002 434 2081 modum
451 2034 461 2080 ε
481 2031 568 2080 nam
587 2032 672 2082 eum
687 2001 939 2108 requisivisset
957 2002 1016 2079 bis
1032 2002 1091 2080 vel
1104 2019 1163 2079 ter
1181 2003 1403 2110 interpolate
1424 2007 1515 2082 cari·

100 2149 216 2209 tatem
238 2151 276 2210 et
294 2133 510 2210 societatem
529 2135 688 2225 ordinis,
705 2150 743 2210 et
756 2159 977 2239 responsum
1002 2132 1132 2210 fuisset
1150 2133 1274 2212 eidem
1295 2134 1399 2238 quod
1415 2133 1515 2212 bene

102 2261 345 2359 deliberaret,
362 2263 448 2368 qnia
470 2280 659 2368 oporteret
679 2291 767 2340 eum
782 2260 954 2338 abdicare
969 2291 991 2338 a
1005 2292 1044 2340 se
1061 2263 1250 2368 propriam
1263 2263 1512 2352 voluntatem,

102 2407 141 2467 et
161 2391 279 2468 multa
300 2392 390 2469 dura
412 2409 450 2469 et
465 2420 590 2499 aspera
614 2393 815 2484 sustinere,
837 2409 875 2468 et
892 2392 970 2498 ipse
991 2391 1143 2469 dixisset
1161 2391 1265 2498 quod
1289 2394 1414 2470 omnia
1436 2425 1515 2473 sus-

100 2521 253 2611 tineret,
280 2521 444 2599 finaliter
458 2549 505 2600 eo
525 2523 685 2600 instante
709 2549 777 2628 pro
801 2521 897 2601 dicta
923 2523 1159 2627 recepcione‚
1176 2523 1333 2600 consilio
1352 2523 1451 2599 inter
1475 2553 1514 2601 se

100 2648 227 2727 habito
247 2651 352 2754 quod
376 2651 584 2757 reciperent
608 2680 714 2744 eum,
735 2652 907 2730 lecerunt
927 2680 1014 2728 eum
1039 2679 1171 2728 vovere
1195 2669 1233 2729 et
1252 2653 1377 2758 jurare
1403 2680 1514 2758 super

99 2781 302 2885 quemdam
331 2780 471 2859 librum
491 2782 716 2874 castitatem,
741 2782 1020 2873 obedienciam,
1041 2783 1162 2859 vivere
1179 2784 1259 2859 sine
1279 2784 1449 2888 proprio,
1477 2801 1515 2861 et

100 2924 241 2988 servare
256 2911 378 2989 bonos
394 2941 484 2990 usus
500 2930 538 2989 et
551 2912 670 2990 bonas
686 2912 979 2995 consuetudines
997 2913 1063 3018 qui
1082 2930 1173 2991 tunc
1186 2930 1292 2990 erant
1306 2913 1344 2989 in
1360 2913 1511 3003 ordine,

101 3056 138 3114 et
161 3043 227 3146 qui
247 3043 287 3117 in
306 3059 499 3146 posterum
526 3039 812 3148 imponerentur
832 3071 918 3120 cum
942 3042 1099 3120 consilio
1126 3044 1333 3148 proborum
1356 3043 1510 3123 ordinis.

100 3171 285 3276 Postque
315 3171 436 3248 dictus
464 3190 633 3276 receptor
663 3173 845 3279 imposuit
870 3173 903 3249 ei
933 3172 1177 3260 mantellum,
1214 3172 1327 3250 fratre
1357 3175 1513 3251 Perrino

100 3299 327 3404 presbitero,
355 3301 565 3394 assistente,
587 3304 735 3381 dicente
756 3303 968 3410 psalmum:
987 3305 1081 3380 Ecce
1109 3330 1223 3409 quam
1245 3302 1402 3379 bonum.
1427 3305 1515 3379 Post

99 3458 173 3534 que
196 3429 296 3507 idem
321 3430 426 3508 testis
447 3430 520 3509 fuit
546 3433 734 3511 osculatus
764 3433 905 3512 dictum
932 3450 1165 3536 receptorem
1190 3433 1229 3508 in
1251 3460 1315 3508 ore
1341 3448 1378 3507 et
1401 3460 1514 3536 super

98 3578 217 3638 vestes
231 3561 271 3636 in
285 3579 456 3666 pectore,
476 3579 514 3639 et
529 3590 662 3641 omnes
676 3563 769 3642 alios
783 3563 913 3641 iratres
926 3564 965 3637 in
981 3589 1057 3637 ore.
1073 3563 1319 3639 Postmodum
1339 3561 1515 3638 instruxit

98 3691 271 3795 qualiter,
288 3690 440 3795 quando
464 3708 651 3796 surgeret,
672 3690 995 3767 recommendaret
1018 3718 1056 3766 se
1077 3691 1158 3769 Deo
1182 3706 1220 3766 et
1244 3689 1351 3767 beate
1377 3692 1510 3778 Marie,

99 3835 137 3894 et
163 3817 322 3924 qualiter
349 3836 486 3907 oraret,
514 3836 552 3896 et
579 3836 674 3925 quot
701 3822 946 3905 Poterooster
968 3819 1110 3897 diceret
1131 3848 1199 3925 pro
1227 3821 1330 3899 boris
1357 3822 1448 3909 suis,
1475 3839 1513 3897 et

98 3948 261 4056 qualiter
275 3967 421 4055 regeret
439 3977 478 4028 se
494 3951 534 4027 in
549 3951 703 4040 ordine3
724 3969 768 4033 et,
778 3951 949 4057 exposuit
968 3950 1109 4029 multos
1126 3978 1230 4028 casus
1248 3969 1403 4057 propter
1417 3980 1512 4057 quos

90 4079 244 4184 ¹poterat
268 4080 438 4158 amittere
468 4080 639 4160 habitum
663 4081 722 4159 vel
750 4082 928 4173 domum,
964 4082 1023 4162 vel
1053 4081 1244 4160 incurrere
1259 4082 1360 4158 ‘alias
1385 4111 1509 4188 penas.

99 4211 145 4285 Et
165 4210 256 4287 vidit
273 4209 408 4315 expelli
426 4241 446 4287 a
467 4211 566 4289 dioto
590 4211 723 4290 ordine
742 4211 897 4291 fratrem
924 4211 1092 4290 Garsiam
1109 4213 1268 4290 dmardi
1292 4213 1510 4302 diaconum,

99 4340 409 4446 Petragoricensis
424 4341 599 4432 diocesis,
615 4370 684 4447 per
699 4341 852 4420 fratrem
867 4341 1101 4420 Franconem
1115 4342 1163 4419 de
1178 4343 1284 4433 bort,
1307 4344 1395 4448 quia
1410 4343 1512 4421 dioe-

98 4467 207 4543 batur
226 4487 310 4546 ante
330 4472 541 4578 ingressum
569 4471 659 4550 dicti
687 4472 832 4551 ordinis
857 4471 1043 4579 obligatus
1066 4469 1181 4549 fuisse
1200 4473 1306 4550 alteri
1325 4472 1510 4583 religioni.

100 4595 185 4669 Post
201 4623 275 4700 que
290 4600 449 4702 predicti
464 4582 596 4678 fratres
609 4600 849 4683 Audebertus
860 4619 901 4680 et
912 4601 1123 4679 Bernardus
1136 4602 1306 4681 Audierii
1326 4605 1514 4699 duxerunt

99 4724 223 4826 ipsum
243 4753 360 4831 prope
379 4725 505 4806 fontes·
514 4728 612 4806 dicte
628 4729 786 4834 capelle,
804 4747 842 4808 et
855 4731 1030 4808 dixerunt
1046 4731 1080 4807 ei
1094 4732 1200 4837 quod
1213 4732 1412 4839 abnegaret
1424 4733 1513 4808 Jhe·

100 4880 206 4939 sum;
224 4872 261 4931 et
281 4856 360 4961 ipse
377 4859 500 4948 testis,
521 4860 586 4964 qui
596 4859 747 4965 juvenis
760 4879 838 4938 erat
850 4877 961 4947 tune,
977 4860 1227 4968 videns-quod
1242 4879 1322 4940 erat
1342 4862 1395 4938 eis
1409 4861 1513 4937 astri-
