4080 6052
307 523 381 597 rra
692 505 887 598 procas
914 524 1009 596 uns
1035 519 1337 593 nnururnns.

306 664 410 756 euin,
432 665 604 771 imposita
629 667 839 771 penitencia
858 667 964 771 quod
983 691 1060 741 non
1080 679 1333 768 perseveraret
1354 661 1395 736 in
1420 659 1527 738 dicto
1552 687 1680 737 errore
1700 680 1734 739 et

299 799 488 901 jejunaret
512 825 580 901 per
607 825 727 873 unum
753 824 894 874 annum
920 794 1031 873 sextis
1055 792 1158 896 feriis
1180 793 1220 868 in
1243 820 1340 898 pane
1367 808 1407 868 et
1432 818 1555 896 aqtra,
1579 793 1680 896 quod
1699 811 1732 868 et

305 928 402 1003 lecit.

361 1057 575 1162 Requisitus
594 1059 624 1134 si
639 1059 691 1135 sic
707 1058 934 1163 deposuerat
943 1083 1071 1162 prece,
1087 1071 1282 1160 precepto,
1296 1055 1455 1144 timore,
1473 1081 1623 1144 amore,
1631 1055 1725 1146 odio,

305 1188 360 1263 vel
381 1189 579 1293 temporali
601 1189 762 1267 comodo
782 1189 913 1266 habito
930 1188 988 1265 vel
1005 1186 1199 1275 habendo,
1219 1186 1418 1293 respondit
1432 1186 1546 1291 quod
1563 1213 1655 1277 non,
1670 1184 1729 1263 sed

306 1348 372 1424 pro
395 1320 546 1396 veritate
568 1321 739 1399 dicenda.
769 1319 841 1398 Cui
865 1319 938 1396 suit
966 1318 1181 1425 injunctum
1201 1315 1305 1422 quod
1325 1344 1403 1394 non
1426 1317 1618 1393 revelaret
1642 1317 1728 1395 hunc

306 1478 411 1525 snam
434 1451 715 1555 deposicionem
733 1476 933 1557 quousque
954 1448 1215 1527 attestaciones
1236 1445 1379 1524 luerint
1399 1448 1612 1552 publicate.

363 1712 509 1785 Fratres
523 1709 744 1814 Radulplrus
765 1710 812 1785 de
834 1710 1089 1786 Thaverniaco
1109 1709 1342 1798 Parisiensis,
1356 1711 1471 1791 Bono
1489 1708 1542 1785 de
1557 1708 1721 1799 Velleius,

306 1840 526 1917 Dominicus
551 1840 598 1915 de
624 1840 782 1917 Divione
807 1856 845 1915 et
868 1840 1026 1923 Enrieus
1046 1840 1093 1917 de
1113 1839 1299 1917 Faverolis
1321 1840 1599 1947 Lingonensis,
1619 1839 1725 1945 Gyro·

306 1971 460 2047 nundus
476 1970 522 2046 de
539 1970 775 2047 Saccommin
797 1987 833 2047 et
853 1969 1026 2047 Nicolaus
1050 1970 1097 2047 de
1114 1969 1352 2078 Compendio
1373 1971 1679 2061 suessionensis,
1694 1988 1726 2047 et

307 2104 439 2175 Petrus
464 2100 512 2174 de
533 2099 749 2177 latinhiaco
771 2100 1027 2177 Noviomensis
1051 2101 1294 2188 diocessium,
1311 2100 1472 2178 adducti
1489 2128 1563 2206 pro
1582 2099 1728 2179 testibus

309 2259 431 2307 coram
462 2231 571 2307 dictis
597 2231 761 2308 dominis
781 2232 1062 2320 commissariis,
1086 2233 1326 2337 juraverunt,
1353 2232 1467 2310 tactis
1492 2232 1727 2311 sacrosanctis

307 2360 530 2466 Euangelus,
550 2361 673 2438 dicere
704 2361 744 2437 in
763 2362 835 2438 isto
856 2363 1013 2467 negocio
1039 2361 1191 2466 plenam
1216 2380 1253 2438 et
1275 2388 1420 2437 meram
1442 2362 1660 2450 veritatem,
1679 2391 1729 2439 se

309 2492 477 2568 cundum
500 2491 657 2569 sormam
682 2492 889 2599 juramenti
918 2492 1081 2570 aliorum
1100 2492 1253 2570 testium
1281 2493 1460 2597 superius
1485 2494 1727 2600 mgistratum,

309 2624 513 2729 expositam
535 2642 572 2700 et
590 2624 851 2730 vulgarizatam
873 2623 1028 2699 eisdem.

363 2753 453 2831 Acta
467 2753 621 2830 luerunt
642 2754 711 2828 hec
730 2753 838 2829 dictis
859 2753 920 2829 die
940 2769 977 2828 et
996 2751 1095 2841 loco,
1118 2752 1357 2856 presentibus
1374 2755 1562 2860 magistro
1577 2753 1723 2839 Amisio,

309 2914 369 2959 me
398 2885 651 2962 Floriamonte
682 2883 896 2972 Dondedei,
931 2899 968 2958 et
991 2882 1183 2959 Bernardo
1210 2881 1351 2973 Filhoi,
1383 2885 1551 2989 Hugone
1579 2882 1723 2970 Nicolai,

309 3014 514 3091 Guillelmo
535 3013 722 3119 Radulphi
750 3031 787 3088 et
811 3013 1003 3091 Bernardo
1026 3012 1201 3127 Umbaldi
1232 3013 1386 3089 notariis
1412 3016 1592 3120 superius
1614 3013 1729 3090 nomi·

309 3160 415 3218 natrs.

365 3405 450 3478 Post
471 3405 556 3488 hec,
578 3405 638 3480 die
661 3404 788 3480 Martis
805 3405 997 3510 sequenti,
1017 3434 1091 3511 que
1112 3404 1183 3481 luit
1202 3406 1366 3482 secunda
1385 3408 1463 3482 dies
1480 3408 1571 3482 dicti
1592 3408 1728 3483 niensis

311 3534 452 3620 Marcii,
475 3534 545 3609 suit
573 3535 757 3610 adductus
785 3535 832 3609 ad
856 3536 1085 3640 presenciam
1115 3537 1337 3612 eorumdem
1363 3538 1600 3613 dominorum
1623 3564 1725 3611 corn-

311 3664 581 3753 rnissariorum,
605 3666 643 3739 in
669 3666 782 3741 domo
805 3667 972 3769 predicta
993 3665 1148 3742 fratrum
1170 3668 1379 3754 Minorum,
1410 3666 1520 3743 frater
1536 3665 1727 3743 Gerardus

310 3794 355 3866 de
377 3794 631 3869 Manachivilla
652 3796 831 3884 serviens,
856 3797 1161 3872 Altisiodorensis
1182 3797 1358 3882 diocesis,
1374 3798 1481 3873 testis
1502 3825 1616 3902 supra
1629 3798 1728 3903 jura-

309 3940 384 4012 tus,
406 3943 447 4000 ut
468 3925 673 4029 deponeret
698 3927 839 4002 dictum
861 3956 992 4015 suurn,
1014 3954 1108 4004 xxvu
1129 3956 1312 4002 annorum
1335 3929 1393 4002 vel
1415 3929 1529 4015 circa,
1558 3955 1636 4004 non
1658 3926 1728 4003 del-

309 4052 431 4128 l'crens
451 4055 672 4130 mantellum
695 4056 850 4146 ordinis,
868 4058 956 4161 quia
971 4057 1178 4132 voluntarie
1198 4057 1322 4160 ipsum
1339 4057 1538 4133 dimiserat
1552 4074 1727 4133 vetustate

309 4201 593 4289 consumptum,
630 4204 666 4261 et
696 4187 775 4261 radi
805 4186 941 4262 lecerat
971 4188 1041 4263 sibi
1072 4186 1246 4275 berham,
1286 4216 1369 4262 cum
1402 4218 1481 4294 quo
1510 4189 1728 4294 inquisitum

309 4311 443 4401 luerat,
467 4314 660 4390 absolutus
682 4334 719 4391 et
738 4317 999 4394 reconciliatus
1016 4347 1083 4423 per
1101 4318 1300 4394 dominum
1319 4318 1542 4424 episcopum
1564 4319 1727 4395 Sucssio

308 4468 480 4531 nensenr3
497 4446 579 4549 qui,
599 4447 871 4549 protestaeione
893 4448 1073 4552 premissa
1097 4449 1202 4553 quod
1225 4476 1301 4522 non
1325 4449 1490 4524 intendit
1514 4451 1730 4525 recederet

309 4568 546 4670 deposicione
576 4604 643 4679 per
670 4606 756 4652 eum
786 4575 878 4653 lacta
908 4608 1031 4653 coram
1060 4578 1160 4654 dicto
1191 4578 1347 4653 domino
1377 4578 1556 4683 episcopo
1581 4581 1731 4656 Suesso-

309 4700 436 4784 nensi,
458 4702 560 4778 lectis
581 4723 618 4780 ct
639 4707 840 4812 diligenter
863 4711 1038 4814 expositis
1060 4710 1131 4785 sibi
1156 4708 1332 4783 omnibus
1357 4726 1394 4784 et
1413 4710 1576 4816 singulis
1604 4711 1729 4785 articu-

307 4823 375 4910 lis,
400 4833 591 4931 respoudit
611 4838 713 4935 quod
736 4838 885 4913 nullum
911 4840 1026 4916 alium
1049 4839 1191 4914 viderat
1216 4838 1329 4942 recipi
1352 4838 1390 4911 in
1415 4838 1572 4925 ordine,
1598 4839 1727 4915 necin·
