4148 6052
331 566 401 639 us
713 541 908 635 procus
934 560 1029 632 uns
1053 559 1355 632 resumens.

325 707 547 816 predictam,
568 723 607 783 et
625 734 714 781 eum
734 704 988 782 examinarent
1010 730 1125 806 super
1143 702 1254 778 dictis
1271 700 1439 777 articulis
1456 718 1496 776 et
1513 726 1580 776 eos
1599 703 1754 779 contin-

325 837 518 945 gentibus,
539 854 578 912 et
595 812 678 943 ejcis
696 836 977 941 deposicionem
996 833 1143 910 eisdem
1160 833 1406 939 posmodum
1426 848 1676 938 reportarent

372 970 472 1045 -Acta
489 966 643 1044 fuerunt
660 968 732 1044 hec
749 967 918 1074 predicta
941 954 1005 1042 die
1030 964 1157 1040 Sabati
1182 965 1223 1039 in
1249 964 1417 1070 predicta
1443 963 1586 1070 capella
1597 988 1678 1069 per
1695 965 1753 1040 di

328 1119 406 1177 ctos
422 1100 597 1175 dominos
612 1097 903 1179 commissarios,
921 1094 1162 1202 presentibus
1176 1119 1239 1170 me
1256 1094 1509 1170 Floriamonte
1526 1092 1748 1184 Dondedei,

327 1230 512 1338 magistris
534 1230 728 1306 Bemardo
751 1227 893 1314 Filioli,
922 1225 1130 1305 Guillelmo
1154 1225 1363 1332 Radulpbi,
1388 1223 1542 1301 Nicolac
1564 1223 1752 1301 Constan-

327 1363 458 1451 ciensi,
477 1360 669 1437 Beruardo
691 1357 911 1448 llumbaldi,
931 1359 1089 1463 Hugone
1106 1354 1247 1433 Nicolai
1269 1355 1318 1431 de
1340 1353 1558 1460 lleugubio,
1576 1355 1750 1431 lobanne

329 1491 376 1567 de
395 1490 551 1565 Felliuis
570 1506 608 1566 et
626 1490 795 1566 lohanne
815 1488 948 1564 Roueti
967 1486 1123 1563 notariis
1141 1485 1258 1590 hujus
1274 1512 1416 1561 eausse.

387 1751 475 1826 Post
490 1751 575 1840 bec,
595 1749 657 1825 die
678 1752 785 1826 Lune
804 1750 994 1855 sequenti,
1014 1774 1091 1855 que
1114 1747 1188 1823 luit
1208 1749 1322 1824 tercia
1342 1747 1488 1824 decima
1507 1749 1591 1824 dies
1606 1748 1751 1823 mensis

329 1880 481 1987 Aprilis,
500 1881 588 1957 dicti
604 1880 976 2005 dominissajocensis
991 1897 1030 1957 et
1044 1880 1320 1956 Lemovieensis
1339 1879 1507 1985 episcopi
1525 1906 1566 1955 ae
1581 1878 1749 1983 Magalo—

330 2012 457 2086 nensis
484 2011 782 2100 archidiaconus,
810 2040 885 2087 una
913 2010 1111 2087 nobiscum
1140 2011 1296 2088 notariis
1323 2009 1559 2117 subscriptis,
1583 2036 1750 2086 accesse-

330 2157 419 2215 runt
436 2141 538 2247 apud
554 2158 724 2217 sanetum
739 2139 996 2219 Glcdoaldum
1011 2141 1241 2247 predictum,
1258 2141 1306 2217 ad
1322 2141 1481 2217 domum
1497 2138 1747 2246 episcopalem

331 2270 418 2346 dicti
436 2270 526 2360 loci,
546 2271 583 2346 in
601 2299 676 2376 qua
693 2271 815 2347 dictus
830 2269 945 2347 stater
959 2271 1148 2349 lohannes
1157 2270 1305 2378 jacebat
1323 2270 1508 2361 infirmus,
1526 2287 1567 2346 et
1583 2270 1747 2375 exposita

327 2399 400 2476 sibi
417 2428 525 2475 causa
542 2428 674 2476 eorum
692 2400 888 2489 adventus,
907 2401 1010 2478 idem
1024 2399 1138 2479 frater
1159 2392 1363 2491 lebannes,
1380 2400 1623 2477 sacrosanctis
1637 2400 1748 2475 Evan-

328 2528 434 2635 geliis
451 2556 520 2635 per
536 2556 625 2605 eum
640 2559 756 2607 manu
768 2532 891 2616 tactis,
907 2531 1118 2607 secundum
1132 2529 1292 2608 sormam
1308 2532 1599 2637 suprapositam,
1609 2529 1748 2637 juravit

329 2660 383 2735 eis
398 2659 524 2735 dicere
537 2676 668 2750 totam,
687 2660 838 2764 plenam
855 2677 894 2735 et
909 2687 1053 2735 meram
1069 2661 1262 2736 veritatem
1278 2689 1393 2767 qriam
1409 2660 1477 2737 scit
1489 2660 1551 2738 vel
1564 2660 1685 2737 credit
1698 2660 1746 2736 de

329 2790 438 2866 dictis
461 2790 625 2868 articulis
644 2819 665 2866 a
689 2792 779 2867 sede
803 2789 1002 2896 apostolica
1026 2790 1211 2868 missiset
1235 2818 1300 2868 eos
1323 2790 1639 2898 contingentibus,
1664 2816 1744 2866 non

330 2921 542 2997 immiscens
557 2921 700 3028 aliquid
717 2920 901 3012 salsitatis,
920 2921 1025 3027 quod
1042 2921 1159 2997 ceiam
1179 2921 1321 2999 diceret
1336 2924 1548 3007 veritatem,
1567 2938 1645 2998 tam
1664 2948 1746 2998 con

327 3068 384 3126 tra
404 3052 528 3157 ipsum
548 3052 720 3128 ordinem
745 3080 860 3157 quam
879 3080 949 3157 pro
973 3054 1056 3159 ipso
1079 3052 1231 3139 ordine,
1253 3070 1292 3128 et
1314 3054 1418 3159 quod
1438 3080 1509 3130 nec
1526 3078 1657 3158 prece,
1676 3078 1743 3128 nec

328 3181 470 3285 precio,
491 3211 561 3259 nec
585 3208 730 3266 amore,
751 3209 820 3257 nec
843 3182 997 3272 timore,
1023 3210 1092 3258 nec
1116 3183 1257 3289 privato
1281 3183 1387 3271 odio,
1409 3180 1566 3290 nec'pro
1585 3183 1743 3261 comodo

327 3312 523 3418 temporali
543 3314 647 3419 quod
667 3311 843 3390 habuerit
865 3311 924 3386 vel
944 3311 1095 3403 habeat,
1117 3313 1176 3390 vel
1201 3313 1340 3389 habere
1365 3330 1547 3420 speraret,
1575 3314 1742 3391 testimo-

328 3443 435 3518 nium
450 3441 561 3517 dicet.
576 3441 664 3535 Quo
673 3442 889 3548 juramento
909 3416 962 3518 sic
979 3443 1152 3548 prestito,
1175 3443 1277 3520 idem
1291 3443 1405 3521 frater
1418 3445 1611 3521 lohannes
1629 3445 1742 3550 depo-

328 3572 404 3646 suit
423 3587 466 3645 ut
484 3572 675 3677 sequitur:

383 3703 512 3776 Frater
534 3700 722 3777 lohannes
746 3701 794 3777 de
822 3718 948 3778 sancto
972 3703 1192 3795 benedicto,
1218 3722 1414 3811 preceptor
1437 3705 1578 3782 domus
1596 3702 1738 3809 Templi

327 3832 375 3908 de
394 3829 535 3907 lns'ulla
559 3829 759 3921 Bochardi,
782 3833 1014 3910 Turonensis
1034 3833 1208 3920 diocesis,
1230 3852 1268 3911 et
1292 3836 1340 3911 de
1366 3837 1499 3913 eadem
1519 3837 1660 3913 diocesi
1679 3862 1740 3910 na-

326 3979 399 4048 tus,
412 3963 450 4037 in
468 3962 565 4038 lecto
583 3961 805 4068 egritudinis
819 3963 974 4069 positus,
989 3965 1096 4041 etatis
1111 3993 1156 4042 rx
1174 3992 1359 4043 annorum
1375 3966 1433 4042 vel
1451 3967 1558 4052 circa,
1579 3983 1623 4043 ut
1639 3966 1737 4053 dixit,

326 4094 430 4170 testis
447 4094 596 4200 juratus
617 4094 828 4171 secuudum
847 4094 1008 4173 lormam
1026 4095 1234 4202 predictam
1254 4114 1292 4173 et
1316 4097 1518 4204 diligenter
1537 4098 1739 4203 interroga-

326 4238 387 4297 tus
415 4253 529 4331 super
555 4225 721 4302 articulis
740 4253 761 4301 a
780 4228 870 4304 sede
898 4225 1099 4333 apostoliea
1125 4228 1247 4304 missis
1273 4255 1387 4333 super
1416 4228 1665 4335 inquisicione
1690 4225 1737 4302 la-

325 4352 457 4431 cienda
482 4374 609 4432 contra
627 4356 931 4461 Templariorum
950 4358 1143 4449 ordinem,
1172 4376 1209 4435 et
1228 4358 1351 4464 primo
1371 4387 1485 4464 super
1502 4359 1637 4464 primis
1656 4357 1736 4435 arti

325 4482 418 4561 culis
437 4486 476 4561 in
495 4487 636 4592 quibus
656 4489 778 4595 agitur
797 4487 845 4565 de
865 4487 1115 4596 abnegacione
1135 4491 1272 4567 Christi
1297 4490 1355 4566 vel
1374 4492 1507 4578 Jhesu,
1530 4507 1600 4566 ete.
1621 4514 1734 4597 usque

325 4612 372 4687 ad
391 4614 591 4691 articulum
616 4618 662 4692 de
688 4618 879 4725 spuicione
904 4647 1018 4726 super
1042 4644 1208 4709 crucem,
1230 4620 1302 4697 sibi
1327 4621 1528 4729 diligenter
1546 4620 1731 4726 expositis.

325 4740 418 4817 dixit
437 4745 540 4848 quod
560 4746 638 4850 ipse
658 4746 730 4824 fuit
745 4766 919 4856 receptus
942 4750 1039 4829 bene
1060 4771 1150 4830 sunt
1167 4780 1212 4830 xi
1231 4753 1318 4829 anni
1343 4753 1401 4829 vel
1427 4752 1524 4828 cirea
1543 4752 1647 4857 apud
1664 4753 1734 4831 lit·

321 4870 477 4976 pellam.
499 4872 656 4952 diocesis
674 4878 939 4969 xantonensis,
959 4908 1028 4985 per
1047 4883 1199 4960 fratrem
1219 4884 1257 4960 P.
1281 4884 1328 4960 de
1349 4885 1530 4990 Legione,
1551 4900 1645 4959 tunc
1663 4906 1734 4987 pre
