4080 6052
309 529 378 602 rso
688 511 883 607 procus
910 529 1004 603 ons
1030 526 1333 611 rsurcrrus.

303 669 452 759 ordine,
469 671 665 777 respondit
677 672 783 779 quod
797 671 837 746 in
857 668 954 746 dicta
969 665 1108 751 diocesi
1124 663 1368 774 Lingonensi,
1384 662 1423 741 in
1443 662 1557 742 domo
1573 665 1725 775 Templi

302 815 429 875 vocata
442 800 648 893 Mormant,
665 801 713 878 de
729 827 825 878 novo
845 797 1040 905 acquisita,
1056 813 1094 872 et
1105 793 1177 872 luit
1191 811 1380 900 receptus,
1396 811 1441 871 ut
1453 794 1562 888 dixit,
1577 825 1598 872 n
1611 797 1727 878 fratre

302 928 493 1034 Stephano
514 929 704 1035 capellano
726 930 897 1037 ejusdem
915 927 1068 1016 domus,
1091 942 1129 1003 et
1146 924 1384 1031 presentibus
1408 951 1443 1004 vr
1466 926 1727 1008 vel.v11lratri-

302 1055 377 1135 bus
392 1057 563 1165 ejusdem
579 1058 722 1136 ordinis
735 1059 781 1135 de
795 1086 959 1164 quorum
972 1053 1191 1134 nominibus
1206 1084 1282 1131 non
1297 1053 1530 1146 recordatur,
1545 1056 1726 1162 quianon

303 1187 445 1265 viderat
468 1205 538 1265 nec
566 1206 720 1266 noverat
746 1217 828 1280 eos,
849 1204 894 1264 ut
917 1186 1025 1277 dixit,
1052 1203 1136 1263 ante
1161 1185 1263 1262 diem
1291 1184 1521 1290 recepcionis
1545 1214 1631 1274 sue,
1656 1217 1726 1267 nee

302 1335 389 1422 post
412 1317 550 1395 dictam
568 1318 827 1424 recepcionem
846 1317 1025 1394 remansit
1047 1315 1210 1403 ibidem,
1236 1314 1362 1391 sedin
1389 1316 1551 1421 quadam
1573 1320 1726 1426 grangia

304 1445 393 1524 dicti
409 1446 636 1553 ordinisque
653 1464 806 1524 vocatur
820 1440 948 1523 Bellus
961 1446 1107 1537 Vissus,
1124 1444 1295 1550 ejusdem
1312 1445 1485 1535 diocesis,
1502 1463 1541 1522 et
1553 1444 1607 1521 ibi
1623 1449 1727 1526 stetit

303 1604 372 1681 per
396 1605 552 1666 anuum,
573 1593 611 1653 et
627 1575 873 1682 postmodum
888 1576 926 1652 in
947 1575 1018 1652 ulio
1038 1575 1155 1652 domo
1170 1574 1317 1680 Templi
1337 1591 1463 1652 vocata
1482 1576 1615 1668 Biena,
1631 1596 1670 1655 et
1686 1580 1725 1656 in

304 1734 346 1781 ea
365 1705 437 1781 luit
456 1723 601 1819 captus,
623 1706 799 1812 expositis
818 1722 944 1796 autem
964 1704 1035 1782 sibi
1056 1702 1234 1782 omnibus
1253 1720 1291 1780 et
1310 1703 1466 1809 singulis
1485 1706 1665 1795 articulis,
1688 1726 1726 1786 et

303 1837 507 1942 requisitus
533 1866 603 1944 per
631 1836 751 1914 dictos
780 1836 955 1914 dominos
986 1833 1259 1912 commissarios
1285 1833 1474 1941 sigillatim
1503 1857 1613 1940 super
1643 1839 1721 1925 eis,

303 1968 499 2072 respondit
516 1984 560 2043 ut
578 1965 760 2072 sequitur.

359 2097 482 2201 Super
491 2097 613 2201 primo
629 2096 798 2188 articulo,
815 2097 881 2203 qui
893 2096 1033 2203 incipit,
1050 2096 1175 2173 Primo
1189 2095 1405 2203 quodlicet,
1420 2114 1502 2189 etc,
1520 2098 1612 2176 dixit
1620 2099 1724 2205 quod

305 2226 382 2331 ipse
393 2225 431 2300 iu
444 2218 662 2332 recepcione
674 2255 742 2303 sua
752 2225 800 2303 ad
812 2227 1032 2304 mandatum
1040 2226 1386 2333 predicticapellaui
1397 2227 1613 2333 quirccepit
1621 2257 1721 2321 eum,

305 2354 499 2464 abnegavit
508 2355 626 2434 semel
638 2356 845 2451 Christum,
856 2357 925 2435 sed
944 2357 1037 2436 dixit
1055 2358 1160 2466 quod
1181 2357 1318 2434 dictam
1336 2357 1627 2466 abnegacionem
1639 2358 1725 2437 lecit
1806 2386 1807 2389 ’

305 2515 370 2564 ore
381 2504 419 2564 et
429 2515 505 2566 non
516 2464 647 2579 corde,
663 2488 771 2579 item,
781 2489 874 2566 dixit
885 2488 1071 2596 quodluit
1081 2489 1152 2567 sibi
1162 2485 1381 2593 preceptum
1394 2505 1438 2565 ut
1449 2507 1602 2593 spueret
1613 2518 1724 2596 supra

305 2644 468 2707 crucem,
491 2635 530 2695 et
547 2619 653 2724 quod
672 2620 775 2723 spuit
792 2618 911 2694 semel
924 2644 1041 2721 prope
1056 2618 1178 2724 ipsam
1195 2644 1361 2704 crucem,
1378 2646 1454 2693 uon
1474 2646 1586 2722 supra
1606 2622 1724 2724 ipsam

305 2774 466 2835 crucem,
481 2764 635 2852 propter
643 2744 894 2822 reverenciam
909 2744 1047 2832 crucis,
1063 2743 1266 2853 requisitus
1280 2743 1401 2848 qualis
1417 2761 1495 2820 erat
1511 2745 1607 2821 dicta
1623 2777 1723 2841 crux,

304 2874 500 2978 respondit
518 2875 624 2978 quod
643 2874 780 2980 lignea,
803 2872 956 2979 antiqua
972 2890 1012 2950 et
1030 2872 1187 2979 depicta.
1203 2873 1435 2978 Requisitus,
1451 2874 1481 2949 si
1501 2875 1726 2959 intullerunt

305 3002 376 3078 sibi
402 3003 564 3108 aliquam
585 3004 678 3094 vim,
700 3002 851 3108 quando
871 3003 958 3080 lecit
977 3003 1267 3110 abnegacionem
1287 3004 1509 3108 predictam,
1531 3011 1724 3112 respondit

306 3132 410 3238 quod
430 3160 522 3225 non,
543 3132 611 3210 sed
630 3131 779 3209 firerant
799 3132 870 3210 sibi
891 3135 1106 3221 comminati
1131 3133 1236 3240 quod
1255 3133 1327 3228 nisi
1350 3134 1487 3212 laceret
1510 3136 1589 3230 illa,
1610 3169 1724 3245 pone·

288 3309 290 3312 -
307 3279 391 3338 rent
408 3263 533 3367 ipsum
549 3263 587 3338 iu
606 3263 672 3340 tali
692 3263 775 3340 loco
791 3263 897 3368 quod
915 3291 993 3340 non
1016 3265 1160 3366 videret
1173 3264 1288 3370 pedes
1311 3295 1380 3342 nec
1401 3296 1536 3345 manus
1550 3298 1643 3374 quas
1662 3273 1724 3348 ha·

307 3393 433 3483 beret,
455 3394 677 3500 requisitus,
694 3395 724 3472 si
746 3411 850 3473 eraut
863 3395 917 3472 ibi
935 3413 1127 3501 presentes
1143 3394 1259 3501 aliqui
1280 3395 1351 3471 nisi
1367 3395 1498 3473 iratres
1513 3399 1603 3474 dicti
1626 3402 1724 3478 ordi-

308 3524 376 3616 nis,
393 3525 587 3630 respondit
601 3525 706 3631 quod
720 3553 816 3613 non;
835 3526 1038 3633 requisitus
1052 3554 1126 3631 qua
1143 3525 1236 3602 hora
1249 3524 1320 3601 fuit
1334 3545 1517 3631 receptus,
1535 3531 1724 3637 respondit

309 3656 413 3760 quod
433 3655 526 3731 circa
546 3683 734 3744 auroram,
757 3674 795 3733 et
813 3656 918 3762 quod
937 3655 1154 3761 incapella,
1176 3656 1215 3730 in
1233 3685 1308 3761 qua
1326 3654 1397 3731 fuit
1416 3675 1602 3763 receptus,
1624 3677 1724 3737 erant

311 3786 384 3862 due
405 3785 572 3877 cande-lle
593 3813 777 3877 accensse,
793 3787 844 3861 ita
862 3788 967 3892 quod
983 3813 1060 3863 non
1080 3786 1175 3862 clare
1195 3786 1392 3862 videbatur
1415 3787 1454 3863 in
1470 3789 1549 3893 ipsa
1568 3790 1724 3896 capella,

310 3933 434 3994 tamen
460 3917 558 3994 bene
586 3917 802 3993 dicernebat
825 3918 944 4022 ipsam
968 3946 1133 4006 crucem,
1157 3916 1225 3994 sed
1255 3945 1331 3994 nou
1356 3919 1574 3996 recordatur
1598 3922 1728 4026 quales
1772 3927 1774 3930 ’

310 4032 454 4153 picture
481 4065 518 4124 et
537 4049 644 4155 eujus
669 4048 818 4125 colloris
842 4065 946 4124 eraut
969 4048 1009 4122 in
1035 4047 1143 4157 dicta·
1158 4074 1282 4137 eruce,
1304 4049 1393 4153 quia
1418 4066 1495 4126 erat
1519 4067 1661 4126 vetusta
1693 4068 1728 4128 et

313 4178 451 4266 deleta;
472 4180 693 4285 requisitus,
714 4180 745 4256 si
765 4194 1014 4285 preceperunt
1036 4175 1107 4265 sibi
1122 4178 1228 4284 quod
1241 4176 1378 4254 laceret
1392 4178 1508 4268 aliud,
1530 4179 1600 4253 nisi
1621 4181 1726 4285 quod

312 4337 424 4413 supra
448 4310 639 4415 deposuit,
670 4309 866 4416 respondit
892 4310 997 4417 quod
1022 4338 1110 4387 nou.
1140 4309 1355 4414 Requisitus
1382 4310 1489 4414 cujus
1515 4309 1619 4386 etatis
1650 4328 1728 4386 erat

310 4457 417 4529 tunc,
439 4440 632 4545 respondit
651 4441 756 4546 quod
775 4467 822 4517 xx
839 4468 1025 4518 annorum
1045 4440 1103 4517 vel
1119 4440 1228 4529 circa,
1246 4456 1283 4515 et
1301 4431 1406 4545 quod
1420 4440 1545 4517 subito
1560 4439 1728 4518 fecerunt

313 4569 384 4645 sibi
410 4569 491 4645 lieri
517 4569 698 4674 predicta,
727 4568 892 4649 dicentes
916 4570 1021 4674 quod
1048 4569 1172 4646 adhuc
1197 4568 1346 4673 plenius
1372 4567 1616 4646 informarent
1640 4598 1725 4648 eum

314 4695 361 4771 de
385 4697 534 4799 punctis
558 4696 699 4775 ordinis
720 4697 943 4804 supradicti3
965 4698 1185 4804 requisitus,
1202 4699 1232 4775 si
1248 4699 1491 4804 postmodum
1507 4698 1723 4777 informave-

314 4841 403 4901 runt
420 4852 508 4900 curn
527 4825 574 4902 de
590 4826 670 4903 aliis
684 4828 833 4932 punctis
848 4827 936 4905 dicti
953 4828 1112 4920 ordinis,
1130 4828 1221 4905 dixit
1235 4828 1340 4933 quod
1354 4857 1447 4919 non,
1462 4831 1551 4936 quia
1565 4831 1613 4907 ad
1628 4833 1722 4936 ipsos
