4080 6052
525 536 596 612 no
907 509 1221 605 3333333133
1246 527 1546 602 ravennas.

520 671 936 758 3331333333333313133
954 699 1028 777 que
1046 671 1099 747 sia
1112 668 1350 775 prejudicials
1365 699 1387 746 a
1401 669 1537 746 l'ordre
1554 667 1672 744 daven
1690 669 1739 745 eil
1759 698 1833 775 que
1851 699 1939 778 per-

521 836 612 889 sone
629 833 707 912 que
731 806 783 882 313
802 833 870 911 per
889 831 974 880 razo
994 801 1042 879 de
1062 800 1139 879 lors
1162 798 1380 907 privileges,
1400 800 1455 877 313
1475 799 1548 876 3313
1565 798 1635 876 nul
1659 797 1755 876 frere
1775 829 1824 877 ne
1844 822 1946 908 pnet.

521 937 719 1016 renunciar
737 963 805 1041 per
818 935 850 1011 si
870 961 953 1009 vers
969 931 1005 1008 le
1021 947 1156 1007 mestre
1180 931 1227 1006 de
1247 929 1394 1008 l'ordre.

579 1070 712 1157 altem,
724 1093 930 1171 propossan
946 1087 1021 1169 que
1039 1061 1070 1138 si
1088 1060 1146 1136 dit
1163 1059 1314 1138 maistre
1334 1090 1358 1138 o
1373 1077 1477 1137 autre
1494 1087 1671 1166 personas
1688 1061 1874 1167 singulars
1890 1092 1937 1140 aa

452 1183 458 1191 ⁴
522 1196 754 1273 confessadas
772 1221 1012 1300 menssognas
1029 1219 1106 1268 non
1121 1189 1314 1297 prejudice
1329 1220 1351 1266 a
1365 1190 1518 1282 l'ordre,
1533 1192 1669 1266 devant
1684 1190 1740 1266 331
1758 1218 1833 1297 que
1852 1221 1937 1298 per-

522 1355 612 1404 sone
630 1326 735 1402 l'aian
756 1325 969 1411 confesada,
988 1349 1056 1428 per
1074 1348 1162 1396 raus
1182 1321 1229 1399 de
1246 1320 1424 1426 privilege
1444 1319 1508 1397 del
1530 1320 1586 1396 dit
1602 1321 1730 1409 ordre,
1751 1320 1786 1396 le
1805 1321 1880 1398 3313
1896 1352 1938 1399 33

523 1474 714 1563 antreyaez
732 1483 778 1530 en
793 1454 894 1531 favor
909 1452 956 1528 de
969 1467 1027 1526 tot
1040 1449 1197 1538 l'ordre,
1218 1477 1288 1554 per
1306 1478 1381 1554 que
1397 1449 1464 1525 nul
1480 1448 1575 1525 frere
1592 1450 1639 1526 n'i
1655 1469 1722 1555 pot
1739 1453 1939 1529 renunciar

523 1615 591 1692 per
605 1587 635 1661 si
651 1584 761 1661 31133
775 1583 810 1659 13
830 1584 903 1660 dan
922 1582 969 1659 de
989 1580 1025 1657 la
1042 1579 1176 1686 religio
1197 1606 1245 1657 en
1264 1579 1448 1686 prejudiei
1465 1580 1528 1656 del
1551 1580 1609 1656 dit
1627 1581 1755 1672 ordre,
1776 1611 1844 1688 per
1861 1613 1956 1691 qne¹

524 1715 551 1790 li
564 1714 661 1792 13333
674 1714 848 1820 requiere
861 1738 936 1820 que
951 1739 1028 1818 que
1042 1726 1123 1787 otas
1137 1709 1191 1787 las
1204 1707 1314 1787 131333
1325 1709 1526 1788 3331333133
1539 1711 1617 1787 sian
1628 1712 1809 1790 anullatas
1821 1713 1869 1790 de
1885 1714 1939 1790 133

524 1845 707 1952 singulars
722 1866 899 1951 personas
912 1870 981 1947 per
1000 1856 1126 1918 nostre
1147 1867 1283 1944 segnor
1298 1839 1338 1921 le
1358 1840 1468 1945 Pape.

582 2013 594 2042 3
610 1977 720 2066 Item,
732 2001 935 2080 propossan
949 1999 1024 2076 que
1043 1970 1089 2047 lis
1104 1969 1221 2046 133333
1231 1969 1418 2075 capellans
1434 1969 1499 2046 del
1510 1968 1567 2047 dit
1579 1972 1691 2048 ordre
1709 1972 1771 2048 del
1779 1974 1939 2079 Temple

525 2102 753 2185 sanctificant
772 2101 848 2178 ben
874 2117 912 2175 et
936 2099 1160 2204 dignement
1171 2097 1208 2174 le
1229 2127 1293 2175 cor
1312 2099 1360 2176 de
1381 2098 1497 2175 Jhesu
1521 2099 1687 2177 Christe
1714 2131 1829 2209 segon
1843 2104 1885 2180 13
1902 2103 1938 2180 13

526 2229 703 2306 catholica
724 2232 771 2306 de
790 2230 915 2307 Roma
928 2229 1007 2306 ansi
1027 2257 1102 2336 que
1122 2257 1161 2306 se
1181 2246 1248 2334 pot
1262 2229 1392 2307 trobar
1410 2257 1479 2334 per
1497 2230 1687 2337 religiosas
1706 2260 1884 2337 personas
1903 2251 1939 2309 et

524 2388 593 2463 per
612 2359 797 2464 capellans
818 2377 855 2436 et
873 2387 942 2466 per
961 2360 1117 2466 diaques
1137 2389 1212 2466 que
1228 2360 1287 2436 lor
1305 2360 1567 2436 aministravon
1589 2391 1609 2436 a
1629 2363 1768 2438 l'autar.

581 2527 593 2556 ι
609 2491 719 2582 ltem,
732 2505 954 2596 propossant
967 2517 1045 2595 que
1064 2517 1111 2565 en
1125 2506 1248 2596 temps
1258 2491 1306 2567 de
1322 2517 1415 2595 pape
1428 2490 1597 2566 Bonelaei
1608 2491 1726 2567 rsrere
1740 2493 1883 2569 cavaler
1892 2494 1937 2569 de

524 2620 559 2696 13
574 2620 683 2726 leuga
701 2621 748 2697 de
767 2625 797 2698 F
798 2648 905 2696 ransa
919 2646 993 2724 que
1008 2619 1110 2694 auria
1129 2647 1219 2695 nom
1237 2619 1334 2695 frere
1350 2620 1391 2695 P.
1409 2619 1457 2695 de
1475 2620 1626 2711 Sencio,
1644 2650 1713 2726 per
1732 2652 1771 2699 sa
1791 2623 1939 2699 delauta

525 2779 565 2827 33
584 2751 713 2857 oongie
735 2752 782 2828 de
807 2752 842 2827 13
862 2749 1021 2854 religion
1040 2775 1061 2824 e
1082 2747 1176 2823 13133
1195 2775 1269 2854 que
1294 2775 1438 2854 ponges
1456 2749 1587 2825 s'arma
1607 2750 1723 2825 salvar
1747 2781 1795 2827 en
1815 2771 1938 2836 autra,

524 2882 559 2957 le
587 2882 641 2958 331
668 2881 765 2958 13333
785 2884 863 2958 s’en
884 2906 953 2957 ane
974 2879 1008 2955 al
1028 2880 1126 2983 Papa
1151 2895 1188 2955 et
1208 2877 1262 2955 als
1279 2878 1473 2955 cardenals
1498 2895 1536 2955 et
1554 2879 1753 2984 supplique
1781 2883 1815 2954 31
1844 2886 1939 2988 Papo

524 3040 598 3118 que
616 3041 656 3089 sa
680 3011 838 3117 religion
859 3038 932 3116 que
959 3009 1037 3086 avia
1056 3008 1228 3114 perduda
1248 3036 1318 3114 per
1337 3036 1376 3084 33
1399 3007 1550 3085 (1313313
1570 3009 1596 3085 11
1621 3007 1677 3085 133
1698 3012 1889 3100 redunda,
1909 3015 1937 3090 si

524 3171 598 3246 que
621 3159 746 3220 nostre
767 3169 901 3248 segnor
915 3141 951 3217 le
972 3130 1068 3245 Pape
1091 3139 1227 3216 mande
1250 3167 1320 3244 per
1337 3168 1394 3215 333
1414 3139 1554 3217 litteras
1574 3140 1609 3215 31
1628 3144 1873 3219 commandor
1893 3144 1937 3218 (13

523 3273 612 3348 Ρ313
642 3302 715 3380 que
743 3273 878 3350 l'ordre
906 3271 932 3346 li
963 3272 1116 3357 rondes,
1139 3270 1236 3346 salva
1259 3271 1293 3345 13
1309 3269 1460 3375 justicia
1481 3273 1527 3346 de
1547 3272 1583 3346 13
1605 3271 1660 3347 (111
1680 3273 1808 3364 ordre,
1831 3273 1937 3349 13331

518 3402 669 3509 justicia
689 3431 751 3479 333
771 3404 817 3479 (13
839 3431 850 3479 1
871 3431 918 3477 an
939 3417 976 3477 et
990 3401 1052 3507 jor
1073 3430 1226 3509 manger
1250 3429 1298 3476 en
1322 3418 1437 3485 terra,
1459 3419 1498 3475 et
1517 3401 1581 3476 nisi
1602 3402 1637 3476 13
1659 3402 1714 3477 (111
1738 3402 1936 3478 chervalier

525 3533 635 3608 cobre
656 3563 724 3609 son
744 3534 837 3622 ahit;
860 3560 927 3637 per
944 3559 1018 3636 que
1040 3531 1122 3607 dizo
1148 3530 1174 3605 li
1195 3529 1292 3605 frere
1314 3529 1390 3604 deu
1410 3530 1566 3635 Temple
1594 3561 1667 3638 que
1693 3533 1737 3608 sil
1758 3533 1937 3608 chevalier

525 3658 1232 3749 333133331133331333131331331133,
1255 3658 1348 3734 1133
1372 3687 1480 3736 eusse
1504 3664 1611 3739 torne'
1636 3692 1682 3738 en
1708 3693 1747 3739 sa
1772 3664 1858 3739 deta
1880 3691 1936 3739 33-

524 3789 650 3894 ligion.

583 3920 719 4010 «Item,
738 3944 941 4024 propossan
962 3917 987 3993 li
1007 3917 1103 3994 frere
1125 3918 1185 3994 del
1203 3918 1258 3994 dit
1279 3920 1391 3996 ordre
1406 3949 1481 4027 que
1500 3922 1527 3996 il
1547 3925 1734 4028 prendran
1753 3952 1883 4001 cenres
1904 3924 1936 3999 le

517 4050 687 4162 premier
701 4049 781 4156 jors
802 4051 848 4127 de
869 4076 1032 4137 cerame,
1053 4067 1183 4126 veeent
1204 4067 1300 4127 totas
1320 4080 1427 4156 gens,
1449 4054 1527 4130 ansi
1549 4083 1623 4160 que
1645 4056 1731 4131 fizes
1750 4054 1937 4131 Crestians

524 4182 572 4257 de
593 4184 720 4260 Nostro
743 4182 900 4273 Senhor‚
921 4209 989 4286 per
1007 4181 1060 4258 las
1080 4211 1186 4258 mans
1206 4182 1268 4258 del
1287 4182 1451 4287 capelan.

579 4352 591 4380 «ι
608 4315 717 4406 Item,
734 4342 948 4420 propousan
964 4312 991 4388 li
1005 4312 1102 4390 frere
1117 4313 1180 4390 del
1191 4313 1247 4390 dit
1262 4315 1372 4391 ordre
1388 4341 1464 4419 que
1481 4331 1563 4389 cant
1579 4315 1614 4390 le
1629 4314 1747 4392 Saslet
1760 4313 1827 4389 lou
1841 4316 1935 4420 pris,

523 4445 557 4521 el
584 4447 711 4524 Soada
730 4475 769 4522 33
789 4446 824 4521 13
848 4445 954 4520 venir
973 4444 1108 4520 devant
1128 4460 1209 4521 11n¹¹
1228 4445 1345 4520 133333
1370 4443 1432 4519 (131
1457 4444 1615 4548 Temple
1639 4465 1676 4522 et
1697 4447 1755 4522 lor
1779 4446 1839 4523 dis
1860 4447 1935 4523 ansi

523 4602 627 4650 coma
647 4606 667 4650 3
686 4576 897 4678 presoniers
917 4602 991 4679 que
1007 4574 1035 4649 il
1059 4601 1284 4679 reneguesse
1306 4574 1405 4650 Dieu
1426 4573 1543 4649 Jhesu
1566 4576 1694 4653 Christ
1719 4577 1777 4652 lor
1797 4596 1936 4655 creator

525 4726 571 4773 en
591 4730 687 4806 pena
704 4703 750 4777 (13
771 4703 824 4777 133
838 4720 965 4790 133133,
984 4703 1038 4779 133
1058 4702 1132 4779 3313
1151 4701 1267 4781 133333
1287 4732 1337 4780 no
1355 4702 1478 4807 volgio
1498 4704 1596 4781 Dian
1613 4735 1786 4813 renegar,
1806 4738 1872 4786 ans
1890 4736 1934 4784 en

523 4832 588 4908 3131
605 4849 690 4908 touz
707 4832 865 4936 perdero
886 4831 939 4908 133
957 4850 1070 4909 133133
1088 4861 1157 4937 per
1176 4832 1211 4908 13
1230 4834 1265 4910 13
1282 4834 1329 4910 (13
1344 4833 1460 4921 Diem
1474 4863 1542 4939 per
1559 4866 1632 4941 que
1652 4839 1759 4914 dison
1781 4838 1807 4914 li
1827 4842 1935 4916 Tem-
