4080 6052
483 524 799 619 rnocnsnxs
825 544 1127 621 rnupxrnns.
1184 556 1191 567 ·
1441 543 1510 619 nox

100 689 238 765 laceret
269 685 445 776 diminui;
470 687 538 763 sed
562 687 668 764 scivit
696 685 802 794 quod
826 685 948 766 dictus
979 688 1094 767 frater
1118 687 1309 769 Gerardus
1329 688 1376 763 de
1401 685 1517 789 Villa-

98 817 219 905 ribus,
240 815 280 892 in
298 813 444 892 ballivis
469 816 516 892 de
540 817 669 905 Briva,
696 817 743 894 de
768 817 905 895 Monte
917 817 1194 907 suessionensi,
1217 818 1325 907 etde
1344 814 1516 894 Barbona

96 969 187 1053 quas
201 945 370 1035 tenebat,
382 944 472 1022 lecit
487 945 648 1024 diminui
666 946 889 1024 elemosinas
900 949 1140 1053 supradictas.
1156 949 1214 1027 De
1233 945 1314 1023 aliis
1327 944 1514 1024 contentis

94 1075 133 1152 in
155 1075 262 1153 dictis
282 1073 447 1152 articulis
467 1074 561 1151 dixit
579 1103 619 1153 se
638 1075 743 1153 aliud
760 1075 917 1152 nescire.

150 1208 261 1296 Item,
284 1204 339 1291 ad,
356 1232 392 1284 c1
417 1222 456 1282 et
479 1232 611 1283 omnes
637 1222 839 1312 sequentes
860 1207 1055 1312 respondit
1079 1207 1185 1315 quod
1209 1203 1382 1311 capitulio
1405 1221 1511 1282 tene-

95 1338 234 1414 bantur
253 1335 369 1428 clam,
389 1363 459 1413 nec
478 1336 635 1422 aderant
653 1337 730 1414 nisi·
745 1336 876 1414 lraues
897 1338 1057 1426 ordinis,
1080 1354 1118 1415 et
1138 1337 1389 1415 communiter
1407 1352 1513 1412 tene-

94 1468 233 1546 bantur
253 1469 300 1546 de
321 1466 398 1570 die,
420 1482 460 1543 et
477 1492 651 1542 sermone
671 1465 767 1543 lacto
792 1492 862 1571 per
882 1464 1047 1571 aliquem
1067 1467 1320 1572 religiossum,
1344 1483 1381 1541 et
1400 1467 1512 1544 missa

96 1596 143 1675 de
161 1598 296 1675 Sancto
314 1595 458 1701 Spiritu
478 1594 685 1685 celebrata,
707 1594 775 1673 sed
795 1594 996 1699 aliquando
1024 1596 1250 1673 tenebantur
1272 1595 1509 1700 tempestive,

93 1727 245 1833 quando
266 1725 392 1833 aliqua
406 1727 606 1803 necessitas
623 1723 840 1834 requirebat
850 1725 940 1812 hoc,
961 1722 1021 1801 vel
1033 1725 1122 1830 quia
1138 1725 1332 1813 habebant,
1343 1725 1511 1830 equitare

93 1875 221 1935 contra
244 1857 418 1935 inimicos
442 1856 553 1944 lidei,
578 1874 616 1934 et
639 1856 758 1934 credit
782 1854 888 1961 quod
914 1869 1123 1930 servaretur
1146 1855 1289 1960 ubique
1313 1855 1352 1929 in
1379 1855 1511 1930 ordine

94 1986 199 2092 quod
227 2014 385 2093 magnus
408 1986 584 2091 Magister
608 2014 695 2062 cum
720 2001 907 2062 conventu
932 1981 1145 2077 ordinabat,
1173 2000 1211 2061 et
1233 1983 1386 2090 grandia
1410 2012 1514 2061 scan-

95 2115 179 2193 dala
197 2133 325 2194 contra
342 2116 516 2193 ordinem
535 2133 689 2222 propter
707 2114 876 2222 predicta
891 2131 1035 2204 exorta,
1053 2132 1091 2192 et
1109 2116 1213 2221 quod
1234 2114 1371 2191 modus
1389 2141 1512 2220 recep

94 2247 211 2324 cionis
229 2246 455 2325 conlassatus
473 2274 541 2353 per
559 2275 648 2323 eum
668 2263 767 2322 esset
782 2247 952 2324 notorius
971 2244 1148 2323 fratribus
1168 2245 1327 2333 ordinis,
1349 2244 1510 2322 sednon

95 2377 293 2466 extraneis,
318 2394 355 2454 ot
371 2376 563 2455 audiverat
581 2375 686 2482 quod
703 2375 814 2452 multi
833 2403 877 2452 ex
894 2374 1072 2451 fratribus
1091 2374 1235 2452 ordinis
1256 2391 1345 2452 sunt
1365 2374 1510 2480 aliquos

95 2535 241 2586 errores
261 2500 389 2585 contra
411 2505 583 2585 ordinem
604 2505 773 2584 confessi.
795 2505 878 2583 Alia
897 2507 944 2583 de
967 2505 1152 2584 contentis
1173 2505 1214 2581 in
1238 2505 1328 2610 ipsis
1347 2502 1511 2582 articulis

95 2638 190 2716 dixit
203 2667 242 2716 se
257 2639 399 2715 nescire
416 2637 513 2715 ultra
529 2638 683 2744 illaque
701 2665 814 2744 supra
828 2635 1015 2743 deposuit.

150 2769 261 2857 Item,
285 2767 378 2844 dixit
401 2769 506 2874 quod
530 2769 608 2875 ipse
633 2767 755 2846 luerat
779 2766 972 2846 consessus
996 2795 1128 2847 omnes
1151 2767 1341 2874 predictos
1366 2791 1510 2844 errores

94 2927 206 3005 supra
225 2897 453 2976 confessatos
470 2927 538 3004 per
557 2927 662 2991 eum,
685 2917 769 2976 ante
795 2898 1012 3006 capcionem
1032 2927 1164 2978 eorum
1181 2916 1219 2976 et
1236 2915 1437 3004 antequam
1462 2897 1509 2973 de

95 3057 138 3106 ea
158 3028 302 3134 aliquid
321 3027 578 3118 intellexisset,
600 3030 776 3137 Lugduni
796 3028 898 3108 fratri
922 3030 1083 3108 lohanni
1109 3032 1155 3108 de
1176 3029 1333 3125 Divione
1355 3027 1439 3136 [qui
1460 3026 1512 3103 di-

95 3158 193 3234 citur
207 3184 287 3235 esse
307 3158 346 3234 in
364 3159 466 3235 curia
479 3160 662 3250 Romana,
679 3177 717 3238 et
730 3177 857 3267 posset
872 3161 919 3238 de
938 3162 1012 3238 hoc
1030 3158 1287 3267 interrogari],
1309 3158 1509 3236 deordine

94 3289 252 3366 fratrum
264 3289 472 3378 Minorum‚
488 3291 652 3397 generali
664 3291 930 3397 penitenciario
945 3291 1089 3369 domini
1104 3293 1218 3396 Papa,
1236 3291 1302 3396 qui
1315 3317 1418 3365 nunc
1436 3306 1507 3376 est,

95 3418 240 3526 [euml]
262 3418 333 3498 fuit
351 3420 405 3498 ibi
423 3439 636 3512 coronatus,
658 3438 697 3497 et
712 3420 835 3499 dictus
846 3421 960 3500 frater
979 3421 1119 3527 incepit
1132 3447 1171 3497 se
1190 3420 1335 3526 signare
1351 3435 1389 3493 et
1402 3417 1511 3495 obtu-

92 3576 261 3654 pescere,
286 3550 354 3627 sed
377 3550 539 3628 finaliter
563 3550 720 3628 absolvit
745 3579 851 3641 eum,
878 3552 1052 3658 imposita
1075 3549 1286 3655 penitencia
1313 3548 1418 3653 quod
1437 3545 1510 3623 fre-

94 3695 256 3784 quenter
280 3680 460 3784 acciperet
482 3681 695 3786 disciplinas
716 3681 832 3759 fortes
855 3698 893 3758 et
912 3681 1026 3758 duras
1043 3697 1203 3768 secrete,
1223 3708 1271 3756 ne
1294 3677 1357 3765 alii
1378 3676 1509 3753 fratres

95 3807 283 3894 audirent,
305 3823 344 3882 et
362 3807 513 3912 quando
533 3837 611 3887 non
629 3826 758 3914 posset
773 3811 846 3886 hoc
865 3808 1002 3901 lacere,
1019 3808 1209 3915 jejunaret
1229 3826 1267 3886 et
1285 3807 1421 3886 laceret
1440 3805 1509 3883 alia

93 3938 210 4029 bona3
231 3937 336 4043 quod
357 3937 533 4043 deinceps
556 3966 634 4017 non
652 3940 837 4045 reciperet
860 3923 1025 4045 ’aliquem
1048 3967 1118 4046 per
1140 3940 1251 4017 illum
1271 3939 1451 4026 modum,
1473 3956 1510 4014 et

94 4081 403 4175 procurarettoto
420 4096 489 4145 suo
501 4096 610 4174 posse
629 4070 732 4174 quod
747 4069 835 4147 dicti
852 4097 998 4148 errores
1015 4086 1278 4148 amoverentur
1292 4068 1338 4145 ab
1359 4068 1508 4160 ordine,

95 4199 235 4304 etipse
260 4197 432 4304 promisit
455 4227 495 4275 se
519 4197 729 4290 facturnm3
757 4217 796 4277 et
818 4201 1063 4307 postmodum
1087 4200 1210 4278 dictus
1233 4198 1338 4276 testis
1364 4199 1512 4276 induxit

94 4328 246 4406 fratrem
261 4329 462 4435 Hugonem
478 4329 525 4407 de
538 4329 708 4420 Pemldo,
724 4330 793 4438 qui
809 4349 889 4409 erat
904 4349 996 4425 timo
1011 4357 1129 4438 prope
1147 4330 1394 4436 Lugdunum,
1405 4329 1511 4435 quod

96 4439 320 4536 adhiberent
339 4460 571 4550 remedium,
594 4463 700 4567 quod
724 4460 814 4539 dicti
839 4489 985 4540 errores
1009 4477 1271 4540 amoverentur
1290 4459 1336 4536 ab
1357 4459 1508 4551 ordine,

96 4604 135 4664 et
153 4586 276 4664 dictus
294 4587 408 4674 frater
430 4591 540 4697 Hugo
565 4592 767 4698 respondit*
785 4592 820 4668 ei
846 4591 953 4699 quod
977 4607 1185 4698 expectaret
1207 4591 1408 4668 adventum
1433 4590 1511 4678 Ma-

96 4717 200 4825 gistri
220 4717 388 4824 majoris,
409 4722 474 4828 qui
499 4721 661 4800 debebat
678 4722 805 4801 venire
828 4723 876 4800 de
897 4720 995 4801 ultra
1018 4751 1137 4812 mare,
1160 4739 1197 4800 et
1214 4721 1376 4828 juravit,
1394 4747 1510 4807 manu

94 4848 215 4957 posita
234 4876 348 4954 super
367 4879 517 4929 cmcem
536 4880 652 4958 quam
669 4853 820 4942 larebat·
832 4854 873 4933 in
892 4853 1076 4934 mantello
1092 4881 1179 4945 sno,
1196 4854 1320 4960 quod,
1337 4851 1368 4931 si
1390 4851 1511 4930 dietus

180 4981 349 5050 exosisnxs
361 5009 614 5054 martires-1.
892 5032 893 5036 =
1345 4994 1380 5054 51
