4080 6052
328 537 399 608 aas
710 515 905 608 Paocts
931 534 1027 606 nas
1052 534 1358 607 usmaitans,

324 694 472 785 ceptore
491 704 628 785 panem
646 689 684 752 et
703 703 837 781 aquam
852 693 891 753 ct
904 674 1297 781 pauperem'vestitum
1307 673 1455 752 ordinis
1471 673 1554 762 bis,
1573 675 1756 759 cadimus

323 822 495 913 receptor
514 804 666 883 dixisset
691 807 726 885 ei
752 806 858 912 quod
875 806 973 882 bene
999 803 1241 897 deliberaret,
1268 833 1357 881 nam
1377 812 1422 881 ex
1437 831 1524 909 ¹quo
1547 823 1650 884 esset
1667 806 1755 888 reli·

324 938 466 1046 giossus
497 936 687 1048 abdicaret
709 967 731 1013 a
757 965 796 1013 se
825 935 1016 1043 propriam
1047 936 1297 1023 voluntatem,
1328 952 1367 1012 et
1397 934 1520 1019 multa
1538 935 1645 1015 ‚dura
1669 941 1747 1043 pati

325 1066 495 1155 haberet,
516 1083 554 1142 et
573 1067 652 1172 ipse
671 1067 776 1144 testis
797 1065 1059 1171 respondisset.
1074 1066 1201 1171 quod,
1217 1083 1381 1172 propter.
1395 1066 1584 1150 bonorem
1605 1066 1681 1147 ,Dei
1692 1086 1744 1145 :et

325 1195 569 1273 salvacionem
590 1199 712 1274 anime
736 1196 973 1289 sue,·omnia
997 1195 1214 1290 sustineret,
1227 1238 1231 1245 ·
1245 1196 1579 1302 finaliter-recepit
1603 1225 1690 1273 eum
1707 1216 1745 1274 et

326 1328 506 1433 imposuit
522 1328 593 1404 sibi
610 1326 849 1419 mantellum,
865 1344 904 1404 et
922 1327 1002 1433 ipse
1019 1344 1058 1404 et
1071 1325 1207 1406 ¹fratres
1223 1344 1387 1406 astantes
1406 1325 1749 1410 mammeam-os

326 1457 437 1534 culati
463 1459 502 1533 in
527 1485 604 1535 ore.
626 1459 808 1563 Postque
833 1456 922 1535 fecit
942 1484 1031 1534 eum
1050 1485 1182 1534 vovere
1204 1474 1243 1535 et
1255 1456 1383 1563 jurare
1410 1455 1637 1549 castitatem,
1659 1456 1749 1535 obe·

327 1586 512 1664 dienciam
532 1605 570 1664 et
593 1587 714 1664 vivere
735 1587 814 1663 sine
841 1587 1011 1693 proprio,
1033 1603 1072 1665 et
1087 1586 1261 1665 instruxit
1284 1614 1373 1663 eum
1392 1602 1490 1691 quot
1507 1587 1621 1665 Pater
1636 1603 1748 1666 noster

328 1717 555 1823 diceretpro
577 1718 681 1794 horis
701 1717 795 1804 suis,
816 1718 921 1823 quod
939 1718 1038 1794 bene
1058 1745 1098 1794 se
1116 1734 1262 1824 regeret
1281 1716 1322 1793 in
1340 1716 1491 1805 ordine,
1510 1732 1551 1793 et
1567 1717 1745 1823 quod-lit-

325 1866 423 1953 teras
450 1847 606 1954 alicujus
624 1847 690 1955 qui
705 1872 793 1925 non·
804 1865 901 1926 esset
920 1846 968 1924 de
983 1847 1133 1939 ordine,
1144 1892 1148 1902 ·
1159 1875 1330 1955 quarum,
1341 1863 1518 1924 tenorem
1545 1846 1741 1953 ignoraret,

271 2068 276 2075 ¹
327 2006 404 2055 non
422 1996 596 2084 portaret.
618 1979 766 2066 Postea,
794 1976 1057 2056 recedentibus
1079 1977 1161 2054 aliis
1182 1976 1420 2057 fratribuset
1436 1994 1588 2083 portam
1611 1977 1749 2086 capelle.

327 2137 454 2184 versus
469 2136 509 2184 se
529 2107 782 2197 trahentibus,
800 2109 911 2184 traxit
923 2108 1049 2214 ipsum
1063 2124 1201 2185 testem
1216 2109 1312 2185 circa
1324 2108 1423 2184 latus
1438 2107 1585 2199 altaris,
1602 2125 1642 2187 et
1661 2109 1753 2186 dixit.

329 2237 363 2312 ei
385 2217 508 2343 quod,
524 2265 566 2314 ex
581 2267 658 2345 quo
679 2237 864 2345 obligatus
883 2249 1111 2316 erateorux'n
1121 2237 1305 2346 religioni,
1328 2236 1527 2345 oportebat
1542 2239 1672 2344 ipsum
1690 2238 1749 2316 ab

328 2395 464 2474 negare
479 2368 624 2458 Deum3
639 2386 677 2446 et
690 2370 866 2475 cumipse
882 2369 988 2447 testis
999 2369 1141 2446 diceret
1151 2397 1190 2446 se
1205 2368 1444 2447 nullomodo
1457 2369 1747 2476 abnegaturum,

329 2498 421 2574 dixit
440 2500 474 2575 ci
490 2500 612 2577 dictus
630 2516 803 2604 receptor
816 2499 920 2605 quod
931 2497 1217 2605 hocoportebat
1236 2525 1325 2577 eum
1345 2497 1478 2591 lacere,
1500 2500 1600 2606 quia-
1612 2517 1692 2579 erat
1704 2500 1748 2576 de

327 2630 477 2735 punctis
485 2629 677 2736 religionis
693 2656 844 2717 eorum;
860 2645 898 2706 et
907 2646 997 2706 tunc
1011 2629 1092 2736 ipse
1106 2630 1428 2736 testisrabnsgavit
1441 2657 1605 2709 orenon
1619 2630 1745 2718 corde,

328 2777 371 2836 ut
390 2761 493 2869 dixit.
510 2763 598 2838 Post
616 2788 690 2868 que
712 2761 880 2866 precepit
895 2761 928 2837 ei
947 2761 1054 2868 quod
1068 2777 1221 2867 spueret
1240 2741 1354 2868 super
1374 2762 1581 2868 quamdam
1601 2787 1743 2868 parvam

330 2919 495 2983 crucem,
521 2892 640 2967 nescit
663 2892 694 2967 si
713 2889 877 2997 ligneam
896 2891 954 2968 vel
978 2889 1225 2978 metallinam,
1248 2919 1361 2997 quam
1382 2890 1490 2968 idem
1510 2907 1673 2996 receptor
1686 2917 1745 2967 re·

331 3038 492 3125 ceperat,
514 3036 558 3096 nt
580 3021 728 3097 videtur
747 3021 816 3126 ipsi
843 3022 948 3113 testi,
975 3021 1024 3098 de
1045 3038 1147 3099 retro
1172 3021 1304 3109 altare,
1332 3037 1370 3099 et
1392 3038 1571 3128 posuerat
1598 3048 1680 3097 eam
1705 3021 1745 3096 in

331 3150 493 3256 quadam
508 3149 634 3237 sedili;
657 3167 695 3226 et
711 3178 798 3226 cum
824 3152 903 3255 ipse
928 3153 1034 3229 testis
1061 3179 1196 3257 spuere
1216 3151 1351 3242 nollet,
1378 3153 1473 3229 dixit
1498 3153 1532 3229 ei
1556 3151 1662 3258 quod
1680 3153 1749 3228 boc

332 3280 526 3387 oportebat
542 3308 630 3356 eum
644 3278 780 3368 lacere,
797 3282 885 3386 quia
903 3299 982 3357 erat
998 3282 1045 3358 de
1060 3282 1209 3387 punctis
1224 3282 1382 3374 ordinis,
1400 3302 1439 3360 et
1449 3300 1539 3361 tunc
1559 3283 1662 3386 spuit
1674 3310 1748 3359 non

331 3438 445 3516 super
468 3411 535 3487 sed
557 3413 660 3518 juxta
686 3438 779 3486 eam.
807 3412 938 3487 Postea
963 3410 1055 3487 dixit
1075 3414 1108 3487 ei
1134 3413 1254 3517 quod,
1275 3413 1483 3490 secundum
1499 3428 1638 3518 puncta
1658 3411 1744 3486 dicti

331 3542 488 3631 ordinis,
511 3570 587 3618 non
606 3558 754 3647 poterat
778 3570 847 3618 nec
869 3540 1030 3619 debebat
1048 3568 1185 3649 negare
1205 3572 1340 3649 corpus
1364 3571 1468 3621 suum
1488 3540 1663 3616 fratribus
1683 3565 1745 3614 or-

332 3673 430 3750 dinis
451 3702 536 3749 cum
563 3700 607 3749 eo
632 3672 845 3750 volentibus
871 3673 1067 3751 carnaliter
1092 3675 1340 3762 commisceri,
1358 3704 1427 3751 nec
1444 3672 1511 3778 ipsi
1531 3698 1569 3747 se
1595 3671 1649 3760 εἰς
1671 3670 1746 3746 boc

330 3821 456 3880 tamen
477 3831 553 3880 non
571 3802 673 3894 fecit,
696 3830 765 3879 nec
784 3802 856 3877 luit
875 3804 1095 3907 requisitus,
1121 3832 1191 3879 nec
1214 3805 1297 3889 scit,
1325 3831 1394 3879 nec
1415 3801 1534 3879 credit
1551 3799 1658 3906 quod
1680 3798 1749 3875 ira·

331 3953 407 4011 tres
427 3934 570 4011 ordinis
585 3935 864 4011 committerent
878 3935 977 4010 inter
996 3962 1035 4010 se
1055 3951 1248 4040 peccatum
1266 3934 1492 4038 predictum.
1514 3934 1646 4009 Postea
1662 3931 1748 4007 dixit

334 4065 367 4139 ei
387 4065 507 4171 quod,
526 4065 735 4142 secundum
751 4063 848 4139 dicta
865 4081 1017 4169 puncta,
1041 4064 1203 4141 debebat
1222 4092 1311 4140 eum
1327 4064 1486 4141 osculari
1506 4063 1546 4139 in
1567 4090 1661 4138 ano:
1682 4063 1748 4138 boc

332 4213 456 4272 tamen
478 4224 553 4272 non
574 4195 676 4281 fecit,
697 4196 768 4270 nec
790 4194 912 4270 dictus
934 4211 1105 4300 receptor
1125 4195 1307 4299 compulit
1326 4222 1426 4271 eum.
1454 4192 1537 4270 Alia
1556 4195 1748 4270 inhonesta

333 4351 410 4399 non
427 4326 709 4402 intervenerunt
728 4324 766 4399 in
786 4325 1005 4430 recepcione
1025 4353 1091 4402 sua
1106 4325 1288 4430 predicta,
1312 4343 1349 4403 et
1363 4325 1494 4431 pocius
1514 4324 1636 4400 credit
1652 4321 1748 4430 quod

334 4454 394 4529 alii
415 4457 669 4560 reciperentur
688 4453 858 4530 faciendo
873 4453 937 4530 illa
957 4456 1104 4543 illicita,
1126 4484 1239 4563 quam
1260 4456 1507 4542 contrarium,
1523 4456 1613 4560 quia
1635 4454 1747 4530 dictus

334 4604 504 4689 receptor
524 4586 615 4663 dixit
637 4587 671 4662 ei
691 4585 795 4692 quod
819 4602 922 4661 erant
942 4587 989 4662 de
1011 4588 1172 4693 punctis>
1186 4586 1327 4663 ordinis
1351 4619 1359 4661 :
1385 4566 1687 4691 pluranes'ciens
1707 4583 1746 4658 de

337 4716 518 4789 contentis
537 4716 577 4791 in
597 4716 705 4794 dictis
722 4743 786 4793 ιιιιι
802 4716 977 4793 articulis.
