4080 6052
696 556 890 651 procis
916 572 1010 645 ons
1035 571 1339 646 rnurmsns.
1654 581 1727 652 soc

311 720 409 799 bene
425 717 631 823 compleret
646 717 772 793 omnia
788 716 954 794 Domino
975 713 1223 808 concedente,
1246 715 1418 793 fecerunt
1436 740 1524 792 eum
1538 744 1670 795 vovere
1691 739 1729 796 et

305 851 433 956 jurare
452 848 668 936 castitatem,
684 847 806 925 vivere
828 848 908 926 sine
923 845 1089 952 proprio,
1104 861 1142 921 et
1158 846 1262 952 quod
1274 846 1373 924 bene
1386 864 1619 927 conservaret
1629 847 1729 925 bona

309 979 468 1068 ordinis,
492 996 530 1056 et
549 978 654 1085 quod
673 995 836 1056 servaret
857 993 998 1055 secreta
1023 975 1184 1064 ordinis,
1210 992 1247 1053 et
1274 976 1379 1084 quod
1399 991 1497 1053 esset
1525 976 1668 1055 sclavus
1692 994 1729 1054 et

308 1138 437 1188 servus
456 1109 617 1196 ordinis,
641 1125 679 1184 et
696 1110 800 1214 quod
820 1111 892 1186 iret
912 1108 960 1185 ad
977 1134 1217 1213 quecumque
1238 1107 1318 1185 loca
1338 1107 1428 1182 citra
1447 1134 1549 1182 mare
1574 1124 1612 1184 et
1632 1108 1728 1186 ultra

309 1268 412 1317 mare
430 1240 478 1316 ad
496 1266 572 1345 que
594 1239 806 1314 mitteretur
823 1267 891 1344 per
915 1237 1128 1344 superiores
1147 1265 1254 1325 suos,
1277 1253 1315 1313 et
1334 1237 1426 1313 dixit
1451 1255 1488 1312 et
1503 1254 1729 1342 protestatus

309 1368 382 1446 fuit
399 1370 542 1478 pluries
560 1368 664 1475 quod
683 1368 831 1445 volebat
848 1386 944 1446 stare
969 1366 1194 1444 confessioni
1217 1368 1339 1471 primo
1357 1366 1450 1445 facte
1468 1395 1538 1473 per
1557 1396 1645 1445 eum
1666 1399 1730 1447 co-

310 1528 388 1575 ram
415 1502 513 1577 dicto
536 1498 691 1577 domino
716 1497 958 1575 Ambianensi
983 1514 1022 1574 et
1045 1498 1128 1603 ejus
1151 1497 1431 1602 predecessore,
1454 1515 1492 1573 et
1511 1500 1614 1604 quod
1638 1518 1729 1578 tunc

309 1629 499 1707 confessus
518 1629 641 1707 luerat
658 1656 698 1706 se
715 1629 916 1736 abnegasse
936 1628 1062 1706 Deum
1080 1627 1120 1702 in
1140 1627 1360 1733 recepeioue
1381 1655 1458 1703 sua.
1481 1627 1579 1705 Cum
1602 1647 1727 1709 autem

309 1759 431 1837 dictus
449 1761 554 1838 testis
574 1760 740 1837 multum
761 1777 858 1837 esset
868 1758 1091 1866 perterritus
1112 1773 1149 1833 et
1168 1757 1274 1862 quasi
1297 1755 1475 1863 pallidus,
1488 1764 1532 1833 ‘et
1551 1759 1640 1836 dicti
1661 1762 1729 1837 do-

308 1879 401 1966 mini
421 1891 664 1968 commissarii
679 1890 951 1996 persuasissent
969 1887 1075 1995 quod
1093 1887 1304 1963 attenderet
1319 1888 1367 1964 ad
1385 1887 1579 1965 veritatem
1601 1890 1729 1967 dicen-

310 2020 396 2096 dam
417 2036 454 2096 et
470 2021 518 2096 ad
528 2020 739 2099 salvandam
749 2021 913 2096 animam
928 2046 1051 2109 suam,
1066 2046 1143 2095 non
1158 2017 1206 2093 ad
1221 2018 1493 2096 confessionem
1508 2021 1725 2125 predictam,

309 2149 381 2225 nisi
403 2164 501 2226 esset
523 2178 623 2240 vera,
650 2167 688 2226 et
707 2150 952 2226 asseruissent
968 2149 1002 2225 ei
1017 2148 1122 2255 quod
1139 2147 1289 2224 nullum
1305 2149 1516 2254 periculum
1532 2152 1566 2227 ei
1582 2171 1728 2257 poterat

310 2279 495 2356 inminere
515 2280 546 2357 si
564 2279 706 2357 diceret
723 2279 918 2356 veritatem
938 2307 1062 2356 coram
1081 2279 1150 2364 eis,
1170 2279 1259 2384 quia
1278 2279 1347 2384 ipsi
1366 2279 1606 2360 nullomodo
1626 2312 1729 2360 reve-

309 2408 430 2487 larent
444 2437 513 2486 nec
523 2409 656 2487 notarii
673 2426 849 2496 astantes,
873 2409 967 2485 dixit
989 2424 1075 2514 post
1099 2406 1253 2512 aliquod
1271 2409 1525 2515 intervallum,
1547 2412 1586 2486 in
1611 2414 1729 2518 perri-

309 2539 403 2616 eulo
421 2541 543 2616 anime
566 2567 633 2618 sue
659 2556 697 2616 et
721 2539 792 2616 sub
807 2539 1025 2647 juramento
1052 2538 1208 2644 prestito
1228 2565 1298 2643 per
1321 2565 1425 2628 eum,
1448 2541 1552 2646 quod
1578 2541 1617 2617 in
1645 2543 1727 2650 ejus

307 2670 526 2774 recepeioue
550 2695 627 2746 non
652 2669 897 2776 abnegaverat
914 2668 1040 2746 Deum
1064 2695 1134 2745 nec
1156 2667 1274 2743 Jhesu
1293 2693 1364 2743 nec
1387 2667 1633 2763 crucifixum,
1657 2700 1728 2749 nec

307 2798 496 2876 osculatus
518 2797 642 2875 fuerat
665 2815 900 2904 receptorem
926 2827 1055 2890 suum,
1077 2825 1147 2874 nec
1164 2796 1258 2874 'alios
1281 2813 1458 2883 astantes,
1480 2799 1551 2874 nisi
1573 2801 1613 2875 in
1641 2829 1724 2894 ore,

306 2957 376 3006 nec
399 2929 471 3006 fuit
486 2929 709 3035 requisitus3
731 2957 800 3005 nec
822 2947 972 3036 spuerat
994 2957 1107 3035 supra
1127 2954 1295 3017 crucem,
1324 2955 1393 3005 nec
1414 2929 1460 3004 de
1481 2928 1589 3006 dictis
1611 2930 1726 3008 abne-

307 3060 476 3165 gatione,
494 3059 686 3166 spuicione
703 3075 741 3135 et
760 3059 887 3136 osculo
906 3059 1033 3166 aliquo
1045 3059 1244 3137 inhonesto
1264 3056 1386 3135 suerat
1403 3059 1617 3165 requisitus,
1640 3060 1726 3139 licet

307 3190 537 3265 contrarium
562 3188 752 3266 confessus
778 3189 894 3267 fuerit
924 3218 1048 3266 coram
1076 3188 1364 3295 inquisitoribus
1380 3207 1486 3267 metu
1505 3191 1653 3278 mortis,
1683 3211 1727 3271 ut

307 3318 417 3409 dixit,
433 3334 472 3395 et
486 3318 574 3424 quia
593 3317 706 3395 frater
718 3319 873 3424 Egidius
894 3319 942 3395 de
956 3318 1140 3426 Rontangi
1153 3317 1388 3424 supradictus
1404 3319 1497 3395 dixit
1511 3349 1597 3397 cum
1617 3320 1725 3396 lacri-

306 3448 378 3524 mis
393 3447 516 3524 eidem
531 3449 617 3525 testi
640 3465 677 3525 et
694 3449 870 3554 pluribus
890 3449 972 3525 aliis
992 3477 1077 3526 cum
1099 3446 1235 3525 e'odem
1255 3448 1499 3525 existentibus
1519 3449 1558 3524 in
1579 3476 1723 3527 carcere

306 3579 354 3655 de
372 3578 636 3656 Monsterrolio
656 3580 815 3658 diocesis
832 3578 1108 3672 Ambianensis,
1131 3580 1236 3686 quod
1256 3580 1459 3685 perderent
1483 3606 1638 3685 corpora
1658 3608 1724 3657 sua

305 3707 378 3783 nisi
389 3708 562 3812 juvarent
579 3709 627 3784 ad
640 3710 935 3786 destructionem
953 3709 1113 3796 ordinis,
1127 3708 1343 3785 confitendo
1361 3708 1465 3815 quod
1480 3688 1725 3816 abnegassent

305 3837 432 3913 Deum
452 3852 490 3911 et
507 3836 613 3940 quod
632 3839 821 3941 spuissent
837 3866 951 3944 super
969 3865 1141 3928 crucem3
1162 3836 1254 3913 dixit
1273 3836 1428 3943 insuper
1443 3837 1548 3942 quod
1563 3854 1648 3942 post
1668 3839 1724 3914 di-

306 3982 403 4041 ctam
431 3963 703 4043 confessionem
730 3966 862 4043 factam
885 3994 954 4073 per
978 3994 1068 4043 eum
1094 3995 1218 4043 coram
1254 3967 1354 4043 dicto
1386 3966 1542 4044 domino
1572 3965 1724 4044 Ambia-

306 4094 412 4171 neusi
439 4110 476 4170 et
500 4121 623 4170 coram
649 4095 935 4201 inquisitoribus
963 4095 1036 4171 suit
1060 4095 1250 4172 confessus
1275 4097 1323 4171 de
1348 4095 1446 4172 dicta
1469 4094 1558 4172 falsa
1583 4097 1726 4176 confes·

305 4226 411 4302 sione
431 4252 546 4330 quam
566 4225 697 4302 asserit
716 4253 755 4301 se
775 4225 905 4304 lecisse
922 4225 1073 4302 cuidam
1087 4224 1190 4300 fratri
1210 4224 1348 4303 Minori
1368 4223 1439 4301 sibi
1460 4224 1640 4332 deputato
1657 4255 1725 4335 per

307 4354 506 4432 dominum
535 4355 761 4444 Robertum,
783 4384 885 4433 nunc
902 4356 1193 4434 Ambianensem
1215 4354 1450 4462 episcopum,
1472 4357 1532 4433 cui
1549 4357 1724 4465 episcopo

307 4483 411 4559 idem
437 4485 543 4561 testis
567 4485 737 4562 voluerat
765 4487 953 4576 confiteri3
974 4487 1163 4564 sedidem
1183 4486 1380 4592 episcopus
1403 4487 1598 4593 respondit
1621 4489 1726 4595 quod

307 4640 384 4690 non
404 4630 550 4719 poterat
569 4615 699 4693 audire
720 4618 884 4694 eundem
895 4634 1050 4723 propter
1061 4615 1193 4692 fratres
1211 4615 1304 4692 alios
1322 4629 1537 4724 occupatus,
1553 4633 1592 4694 et
1606 4617 1726 4697 dictus

307 4742 421 4820 frater
450 4744 576 4821 Minor
601 4746 757 4823 absolvit
784 4774 889 4839 eum,
916 4764 953 4824 et
981 4747 1144 4854 injunxit
1171 4746 1296 4823 eidem
1323 4747 1428 4853 quod
1449 4732 1624 4854 deinceps
1647 4776 1725 4827 uon

307 4871 445 4951 faceret
463 4874 593 4952 falsam
614 4876 885 4955 consessionem
903 4877 942 4955 in
962 4879 1117 4986 negocio
1137 4877 1319 4985 predicto.

394 5012 499 5075 rancis
521 5035 574 5076 ors
595 5036 766 5078 reuertens.
780 5048 821 5062 -
835 5037 854 5077 1.
1514 5020 1554 5099 lt7
