4080 6052
655 532 852 627 esoces
877 552 974 631 ons
999 553 1301 633 rrurmnns,
1612 566 1684 639 ssi
1803 594 1807 601 ·

261 697 350 805 jure
369 694 457 773 fieri
475 721 553 771 non
575 692 698 781 valeat,
712 720 847 801 noque>
861 692 978 800 possit
995 694 1191 799 pendente
1211 695 1464 802 inquisicione.
1477 717 1598 777 vestra
1622 730 1689 781 seu

265 853 441 933 processu
465 841 594 903 contra
612 823 714 929 ipsus
738 840 778 903 ct
793 823 1245 932 nliussratrcsejusdem
1265 826 1418 920 ordinis.
1433 828 1499 934 qui
1519 858 1559 907 se
1580 831 1690 909 obtu-

264 958 392 1034 lerunt
405 973 445 1034 et
457 980 497 1039 se
507 954 762 1035 -offeruutseu
772 954 959 1035 offerrent
977 952 1188 1039 defensioni
1203 957 1375 1065 ejusdem
1391 959 1546 1039 ordinis.
1562 963 1689 1057 Quare

265 1116 352 1167 cum
377 1085 650 1194 appellationis·
661 1085 876 1178 remedium
897 1086 1141 1169 adinventum
1162 1086 1280 1164 suerit
1298 1088 1346 1165 nd
1363 1087 1607 1171 relevandum
1622 1123 1690 1200 op,-

264 1248 414 1327 pressos
434 1217 590 1324 injuste,
604 1242 660 1294 ¹ne
679 1218 855 1295 executio
874 1217 1001 1323 atique
1017 1216 1084 1301 fist
1102 1235 1232 1295 contra
1251 1219 1352 1324 ipsos
1371 1237 1409 1296 ct
1427 1249 1606 1326 personas
1625 1252 1689 1303 eo-

266 1379 369 1441 rum,
391 1367 457 1429 aut
470 1349 607 1458 injuria
621 1347 804 1437 inseratur
815 1349 960 1428 eisdem
980 1377 1047 1456 per
1061 1349 1180 1426 dictos
1200 1349 1376 1428 dominos
1391 1351 1689 1462 archiepiscopos

246 1498 305 1560 'et
327 1481 491 1588 prelatos
519 1477 645 1589 regni,
674 1478 779 1584 quod
808 1497 909 1557 certe
934 1480 965 1556 si
993 1478 1117 1571 fieret,
1143 1495 1273 1556 contra
1295 1480 1421 1558 Deum
1442 1500 1480 1559 et
1498 1483 1688 1592 justiciam

265 1629 377 1704 esset,
400 1630 439 1689 et
457 1597 748 1718 hoc'inquisicio
766 1625 888 1688 vestro
910 1609 1076 1693 totaliter
1098 1609 1328 1699 turbaretur,
1348 1611 1436 1690 ideo
1456 1641 1501 1691 ex
1520 1641 1622 1691 nunc
1641 1617 1689 1693 ad

264 1743 463 1823 dominum
480 1726 620 1850 Papum
635 1741 934 1848 e'tnpostolicorn
955 1727 1095 1821 Sedent
1108 1758 1370 1849 provocantet
1384 1743 1597 1850 appellent,
1611 1764 1688 1832 tarn

262 1875 341 1951 rive
358 1900 579 1983 vocczqunm
594 1873 713 1952 eciam
729 1874 770 1952 iu
787 1873 954 1981 scriptis,
968 1884 1210 1980 ponentes'se
1223 1875 1343 1980 ipsos,
1359 1902 1539 1980 personas
1553 1903 1688 1957 eor-um

264 2020 304 2080 et
325 2021 450 2083 totum
469 2005 535 2114 jus
552 2033 677 2083 suum·
692 2021 734 2082 et·
753 2005 871 2082 totius
891 2003 1208 2111 ordinisTempli
1231 2003 1305 2096 sub
1325 2005 1558 2110 protectione
1579 2007 1688 2086 Sedis

264 2135 464 2241 apostolice
481 2153 521 2214 et
534 2160 666 2213 omues
683 2133 817 2213 fratres
830 2135 920 2213 dicti
933 2135 1077 2214 ordinis
1091 2135 1157 2242 qui
1177 2163 1217 2212 se
1233 2134 1455 2215 obttderimt
1468 2155 1508 2215 et
1521 2136 1688 2217 offerunt

264 2293 332 2344 seu
356 2264 537 2344 offerrent
559 2264 975 2370 defensionispredicts.
999 2266 1140 2343 Petunt
1163 2264 1372 2370 apostolos,
1400 2283 1439 2343 et
1464 2267 1604 2346 iterum
1624 2299 1688 2375 pe-

264 2412 371 2486 tunt,
390 2414 430 2474 et
452 2413 589 2504 petunt
611 2424 699 2473 cum
722 2393 1231 2481 insonnsmaximanltem,
1251 2410 1390 2500 petunt
1407 2395 1547 2473 habere
1568 2400 1689 2477 consi-

263 2525 360 2604 lium
382 2527 605 2633 sapientum·
619 2511 668 2603 nd
686 2523 959 2633 corrigendum
978 2541 1193 2632 presentem
1209 2523 1519 2630 appellaoiouem,
1540 2527 1572 2604 si
1592 2555 1689 2635 opus

261 2656 391 2748 fucrit,
418 2674 460 2735 et
478 2673 616 2763 petunt
638 2654 864 2734 necessarias
880 2652 1185 2738 etsufficientes
1214 2658 1392 2760 experiens
1420 2656 1467 2735 de
1490 2655 1602 2737 bonis
1623 2641 1688 2737 ‘or-

262 2787 361 2867 dinis
393 2787 596 2867 ministrari
623 2785 713 2876 sibi,
750 2795 804 2864 et'
820 2813 910 2863 curn
939 2784 1053 2892 plenu
1082 2785 1282 2863 securitate
1309 2787 1410 2864 mitti
1440 2788 1504 2873 vei
1527 2772 1688 2892 duciid

262 2919 463 2998 domnum
486 2917 742 3027 Pnpnminfrn
765 2934 919 3024 tempus
935 2916 1157 3024 legitimum·
1176 2917 1224 2995 nd
1248 2918 1545 3025 appellncionem
1568 2922 1686 3029 hujus

262 3049 581 3158 prosequendum,
602 3065 642 3127 et
660 3048 788 3127 omnia
806 3046 1102 3126 alianoccssnria
1120 3046 1161 3123 in
1181 3064 1289 3127 causa
1307 3047 1486 3153 predicta.

315 3182 428 3272 Item,
445 3196 700 3286 protestantur
716 3196 755 3257 et
769 3178 1071 3260 dicuutznomine
1082 3205 1154 3257 suo
1172 3194 1211 3255 et
1226 3179 1399 3263 omniurn
1414 3177 1486 3257 sihi
1500 3179 1685 3261 adheren-

262 3313 387 3409 cium,
405 3333 517 3390 'nunc
536 3328 580 3390 ct
593 3312 634 3389 iu
657 3309 831 3393 futurum
850 3310 978 3389 omnin
996 3308 1209 3417 supradicte
1235 3338 1274 3387 se
1294 3308 1391 3387 vesse
1408 3313 1603 3418 prosequi,
1630 3338 1687 3395 se·

261 3444 430 3522 cundum
443 3442 551 3551 quod
565 3444 613 3524 de
623 3444 712 3553 jure
726 3442 863 3521 melius
877 3458 1057 3549 poterunt
1072 3444 1111 3519 ct
1125 3440 1331 3525 debebunt,
1347 3441 1443 3521 Item
1458 3441 1684 3549 supplicant,

260 3591 385 3683 patres
407 3574 621 3664 reverendi,
648 3592 693 3652 ut
710 3574 908 3680 pendente..
920 3589 1046 3651 vestro
1064 3571 1326 3678 inquisicionis
1345 3569 1685 3660 officim-mundare

259 3706 405 3785 velletis
424 3705 525 3784 dioto
545 3707 704 3785 domino
723 3705 1063 3815 archiepiscopoffet
1081 3702 1168 3810 ejus·
1183 3701 1427 3815 suffrngoneis
1446 3732 1489 3781 sc
1508 3702 1686 3782 omnibus

261 3835 343 3913 aliis
367 3833 520 3941 prelatis
539 3834 588 3913 ds
608 3861 742 3944 regno,
769 3834 874 3942 quod
893 3861 979 3912 non.
990 3832 1197 3941 procedant
1220 3833 1268 3910 nd
1297 3831 1463 3940 aliquam
1483 3834 1685 3914 novitatem

261 3963 629 4079 faciendam—contra
656 3963 790 4044 fratres
817 3965 1020 4071 predictos.
1046 3965 1477 4071 Itemsuppiicrncnt
1495 3967 1685 4047 mediante

261 4093 403 4175 auxilio·
424 4112 547 4173 vestro
576 4095 727 4202 possint.
746 4094 857 4172 adire,
869 4094 1108 4201 presenciam.
1132 4095 1221 4173 dicti
1236 4095 1686 4205 domininrchiepiscopi

260 4226 507 4316 senonensis,
521 4242 567 4303 ut
581 4235 710 4303 coram
722 4225 804 4332 ipso
818 4207 1121 4332 superpredictis
1134 4225 1296 4322 inlinunt
1307 4225 1512 4334 appellere,
1528 4245 1566 4305 ct
1580 4231 1685 4337 quod

260 4359 415 4436 mittatis
435 4387 522 4436 cum
540 4356 632 4465 ipsis
647 4384 769 4435 unum
788 4356 847 4435 vel
861 4356 960 4435 duos
979 4356 1029 4434 de
1045 4358 1202 4437 notoriis
1220 4358 1443 4436 vestrisseu
1474 4358 1687 4439 tabellioni-

259 4488 348 4577 bus,
371 4489 438 4596 qui
458 4489 507 4567 de
526 4488 625 4566 diets
641 4486 899 4595 nppdluoione
923 4484 1059 4565 saciant
1071 4487 1133 4566 ¹eis
1151 4486 1351 4593 publicum
1370 4487 1683 4581 instrumentum,

260 4647 347 4697 cum
367 4646 445 4696 non
464 4619 662 4698 inveniant.
674 4618 868 4698 nummum
886 4619 953 4727 qui
972 4616 1077 4699 vellit
1094 4618 1159 4697 ire.
1170 4648 1260 4698 cum
1279 4618 1440 4728 ipsisnd
1457 4620 1686 4700 hostaden:

260 4742 365 4827 dum.
385 4752 480 4829 Item
487 4804 504 4844 ,-.
517 4733 650 4860 rogent
662 4777 796 4829 omues
809 4750 1202 4857 notariospressntes,
1216 4741 1330 4831 'unde
1343 4751 1685 4861 uppelhcionshu-

255 4879 325 4988 jus.
338 4880 544 4961 eisfeciant
561 4880 758 4990 publicum
773 4881 1082 4989 instrumentum
1100 4883 1112 4945 ’-
1133 4924 1138 4935 ·
1216 4921 1234 4959 12
1390 4938 1395 4967 1
1435 4940 1449 4953 -.
1526 4946 1529 4953 .
1614 4920 1643 4955 a.
