4080 6052
702 558 899 650 raocrs
925 577 1020 647 nas
1046 576 1344 649 rr-nrmsns.
1663 585 1726 655 iai

315 718 439 798 ticulis
453 717 568 796 nichil
585 719 665 805 scit,
683 747 752 796 nec
770 719 905 809 credit,
922 717 994 793 nisi
1012 719 1116 824 quod
1132 746 1244 823 supra
1260 719 1451 822 deposuit,
1464 745 1534 794 nec
1548 718 1620 797 suit
1634 723 1732 799 ultra

316 878 427 939 mare,
444 877 513 926 nec
527 851 566 924 in
580 865 659 925 tam
676 849 833 926 remotis
848 847 1030 954 partibus,
1047 848 1119 924 nisi
1134 849 1253 925 semel
1271 849 1372 953 apud
1388 849 1558 925 Mentem
1571 851 1734 928 Pessula-

313 1006 416 1069 num,
435 981 473 1055 in
491 980 657 1086 quodam
677 978 840 1085 capitulo
858 977 1021 1086 generali
1037 978 1357 1084 Templariorum,
1379 1006 1546 1055 asserens
1560 981 1665 1084 quod
1680 981 1732 1057 ihi

312 1136 388 1185 non
408 1109 551 1185 audivit
568 1109 711 1215 aliquid
730 1109 829 1194 lieri,
850 1136 920 1184 nec
939 1107 1029 1199 dici,
1051 1107 1099 1183 de
1120 1107 1303 1184 contentis
1322 1107 1361 1181 in
1382 1107 1489 1184 dictis
1508 1108 1684 1186 articulis.

368 1241 478 1326 Item,
501 1265 616 1343 super
632 1237 789 1314 articulo
811 1237 858 1314 de
880 1237 1108 1314 ellemosinis
1127 1253 1165 1313 et
1184 1236 1266 1312 aliis
1285 1237 1530 1341 sequentibus
1545 1268 1665 1346 usque
1686 1241 1732 1316 ad

313 1368 512 1445 articulum
532 1369 637 1474 quod
660 1368 765 1460 dicit,
792 1368 897 1474 quod
920 1368 1099 1445 tenebant
1120 1397 1188 1444 sua
1209 1366 1369 1473 capitula
1392 1368 1636 1456 clandestine,
1662 1389 1729 1448 etc.

312 1498 548 1606 singulariter
567 1528 681 1605 super
699 1498 872 1606 quolibet
890 1499 1109 1605 requisitus,
1131 1498 1223 1574 dixit
1246 1497 1352 1604 quod
1376 1498 1493 1574 immo
1514 1499 1731 1578 ellemosine

310 1630 407 1706 ben'e
428 1629 568 1706 fiebant
587 1648 624 1707 et
643 1630 874 1736 hospitalitas
893 1630 991 1706 bene
1012 1628 1226 1706 servabatur
1245 1628 1283 1703 in
1305 1628 1404 1705 dicto
1425 1629 1573 1720 ordine,
1597 1632 1731 1737 etipse

309 1759 405 1837 bene
426 1761 593 1838 servabat
613 1761 652 1836 in
673 1761 788 1839 domo
808 1790 922 1867 quam
941 1760 1109 1851 tenebat,
1131 1787 1388 1864 necunquam
1409 1759 1551 1836 audivit
1571 1789 1640 1837 nec
1665 1764 1732 1837 sci-

308 1889 359 1965 vit
382 1889 487 1996 quod
507 1905 681 1967 contenta
700 1890 739 1964 in
761 1890 871 1967 dictis
895 1890 1059 1966 articulis
1084 1888 1381 1994 injungerentur,
1403 1915 1472 1965 nec
1495 1889 1732 1994 preciperen-

310 2036 383 2108 tur,
410 2046 479 2094 nec
504 2019 719 2096 dicerentur
743 2019 789 2096 ab
813 2019 890 2096 illis
911 2019 958 2096 de
979 2019 1129 2107 ordine,
1151 2018 1218 2095 sed
1236 2018 1334 2095 bene
1355 2018 1474 2093 credit
1491 2020 1597 2124 quod
1616 2021 1730 2127 aliqui

311 2147 477 2225 forenses
495 2149 569 2226 hoc
589 2150 644 2226 eis
662 2149 920 2255 imponeban13
942 2151 1021 2255 ipse
1039 2166 1167 2226 tamen
1184 2148 1281 2225 bene
1302 2149 1370 2226 scit
1388 2149 1494 2253 quod
1514 2149 1651 2255 injuste
1672 2180 1730 2227 ac·

312 2280 464 2386 quirere
486 2296 541 2359 est
558 2297 768 2388 peccatum.
1371 2379 1375 2386 ἰ

306 2458 311 2469 ·
366 2413 477 2498 Item,
496 2412 700 2518 requisitus
720 2441 835 2518 super
852 2412 1008 2489 articulo
1029 2412 1076 2488 de
1096 2412 1270 2489 tenendis
1289 2411 1459 2517 capitulis
1478 2413 1572 2487 clam
1594 2431 1631 2489 et
1651 2415 1730 2492 aliis

310 2541 556 2647 sequentibus
585 2542 778 2648 usquead
806 2543 1022 2631 articulum,
1044 2545 1139 2619 Item
1164 2542 1269 2647 quod
1291 2541 1353 2617 hic
1379 2568 1483 2617 error
1506 2523 1604 2647 riget
1624 2561 1661 2618 et
1678 2546 1730 2618 vi-

308 2670 405 2775 guit,
427 2688 496 2746 etc.
519 2669 758 2777 singulariter
777 2699 891 2777 super
909 2670 1082 2777 quolibet
1100 2671 1320 2777 requisitus,
1343 2670 1537 2775 respondit
1555 2673 1660 2777 quod
1679 2676 1731 2750 vi·

307 2797 364 2875 dit
381 2799 524 2903 pluries
542 2800 648 2906 quod
673 2801 833 2906 capitula
856 2800 1094 2892 tenebantur,
1117 2799 1318 2907 aliquando
1345 2798 1393 2874 de
1420 2799 1501 2887 die,
1528 2799 1729 2907 aliquando

307 2928 355 3004 de
377 2946 503 3020 nocte:
523 2929 592 3006 sed
618 2930 770 3035 quando
796 2931 843 3008 de
870 2932 949 3023 die,
971 2930 1160 3041 habebant
1178 2929 1407 3037 quandoque
1427 2927 1644 3034 religiosum
1664 2935 1729 3010 ali·

307 3086 423 3163 quem
444 3058 491 3135 de
513 3074 613 3135 extra
633 3061 806 3136 ordinem
833 3089 982 3152 eorum,
1003 3061 1068 3167 qui
1088 3060 1303 3167 predicabat
1323 3058 1392 3149 eis,
1415 3074 1453 3133 et
1471 3058 1728 3162 predicacione

308 3186 493 3292 completa
519 3187 702 3266 faciehant
728 3191 837 3268 illum
864 3191 1136 3297 predicatorem
1165 3208 1203 3267 et
1229 3191 1373 3267 socium
1398 3216 1511 3264 suum
1537 3206 1574 3265 et
1598 3219 1729 3272 omnes

307 3315 414 3407 alios,
443 3320 604 3425 exceptis
623 3318 799 3400 fratribus
823 3322 881 3399 sui
903 3321 1066 3409 ordinis,
1086 3322 1259 3408 extraire,
1287 3338 1324 3396 et
1354 3318 1487 3394 clausis
1512 3318 1644 3399 hostiis
1669 3355 1727 3402 ca-

306 3448 514 3552 pitulabant
533 3468 571 3527 et
589 3452 795 3530 tractabant
815 3455 862 3530 de
882 3453 1037 3560 agendis
1056 3453 1150 3543 suis,
1173 3470 1211 3528 et
1229 3476 1424 3556 nunqnam
1443 3448 1551 3539 vidit,
1574 3478 1643 3529 nec
1662 3483 1727 3532 au-

299 3577 414 3668 divit,
430 3580 536 3685 quod
552 3599 798 3660 tractarentur
815 3582 868 3660 ihi
885 3584 955 3661 nisi
977 3583 1093 3672 bona3
1112 3582 1182 3658 alia
1199 3597 1372 3660 contenta
1385 3580 1422 3654 in
1439 3577 1547 3654 dictis
1564 3583 1728 3661 articulis

307 3734 503 3812 nunqnam
521 3710 631 3800 vidit,
652 3734 722 3821 nec
741 3712 856 3790 scivit.

365 3835 472 3924 Item,
489 3840 692 3943 requisitus
707 3870 822 3947 super
836 3844 994 3921 articulo
1010 3844 1115 3950 quod
1128 3873 1284 3950 magnus
1294 3846 1471 3953 Magister
1483 3847 1589 3924 etalii
1603 3850 1724 3953 magni

307 3972 545 4070 preceptores
558 3972 711 4073 possent
725 3970 855 4050 fratres
870 3974 1072 4063 absolvere,
1085 3991 1167 4060 etc„
1179 3975 1374 4081 respondit
1385 3978 1490 4083 quod
1494 3979 1573 4085 jam
1582 4005 1729 4083 respon-

306 4094 413 4170 derat
427 4122 550 4201 supra,
568 4125 638 4173 nec
652 4099 771 4176 credit
784 4103 890 4206 quod
905 4132 1062 4209 magnus
1074 4104 1248 4209 Magister
1260 4122 1387 4208 posset
1401 4105 1591 4184 absolvere
1607 4135 1627 4182 a
1641 4136 1726 4212 pec-

305 4224 409 4313 catis,
436 4223 526 4300 licet
548 4243 675 4331 posset
701 4243 910 4335 temperare
939 4231 1152 4338 disciplinas
1175 4230 1319 4309 debitas
1343 4261 1412 4339 pro
1436 4237 1725 4343 transgressione

304 4355 466 4443 ordinis;
494 4357 603 4434 etde
622 4357 703 4435 aliis
728 4362 911 4439 contentis
933 4390 1054 4468 usqne
1073 4362 1121 4439 ad
1138 4362 1354 4457 articulum,
1370 4366 1467 4442 Item
1487 4367 1591 4473 quod
1614 4368 1724 4475 quid-

304 4485 398 4589 quid
418 4514 575 4593 magnus
593 4489 768 4597 Magister
786 4492 945 4569 maxime
967 4522 1053 4570 cum
1080 4511 1263 4570 conventu
1283 4523 1353 4571 suo
1373 4495 1544 4589 faciebat,
1568 4516 1635 4576 etc.
1658 4500 1726 4575 sin-

304 4615 483 4719 gulariter
505 4647 620 4724 super
641 4621 815 4726 quolibet
839 4625 1059 4731 requisitus,
1085 4625 1176 4702 dixit
1201 4625 1307 4732 quod
1331 4628 1447 4704 nichil
1472 4630 1540 4706 scit
1563 4630 1662 4707 ultra
1682 4659 1724 4707 ea

302 4773 379 4849 que
400 4775 511 4852 supra
531 4749 717 4855 deposuit.

360 4878 470 4969 Item,
487 4880 690 4986 requisitus
706 4884 944 4992 singulariter
959 4916 1072 4993 super
1088 4888 1154 4966 illo
1170 4888 1343 4977 articulo,
1358 4870 1551 4998 Quicquid
1567 4921 1724 5000 magnus
