4080 6052
481 530 793 626 arcessens
819 544 1123 621 renuamus.
1435 547 1509 617 scr

100 694 170 771 nisi
188 690 442 771 sacerdotibus
461 690 632 798 ejusdem
655 683 993 798 ordinisjlicencia
1011 700 1136 759 tamen
1159 682 1257 758 bene
1279 681 1438 759 dabatur
1459 685 1513 760 eis

98 823 178 899 'sine
194 820 414 912 dificultate,
430 838 469 897 et
479 821 602 898 vcredit
615 819 721 926 quod
737 816 879 896 luerint
893 813 1141 922 negligentes,
1158 812 1339 919 quianon
1354 838 1515 888 correxe

97 926 184 1027 runt
200 951 318 1026 dictos
336 977 484 1026 errores
498 978 567 1026 nec
583 949 907 1027 denunciaverunt
925 944 1101 1021 Ecclesic.

151 1082 263 1167 Item,
285 1080 333 1156 ad
352 1106 466 1170 rcus,
495 1107 575 1168 rur,
599 1106 675 1159 vuu
700 1095 738 1154 et
765 1104 784 1153 c
809 1076 1004 1183 respondit
1026 1073 1129 1180 quod
1154 1073 1192 1148 in
1214 1071 1404 1177 aliquibus
1422 1071 1513 1151 locis

95 1209 240 1293 ordinis
254 1209 456 1316 aliquando
470 1209 793 1315 restringebantur
811 1206 1015 1287 elemosine
1035 1220 1073 1279 et
1090 1201 1339 1308 hospitalitas,
1362 1222 1514 1310 propter

96 1342 289 1421 carentiam
306 1357 345 1419 et
361 1338 648 1418 multitudinem
669 1365 896 1449 pauperum,
915 1353 952 1413 et
971 1336 1010 1411 in
1032 1333 1222 1440 aliquibus
1234 1333 1452 1411 laxabantur
1471 1364 1514 1411 ex

96 1472 271 1551 mandato
286 1471 543 1575 superiorum,
566 1498 637 1549 nec
655 1470 725 1551 scit
740 1467 849 1575 quod
864 1495 934 1571 per
952 1463 1055 1543 nefas
1074 1482 1227 1572 possent
1248 1464 1437 1570 anquirere
1456 1466 1514 1543 rel

96 1629 139 1679 sx
152 1601 226 1681 hoc
238 1601 433 1706 degerere,
455 1618 492 1681 et
516 1600 622 1707 quod
644 1628 720 1681 non
739 1614 977 1704 reputaretur
994 1611 1207 1700 peccatum,
1233 1623 1304 1671 nec
1322 1597 1427 1701 quod
1443 1596 1514 1672 hoc

95 1731 355 1836 injungeretur
369 1731 435 1812 eis.
854 1813 857 1821 ,

149 1862 261 1948 Item,
282 1859 330 1937 ad
349 1886 384 1941 ur
407 1879 446 1939 et
464 1889 596 1943 omnes
616 1859 708 1939 alios
734 1875 934 1964 sequentes
953 1856 1149 1962 respondit
1172 1883 1210 1931 sc
1234 1855 1416 1932 audivisse
1442 1856 1513 1931 dici

94 1989 200 2094 quod
219 1988 334 2082 clam,
356 1989 515 2068 exclusis
539 1990 718 2070 omnibus
735 1988 802 2094 qui
822 2016 900 2069 non
925 2003 1032 2066 erant
1051 1986 1098 2064 de
1122 1985 1271 2076 ordine,
1288 1987 1514 2065 tenebantur

95 2117 276 2223 capitula,
298 2147 367 2197 nec
388 2118 567 2200 credebat
586 2119 691 2225 quod
711 2117 803 2224 layci
823 2133 976 2223 possent
998 2115 1190 2193 absolvere
1212 2146 1233 2197 a
1251 2117 1424 2222 peccatis3
1440 2146 1515 2192 cre

96 2248 208 2331 debat
227 2261 353 2327 tamon
375 2249 481 2354 quod
503 2266 606 2331 totus
626 2249 721 2330 ordo
744 2265 907 2329 servaret
924 2247 1031 2350 quod
1051 2275 1210 2352 magnus
1228 2248 1404 2353 Magister
1425 2277 1512 2325 curn

95 2396 280 2461 conventu
300 2378 513 2467 ordinabat,
529 2396 568 2461 et
586 2379 693 2485 quod
705 2381 844 2459 modus
862 2370 1091 2482 recepcionis
1109 2376 1266 2455 fratrum
1287 2394 1383 2455 esset
1401 2397 1513 2454 notus

94 2508 269 2590 fratribus
284 2509 442 2596 ordinis,
466 2511 534 2595 sed
552 2539 629 2589 non
649 2509 851 2601 extraneis,
871 2525 910 2589 ot
931 2508 1127 2587 audiverat
1142 2507 1216 2585 dici
1234 2507 1338 2612 quod
1355 2537 1513 2614 magnus

95 2639 269 2742 Magister
285 2655 337 2735 ,et
363 2637 425 2718 alii
452 2639 665 2744 superiores
693 2637 852 2721 confossi
876 2637 1027 2717 fuerant
1050 2637 1338 2741 abnegacionem
1362 2655 1400 2715 et
1422 2638 1512 2715 alios

95 2795 253 2849 errores.
267 2768 325 2848 De
338 2765 426 2847 ¹aliia
446 2769 631 2847 contentis
643 2770 689 2861 ‚in
708 2769 818 2848 dictis
833 2767 999 2850 articulis
1014 2766 1210 2873 respondit
1230 2795 1268 2845 ss
1287 2767 1403 2845 nichil
1420 2769 1512 2846 seire

95 2895 192 2974 ultra
211 2897 317 3004 quod
336 2926 449 3003 supra
466 2898 654 3004 deposuit.

149 3029 261 3119 Item,
275 3029 479 3133 requisitus
493 3030 524 3107 si
541 3030 594 3107 sic
610 3029 837 3136 deposuerat
849 3057 976 3137 precs,
992 3046 1184 3135 precepto,
1197 3029 1349 3120 timore,
1365 3057 1508 3119 amore,

94 3156 183 3233 odio
212 3154 270 3231 uel
300 3156 500 3263 temporali
528 3159 690 3241 comedo
715 3159 845 3239 habito
875 3158 934 3239 vel
964 3157 1155 3243 hahendo,
1187 3160 1383 3266 respondit
1407 3162 1510 3268 quod

92 3314 187 3371 non,
208 3285 277 3367 sed
295 3314 365 3392 pro
384 3288 538 3367 veritate
567 3288 743 3380 dicenda;
768 3290 828 3369 cui
852 3289 924 3367 luit
946 3287 1158 3395 injunctum
1178 3317 1246 3395 per
1273 3291 1426 3369 eosdem
1450 3292 1511 3368 do

92 3416 216 3495 minos
227 3416 514 3511 commissarios,
531 3417 571 3499 in
585 3419 724 3501 virtuts
734 3420 939 3533 juramenti
957 3418 1103 3524 prestiti
1116 3445 1185 3523 per
1200 3419 1389 3506 eumdem,
1406 3421 1510 3525 quod

92 3573 167 3649 non
187 3544 368 3626 revelaret
392 3548 488 3627 hanc
507 3576 614 3627 suam
634 3549 914 3656 deposicionem
934 3575 1133 3654 quousque
1152 3549 1412 3627 attestaciones
1428 3548 1510 3626 lue·

90 3676 167 3771 rint
184 3674 384 3780 pulnlicate.
418 3744 422 3751 .

145 3803 235 3885 Acta
247 3803 483 3887 luerunthec
494 3809 557 3891 die
570 3824 609 3885 et
621 3809 706 3891 loco
717 3807 1158 3915 predictis,presentibus
1169 3811 1345 3918 magistro
1354 3810 1507 3902 Amisio,

89 3962 150 4013 me
171 3933 423 4015 Floriamonte
443 3939 642 4023 Dondedei
664 3957 704 4016 et
721 3941 803 4023 aliis
826 3940 983 4021 notariis
1001 3967 1113 4044 supra
1135 3940 1270 4020 rrltimo
1294 3943 1506 4021 nominatis.

144 4195 233 4273 Post
252 4193 339 4284 hec,
357 4195 420 4273 die
440 4195 565 4276 Sahati
586 4198 774 4302 sequenti,
794 4226 871 4305 que
889 4197 964 4279 fuit
981 4227 1044 4279 rur
1063 4198 1152 4275 dicti
1167 4201 1307 4279 mensis
1322 4204 1504 4295 ianuarii,

90 4341 342 4403 convenerunt
360 4326 450 4407 dicti
469 4327 613 4405 domini
634 4329 878 4409 commissarii
897 4330 938 4411 in
958 4331 1075 4409 domo
1094 4331 1275 4434 predicta,
1299 4350 1336 4409 et
1353 4333 1507 4413 fuerunt
1570 4308 1583 4329 ⁰

89 4452 242 4527 adducti
271 4454 317 4531 ad
344 4456 575 4559 presenciam
604 4459 827 4539 eorumdem
851 4487 920 4565 pro
944 4459 1105 4539 testibus
1132 4460 1354 4569 infrascripti
1375 4465 1508 4545 fratres

89 4580 178 4656 dicti
196 4582 356 4675 ordinis,
370 4585 544 4667 videlicet
563 4585 694 4671 fratres
714 4589 903 4670 lohannes
916 4590 962 4669 de
977 4590 1236 4681 Boillrencort,
1253 4612 1291 4671 et
1308 4596 1440 4674 Petrus
1458 4599 1505 4676 de

86 4709 343 4793 Bolhencourt
363 4716 638 4809 Novionseusis,
664 4721 859 4801 ‹et-Petrus
882 4721 1125 4803 sonantum
1144 4721 1404 4805 Ambianensis
1425 4730 1506 4808 dio·

86 4840 243 4936 cerium,
264 4845 484 4938 servientes,
504 4849 571 4955 qui
582 4851 821 4958 juraverunt,
838 4852 946 4931 tactis
959 4854 1201 4933 sacrosanctis
1213 4856 1431 4965 Evangeliis,
1450 4862 1506 4936 di·
