4080 6052
716 533 912 629 eaocns
938 546 1032 626 ons
1057 549 1358 629 rennuens.
1450 552 1456 561 ·
1672 553 1739 626 ιιι

306 760 309 767 .
332 698 654 812 megasderons,
672 694 844 773 comecii
860 694 927 801 qui
945 710 1034 771 aunt
1045 721 1095 771 en
1110 693 1256 800 priaaon
1269 720 1317 769 an
1335 693 1418 769 noia
1432 690 1522 780 frea,
1542 690 1684 797 tc'ople
1701 720 1743 778 ιι,

332 858 495 911 acomea
509 857 558 906 en
576 825 798 913 neiraioasa
818 850 952 904 occure
970 839 1095 902 tontes
1113 824 1170 902 ian
1189 825 1283 903 nuit.
1372 843 1379 854 ·
1402 880 1405 884 -

386 945 530 1048 «Item,
550 985 620 1035 noa
638 985 704 1035 voa
721 955 867 1034 fanone
884 956 1002 1032 aanvir
1017 981 1093 1061 que
1111 955 1168 1033 ies
1185 981 1302 1064 gagen·
1315 955 1362 1031 de
1378 979 1428 1031 ιιι
1442 952 1663 1060 denierque
1677 981 1747 1030 noa

332 1117 502 1170 evonane
517 1115 587 1165 noa
599 1085 899 1176 soufficentmie3
920 1109 981 1161 car
999 1112 1069 1163 noa
1089 1086 1262 1163 convient
1274 1084 1378 1191 paier
1397 1111 1466 1160 nos
1481 1083 1545 1171 lia,
1558 1110 1597 1160 111
1617 1083 1748 1160 denier

332 1219 505 1328 paavjour
523 1218 686 1294 chacun
703 1215 767 1307 lia,
785 1209 891 1323 louge
911 1214 960 1292 de
977 1215 1137 1304 ouiaine,
1157 1240 1287 1321 napea,
1311 1213 1457 1291 toualca
1483 1240 1582 1320 pour
1604 1213 1747 1291 teueles

335 1366 518 1427 etnutrea
533 1348 679 1439 chorea,
699 1373 727 1423 ιι
741 1344 811 1424 col.
831 1368 869 1425 vr
890 1343 1022 1422 denier
1040 1340 1078 1422 la
1092 1371 1280 1453 aemange.

390 1514 406 1547 ι
419 1479 530 1569 Item,
545 1502 645 1584 pour
660 1502 733 1553 noa
746 1472 888 1585 dergier
909 1492 947 1553 et
966 1474 1170 1584 desset-ger,
1190 1473 1278 1580 puis
1294 1497 1370 1580 que
1388 1499 1459 1550 noa
1475 1500 1599 1551 comes
1613 1472 1747 1550 devant

335 1608 390 1686 lea
408 1607 592 1696 auditore,
608 1632 635 1684 u
653 1604 723 1684 col.

391 1774 403 1804 ι
419 1738 526 1826 Item,
547 1759 647 1843 pour
659 1734 759 1812 laver
775 1734 861 1812 draa
875 1751 915 1812 et
928 1734 1054 1825 rohes,
1073 1733 1212 1841 lignea,-
1225 1731 1387 1810 chaacnn
1402 1757 1448 1810 xv
1458 1731 1565 1838 jours
1583 1758 1668 1810 ινιιι
1684 1732 1748 1809 de-

335 1865 429 1945 nier.
443 1866 558 1952 item,
573 1888 674 1971 pour
684 1861 812 1942 bdche
824 1877 864 1941 et
874 1863 1049 1951 candele,
1063 1863 1224 1941 chaacuu
1231 1864 1294 1971 jor
1308 1888 1361 1940 ιιιι
1373 1861 1516 1939 deuier.
1530 1863 1646 1952 Item,
1666 1892 1748 1969 pas·

337 2020 396 2073 aer
407 2012 447 2071 et
456 2020 626 2100 repaaaer
636 1991 894 2085 tadonem,
910 2019 971 2074 ιιι
983 1992 1130 2084 denier,'
1140 1993 1188 2070 de
1202 1992 1312 2071 aailea
1324 1991 1372 2069 de
1387 1989 1517 2070 Nostro
1530 1991 1689 2070 Damme
1700 1994 1748 2068 de

338 2121 455 2200 l'altre
472 2138 556 2229 part
575 2122 622 2200 de
640 2117 770 2199 l‘iana
904 2166 906 2171 ·
1013 2149 1017 2156 ·

394 2254 485 2346 Qua.
497 2277 568 2357 per
590 2278 660 2328 noa
684 2251 866 2357 inspecta,
885 2252 1085 2357 petivimus
1101 2253 1150 2330 ab
1166 2253 1222 2330 eia
1240 2253 1271 2330 ci
1291 2252 1395 2331 aliud
1413 2252 1588 2330 volebant
1606 2253 1746 2341 dicere;

339 2381 406 2489 qui
422 2380 599 2459 dixerunt
615 2379 722 2487 qnod
735 2402 830 2466 non,
849 2380 938 2486 qnia
954 2379 1071 2457 nichil
1090 2378 1195 2456 alind
1211 2375 1391 2466 sciebant,
1407 2382 1474 2458 aad
1492 2381 1656 2458 multum
1673 2381 1751 2485 pla-

339 2528 440 2588 ceret
463 2507 517 2587 eia
535 2508 641 2616 quod
662 2509 753 2586 dicti
774 2508 919 2586 domini
947 2509 1189 2588 commissarii
1213 2509 1463 2616 procederent
1489 2510 1529 2586 in
1556 2509 1656 2587 dicto
1685 2538 1750 2586 ue·

337 2640 446 2749 goeio
471 2639 681 2717 acuendum
707 2639 832 2717 Deum
858 2636 1103 2747 et·juaticiam
1128 2668 1171 2715 ac
1192 2638 1399 2728 racionem,
1423 2639 1514 2745 quia
1538 2638 1749 2745 periculum

339 2785 417 2846 erat
436 2769 475 2844 in
496 2796 617 2855 mora,
638 2768 726 2874 quia
745 2767 776 2846 ai
792 2767 1027 2876 contingeret
1043 2767 1241 2846 dominum
1260 2769 1397 2875 Papam
1417 2767 1531 2858 mori,
1551 2769 1750 2876 negocium

340 2899 598 3006 impediretur,
615 2914 653 2976 et
670 2924 820 3006 semper
837 2914 1076 2976 remanerent
1095 2899 1203 3005 capti.
1219 2898 1405 2977 Dixernnt
1418 2900 1534 2977 edam
1554 2900 1658 3006 quod
1679 2901 1748 3006 ipsi
1877 2890 1881 2898 ⁴

339 3027 481 3107 habant
492 3046 531 3106 et
549 3015 745 3107 habebunt
762 3045 886 3111 ratum
906 3045 945 3107 et
961 3045 1110 3138 gratum
1133 3027 1318 3136 quicquid
1332 3027 1398 3107 fiet
1412 3046 1451 3106 et
1464 3046 1697 3135 proponetur
1708 3031 1749 3131 in

341 3157 440 3236 dicto
458 3159 614 3265 negocio
626 3185 695 3264 per
712 3157 847 3238 franca
861 3160 905 3236 R.
924 3159 972 3235 de
989 3159 1130 3236 Pruino
1149 3176 1187 3237 et
1200 3159 1240 3236 P.
1257 3160 1305 3236 de
1319 3159 1487 3237 Bononia
1504 3160 1746 3266 supradictos.

394 3421 483 3501 Poat
514 3416 600 3508 hec,
628 3418 761 3498 eadem
790 3413 854 3499 die
879 3416 1004 3499 sabati
1037 3420 1260 3499 accessimua
1283 3419 1333 3498 ad
1356 3419 1494 3522 dictam
1519 3420 1678 3497 domum
1702 3420 1749 3496 de

338 3549 552 3638 Pndhiaoo,
570 3544 638 3628 ubi
656 3549 925 3655 detinebantur-
943 3574 1028 3629 ιιιι
1044 3547 1250 3657 Templorii
1269 3548 1488 3656 supradicti,
1506 3548 1646 3655 quibua
1664 3547 1751 3624 dixi·

339 3705 423 3756 mua
439 3679 544 3784 quod
560 3677 718 3785 predicti
738 3678 884 3756 domini
902 3677 1164 3771 commissarii,
1183 3676 1251 3786 qui
1270 3676 1515 3756 confecerant
1536 3679 1749 3787 congregari

339 3807 386 3884 ad
410 3806 607 3882 sciendum
632 3807 925 3887 utrumuessent
951 3807 1180 3887 constituere
1207 3807 1372 3915 aliquem
1401 3807 1460 3885 vei
1493 3806 1638 3914 aliquos
1665 3835 1751 3913 pro·

338 3949 527 4012 curatores
546 3933 594 4012 ad
614 3934 885 4015 deffensionem
904 3937 1051 4016 ordinis
1062 3937 1289 4045 urpradicti,
1310 3955 1348 4015 et
1365 3936 1456 4016 alias
1477 3938 1595 4014 eciam
1619 3965 1663 4013 ex
1687 3936 1751 4013 ha-

337 4062 525 4141 bundanti
553 4061 603 4139 ad
631 4062 731 4168 ipaoa
750 4062 936 4143 nucerant·
947 4065 995 4143 ad
1014 4064 1211 4144 sciendum
1227 4066 1305 4144 noc
1326 4066 1446 4153 idem,
1466 4065 1554 4173 qnia
1573 4064 1753 4143 nolebant

338 4191 501 4301 amplius
529 4208 724 4298 expectere
754 4192 848 4300 quin
875 4193 917 4271 in
946 4194 1047 4273 dieto
1074 4195 1232 4302 negocio
1260 4194 1510 4301 procederent
1541 4199 1750 4275 secundum

338 4322 441 4429 quod
459 4319 575 4399 fuerit
591 4319 769 4411 racionis,
787 4334 827 4400 et
844 4320 933 4400 ideo
949 4322 1172 4400 vnlobnmua
1182 4323 1277 4400 acina
1296 4340 1424 4401 utrum
1438 4323 1576 4402 vellent
1587 4325 1750 4433 aliquem

340 4478 385 4528 ax
413 4475 453 4528 ae
479 4451 538 4528 vei
561 4477 610 4529 ex
638 4450 721 4530 aliia
752 4467 915 4531 statuere
942 4453 992 4531 ad
1020 4451 1278 4531 desenaionam
1308 4453 1463 4533 ordinis.
1484 4454 1565 4550 Qui.
1581 4455 1754 4534 dixerunt

338 4579 445 4687 quod
472 4579 622 4657 nullum
648 4597 931 4688 procuratorem
960 4581 1209 4661 intendebant
1230 4581 1373 4676 facere,
1398 4584 1464 4663 aed
1486 4585 1757 4664 ordinaverunt

338 4710 441 4816 qnod
470 4708 601 4789 fratres
623 4709 832 4798 Ancheriua
852 4713 900 4789 de
916 4712 1021 4791 Sitne
1040 4712 1165 4806 milen,
1186 4727 1225 4790 et
1242 4712 1338 4791 Pde
1358 4714 1584 4808 Carmelus,
1605 4717 1755 4794 veniant

340 4837 490 4918 iactanti
503 4839 570 4917 dia·
580 4840 770 4930 Mercurii.
782 4841 830 4921 nd
843 4841 1074 4922 tradendum
1086 4843 1126 4921 in
1140 4842 1286 4950 scriptia
1298 4840 1535 4923 defensiones
1548 4845 1703 4933 ordinis,
1718 4863 1755 4922 et
