4080 6052
521 552 593 624 ssa
908 528 1099 623 rnocts
1126 545 1217 619 ons
1243 542 1540 615 rrururas.

518 692 619 769 idem
645 690 826 795 jurarent.
856 690 989 767 Statim
1016 717 1083 794 pro
1108 683 1283 792 professis
1301 681 1548 759 habebantur.
1574 677 1827 758 clandestine
1853 681 1946 755 reci-

444 829 447 834 '
517 821 728 925 piebantur.
744 820 825 895 Non
844 820 963 897 credit
976 818 1082 926 quod
1093 814 1278 892 haberent
1295 810 1425 917 ydola,
1446 838 1516 887 nec
1535 809 1640 916 quod
1660 808 1825 885 cordule
1858 838 1944 886 cum

520 949 660 1054 quibus
685 947 930 1056 cingebantur
954 946 1215 1052 (assumebant
1241 942 1344 1017 unde
1364 939 1578 1043 volebant),
1599 956 1804 1045 tangerent
1819 940 1936 1046 capita

507 1079 731 1185 ‘ydolorum
750 1081 832 1155 Non
852 1078 925 1155 fuit
946 1079 978 1154 ei
1000 1076 1204 1153 inhibitum
1225 1071 1329 1178 quod
1351 1097 1430 1146 non
1450 1069 1697 1146 confiteretur
1722 1069 1799 1145 nisi
1818 1099 1938 1147 sacer-

519 1207 672 1284 dotibus
696 1207 857 1295 ordinis,
874 1235 945 1284 nec
963 1207 1104 1284 audivit
1128 1204 1209 1280 aliis
1227 1200 1403 1278 inhiberi.
1423 1199 1657 1276 Elemosinas
1679 1216 1717 1277 et
1747 1199 1939 1305 hospitali-

518 1354 633 1414 tatem
664 1336 758 1413 vidit
783 1337 824 1412 in
855 1336 1032 1413 domibus
1056 1333 1199 1412 ordinis
1220 1333 1261 1408 in
1279 1330 1421 1437 quibus
1447 1347 1685 1406 conversatus
1706 1327 1784 1406 fuit
1810 1359 1944 1408 conve·

519 1468 667 1544 nienter
686 1467 768 1542 fieri
790 1483 827 1542 et
846 1467 997 1556 servari,
1017 1483 1055 1542 et
1068 1465 1230 1541 decimas
1243 1461 1342 1538 bene
1362 1459 1471 1536 reddi
1494 1461 1541 1537 de
1558 1460 1670 1537 terris
1691 1488 1830 1538 eorum
1850 1490 1943 1569 quas

520 1596 598 1701 ipe
618 1595 722 1671 testis
749 1595 950 1671 excolebat.
982 1594 1115 1672 Credit
1141 1592 1245 1699 quod
1270 1607 1373 1667 totus
1404 1591 1497 1667 ordo
1520 1607 1702 1667 servasset
1730 1591 1836 1698 quod
1864 1621 1938 1668 ma-

519 1753 614 1831 gnus
643 1723 816 1831 Magister
839 1753 926 1800 cnm
954 1740 1139 1800 conventu
1177 1720 1394 1797 ordinasset.
1430 1721 1536 1796 Nunc
1571 1720 1730 1824 grandia
1768 1721 1936 1801 scandala

519 1872 607 1931 sunt
631 1870 757 1931 exorta
785 1871 913 1932 contra
932 1854 1123 1941 ordinem,
1150 1869 1304 1957 propter
1331 1850 1395 1927 illa
1421 1851 1468 1926 de
1495 1851 1635 1955 quibus
1662 1854 1790 1959 agitur
1811 1873 1936 1932 contra

519 2013 619 2061 eum.
656 1983 809 2060 Audivit
842 1982 914 2059 dici
948 2011 1127 2088 magnum
1154 1981 1373 2087 Magistrum
1404 1997 1442 2056 et
1470 1979 1561 2057 alios
1594 1980 1745 2087 aliquos
1774 2012 1937 2071 errores,

519 2113 636 2190 nescit
649 2140 758 2218 quos,
782 2111 897 2189 fuisse
908 2112 1095 2190 confessos
1110 2128 1239 2189 contra
1253 2110 1448 2198 ordinem,
1471 2111 1517 2186 ad
1534 2111 1643 2218 cujus
1662 2111 1939 2194 deffensionem

519 2270 558 2319 se
579 2241 768 2319 obtulerat
785 2270 871 2318 cum
889 2241 990 2332 aliis,
1009 2258 1187 2348 etpostea
1210 2269 1249 2318 se
1269 2240 1432 2316 retraxit.

575 2371 790 2478 Requisitus
801 2372 831 2449 si
843 2373 895 2449 sic
906 2372 1131 2476 deposuerat
1146 2399 1272 2476 prece,
1285 2387 1477 2475 precepto,
1491 2370 1644 2460 timore,
1661 2401 1813 2463 amore,
1834 2377 1936 2467 odio,

519 2500 575 2576 vel
594 2503 792 2606 temporali
812 2503 974 2578 comodo
988 2501 1116 2578 habito
1136 2500 1193 2577 vel
1209 2500 1402 2587 habendo,
1422 2502 1617 2610 respondit
1635 2504 1744 2608 quod
1762 2532 1857 2595 non,
1874 2508 1937 2584 sed

518 2660 586 2736 pro
605 2634 757 2709 veritate
783 2633 952 2709 dicenda.
975 2632 1046 2708 Cui
1070 2631 1143 2707 luit
1167 2630 1378 2737 injunctum
1404 2633 1508 2735 quod
1534 2661 1611 2709 non
1633 2635 1820 2714 revelaret
1844 2640 1937 2716 hanc

520 2789 624 2837 suam
638 2761 926 2866 'deposicionem
945 2786 1143 2866 quousque
1164 2760 1417 2839 attestationes
1435 2760 1575 2839 luerint
1594 2763 1796 2867 publicata.

576 3021 703 3098 Frater
715 3022 927 3128 Stephanus
942 3026 989 3103 de
1002 3028 1169 3105 Domont
1192 3025 1370 3116 serviens,
1396 3024 1613 3103 Parisiensis
1634 3025 1809 3118 diocesis,
1830 3032 1933 3108 testis

428 3249 431 3256 Ι
520 3177 630 3253 snpra
653 3149 819 3256 juratus,
841 3153 1012 3232 habitum
1033 3173 1071 3232 et
1089 3151 1243 3231 barbam
1275 3154 1476 3246 defferens,
1500 3155 1847 3263 quinquagenarius
1879 3161 1935 3236 rel

520 3278 628 3368 circa,
652 3278 845 3360 absolutus
877 3303 914 3362 et
944 3284 1203 3362 reconciliatus
1239 3313 1306 3390 per
1341 3285 1539 3361 dominum
1580 3287 1797 3393 episcopum
1837 3292 1937 3366 Pari-

519 3409 695 3501 siensem‚
717 3415 988 3516 protestacione
1007 3414 1186 3521 premissa
1216 3416 1319 3519 quod
1346 3445 1423 3492 non
1443 3417 1606 3493 intendit
1625 3420 1798 3495 recedere
1828 3450 1849 3496 a
1871 3423 1934 3498 de-

520 3539 706 3642 posicione
727 3569 795 3645 per
814 3571 900 3618 eum
918 3544 1012 3621 lacta
1032 3573 1156 3620 coram
1178 3571 1241 3635 eo,
1264 3544 1369 3622 lectis
1390 3563 1427 3622 et
1447 3545 1643 3653 diligenter
1665 3549 1836 3651 expositis
1857 3551 1930 3626 sibi

521 3671 697 3747 omnibus
718 3690 754 3747 et
776 3674 932 3779 singulis
952 3676 1131 3765 articulis,
1154 3677 1349 3780 respondit
1363 3707 1402 3753 se
1426 3678 1569 3754 nescire
1592 3679 1638 3754 de
1659 3679 1710 3754 eis
1733 3679 1804 3755 nisi
1828 3686 1933 3788 quod

521 3801 701 3906 sequitur,
721 3802 861 3879 scilicet
879 3838 886 3880 :
907 3834 945 3882 se
963 3807 1105 3882 nescire
1126 3807 1155 3883 si
1174 3806 1214 3881 in
1234 3808 1518 3911 receptionibus
1539 3808 1700 3885 aliorum
1715 3810 1940 3889 intervenie-

520 3930 610 4006 bant
639 3930 781 4019 illicita,
817 3935 904 4040 quia
922 3936 1045 4013 nullos
1077 3936 1219 4012 viderat
1245 3937 1379 4042 recipi,
1414 3966 1483 4013 nec
1517 3937 1740 4016 interfuerat
1769 3943 1938 4046 capitulis

522 4088 666 4136 eorum.
689 4063 768 4165 lpse
789 4080 915 4141 tamen
950 4082 1121 4170 receptus
1141 4066 1278 4154 luerat,
1311 4069 1349 4142 in
1369 4069 1552 4173 principio
1579 4067 1739 4175 Augusti
1770 4074 1938 4176 proximo

519 4194 684 4294 preteriti
711 4192 865 4271 luerunt
888 4197 1038 4303 triginta
1063 4199 1149 4273 anni
1170 4199 1229 4275 vel
1256 4200 1365 4286 circa,
1391 4228 1458 4304 per
1482 4200 1633 4276 fratrem
1652 4203 1866 4281 loliannem
1896 4208 1939 4282 de

520 4321 723 4399 Manbressi
744 4325 903 4401 militem
922 4329 1132 4433 quondam,
1151 4348 1407 4434 preceptorem
1428 4350 1517 4409 tunc
1535 4333 1800 4423 Viromandie,
1824 4337 1864 4410 in
1887 4367 1939 4412 ca-

494 4450 616 4554 ·pella
643 4454 778 4532 domus
805 4458 952 4562 Templi
992 4461 1039 4535 de
1074 4460 1291 4584 Captellario
1328 4461 1366 4535 in
1401 4463 1651 4541 Veromandia
1684 4466 1939 4545 Noviomensis

522 4580 695 4672 diocesis,
717 4588 955 4690 presentibus
986 4587 1162 4668 fratribus
1188 4592 1326 4670 Garino
1348 4593 1394 4667 de
1419 4593 1559 4671 Grandi
1580 4594 1741 4683 Villarii,
1773 4600 1938 4675 lohanne

523 4713 569 4787 de
596 4716 693 4791 Sano
726 4720 841 4795 Pucto
872 4722 1135 4815 servientibus,
1159 4742 1196 4801 et
1215 4724 1295 4801 aliis
1316 4725 1533 4812 deffunctis,
1555 4726 1593 4800 in
1618 4728 1723 4803 hunc
1750 4731 1936 4807 modum:

523 4869 608 4917 nam
631 4873 714 4920 eum
736 4849 908 4950 peciisset
927 4882 1061 4958 panem
1092 4874 1129 4932 et
1149 4885 1283 4961 aquam
1317 4855 1475 4948 ordinis,
1498 4873 1535 4933 et
1558 4859 1819 4961 respondisset
1838 4861 1935 4969 quod
