4080 6052
533 584 602 652 100
918 560 1112 652 procus
1138 577 1232 650 ors
1256 577 1554 648 Taurumue.

528 720 621 794 ciam
648 718 836 794 dictorum
864 718 1105 793 dominorum
1125 714 1481 802 commissariorum
1512 716 1552 789 in
1578 741 1742 819 quorum
1771 723 1944 799 omnium

527 850 717 954 presencia
734 849 851 924 iidem
869 847 1011 922 domini
1031 843 1271 920 commissarii
1289 841 1459 919 fecerunt
1472 843 1614 919 ibidem
1628 844 1702 950 legi
1717 847 1860 927 Latinis
1872 880 1945 929 ver

526 979 584 1054 bis
610 979 912 1054 commissionem
937 977 984 1051 ad
1006 974 1276 1080 inquirendum
1302 990 1428 1049 contra
1446 975 1748 1080 Templariorum
1770 980 1941 1058 ordinem

527 1108 657 1184 factam
672 1108 826 1197 eisdem,
844 1123 882 1182 et
894 1103 1083 1181 articullos
1096 1103 1167 1179 sub
1179 1100 1283 1179 bulla
1295 1103 1350 1179 eis
1364 1104 1599 1180 transmissos
1612 1104 1659 1181 de
1674 1107 1816 1212 quibus
1829 1111 1943 1217 inqui.

527 1266 609 1315 rere
626 1238 767 1317 babent
783 1253 909 1312 contra
927 1234 1102 1310 ordinem
1125 1232 1392 1337 supradictum.
1418 1234 1568 1326 Quibus
1589 1234 1693 1311 lectis
1714 1237 1942 1345 integraliter

522 1339 563 1443 et
575 1366 748 1471 perfecte,
767 1364 968 1441 voluerunt
980 1381 1018 1439 et
1029 1379 1279 1468 preceperunt
1291 1363 1408 1439 iidem
1423 1363 1567 1439 domini
1580 1366 1824 1444 commissarii
1840 1373 1940 1475 quod

524 1496 724 1600 vulgariter
741 1494 866 1569 omnia
883 1492 977 1568 lecta
994 1509 1269 1597 exponerentur
1287 1493 1446 1580 eisdem3
1466 1493 1532 1568 sed
1548 1521 1773 1599 responsum
1790 1497 1865 1574 fuit
1875 1529 1941 1605 per

526 1626 643 1699 dictos
659 1622 788 1698 fratres
806 1622 911 1728 quod
928 1622 1091 1697 contenti
1110 1640 1215 1697 erant
1231 1622 1278 1697 de
1296 1621 1436 1697 lectura
1453 1621 1545 1697 facta
1561 1625 1608 1697 in·
1618 1624 1766 1716 Latium
1783 1643 1822 1702 et
1837 1631 1940 1734 quod

526 1782 600 1828 uon
624 1751 803 1829 curabant
823 1751 927 1857 quod
946 1767 1045 1827 tante
1064 1751 1318 1855 turpitudines
1340 1780 1431 1856 quas
1453 1752 1665 1828 asserebant
1684 1756 1838 1832 omniuo
1861 1785 1939 1835 esse

524 1881 631 1959 falsas
655 1900 693 1958 et
716 1910 791 1957 non
819 1881 1063 1956 nominandas
1088 1879 1289 1984 vulgariter
1316 1897 1590 1984 exponerentur
1615 1883 1766 1960 eisdem.
1787 1884 1938 1976 Quibus

523 2012 695 2116 peractis,
712 2011 827 2087 iidem
843 2010 986 2087 domini
1002 2010 1244 2087 commissarii
1258 2027 1510 2115 exposuerunt
1526 2010 1669 2087 eisdem
1681 2012 1838 2118 qualiter
1849 2042 1937 2091 curn

476 2142 479 2146 ’
525 2140 719 2246 diligencia
744 2141 988 2216 intendebant
1012 2140 1172 2216 fideliter
1198 2142 1400 2244 procedere
1424 2142 1472 2216 ad
1493 2143 1754 2219 execucionem
1775 2127 1947 2222 mandati·

523 2270 711 2375 apostolici
729 2269 812 2344 facti
832 2269 984 2345 eisdem.
1004 2270 1111 2345 Unde
1129 2299 1215 2345 cum
1239 2298 1369 2346 omnes
1391 2270 1520 2346 fratres
1543 2271 1698 2375 predicti
1716 2273 1936 2354 obtulissent

522 2429 561 2477 se
580 2402 627 2477 ad
644 2399 901 2477 defensionem
919 2400 1061 2475 ordinis
1078 2399 1285 2488 memorati,
1306 2418 1344 2476 et
1361 2399 1510 2477 difficile
1528 2418 1625 2478 esset
1642 2429 1775 2480 omnes
1792 2406 1840 2481 ad
1856 2434 1936 2512 pre·

521 2532 682 2607 sensiam
704 2531 830 2607 venire
856 2530 1078 2637 eorumdem
1101 2530 1342 2604 dominorum
1366 2530 1703 2608 commissariorum
1728 2561 1797 2638 pro
1816 2534 1937 2613 defen·

521 2662 623 2736 sione
648 2660 829 2764 predicta,
855 2686 923 2732 uec
940 2657 1094 2732 insimul
1112 2685 1242 2733 omnes
1266 2658 1406 2763 absque
1429 2658 1645 2738 confusione
1666 2679 1704 2738 et
1719 2663 1934 2744 nnbacione

520 2790 663 2892 negocii
685 2787 880 2862 convenire
904 2814 972 2862 nec
990 2786 1109 2861 audiri
1132 2803 1169 2861 et
1187 2787 1353 2861 exaudiri
1373 2807 1524 2891 possent
1542 2790 1596 2891 (ut
1614 2818 1654 2867 re
1673 2793 1753 2896 ipsa
1767 2793 1818 2869 ibi
1832 2823 1935 2900 appa-

520 2915 635 3018 rebat)
650 2944 717 3019 per
733 2914 951 3004 tumultum,
969 2916 1083 3020 parati
1106 2933 1211 2991 erant
1228 2916 1343 2990 iidem
1362 2917 1504 2993 domini
1523 2920 1776 3009 commissarii,
1794 2923 1825 2998 si
1843 2941 1881 3000 et
1896 2926 1932 3000 in

521 3061 704 3148 quantum
718 3062 937 3121 tenerentur
955 3046 1001 3119 de
1015 3047 1118 3151 jure,
1135 3046 1300 3149 recipere
1318 3063 1575 3149 procuratores
1590 3047 1638 3122 ad
1654 3047 1790 3125 dictam
1807 3049 1934 3128 defen-

521 3175 666 3249 sionem
684 3174 824 3249 ordinis
848 3192 962 3278 prout
980 3174 1027 3249 ad
1049 3176 1147 3277 ipsos
1164 3174 1294 3251 fratres
1311 3193 1455 3279 poterat
1470 3179 1674 3280 pertinere,
1696 3206 1759 3255 sex
1777 3180 1835 3258 vel
1853 3201 1932 3261 octo

388 3319 392 3327 '
520 3303 577 3379 vel
600 3302 729 3379 decem
747 3304 804 3378 vel
818 3304 945 3407 plures
969 3332 1012 3379 ex
1029 3305 1128 3407 ipsis,
1149 3306 1177 3379 si
1205 3332 1267 3381 eos
1287 3306 1523 3381 nominarent
1537 3307 1693 3396 eisdem,
1711 3324 1749 3384 et
1766 3337 1831 3386 eos
1848 3341 1934 3388 con·

519 3435 715 3510 stituerent
739 3462 806 3537 pro
831 3463 870 3510 se
897 3451 933 3508 et
952 3463 1021 3537 pro
1047 3435 1144 3509 dicto
1170 3435 1317 3521 ordine,
1340 3436 1378 3509 in
1398 3453 1582 3539 quantum
1599 3436 1645 3512 ad
1661 3463 1724 3512 eos
1743 3439 1930 3540 pertinere

518 3580 641 3665 posset
664 3563 846 3653 defensio,
870 3579 1128 3667 procuratores
1146 3563 1193 3639 ad
1214 3563 1470 3639 defensionem
1487 3565 1687 3669 predictam
1703 3562 1928 3654 faciendam,

519 3709 555 3767 et
577 3692 664 3769 dare
685 3693 904 3797 supradictis
926 3692 1179 3778 nominandis,
1200 3692 1424 3797 deputandis
1444 3711 1481 3769 et
1500 3692 1763 3771 constituendis
1781 3722 1801 3769 a
1822 3693 1931 3773 dictis

516 3820 708 3908 fratribus,
728 3822 884 3899 liberam
902 3821 1112 3898 facultatem
1128 3823 1306 3928 loquendi
1324 3841 1361 3898 et
1376 3822 1605 3901 deliberandi
1620 3851 1707 3898 cum
1723 3823 1805 3901 aliis
1817 3853 1931 3931 super

516 3953 682 4059 hiisque
706 3954 844 4029 vellent
865 3954 988 4029 dicere
1010 3970 1047 4028 et
1070 3980 1279 4056 proponere
1297 3954 1344 4028 ad
1364 3953 1621 4031 defensionem
1642 3953 1786 4030 ordinis
1805 3982 1930 4060 supra-

517 4082 620 4170 dicti,
643 4101 681 4159 et
696 4082 816 4159 facere
830 4084 869 4158 in
886 4082 1076 4186 premissis
1094 4099 1132 4156 et
1148 4081 1227 4156 aliis
1245 4081 1349 4185 quod
1367 4083 1539 4159 existeret
1556 4082 1724 4159 racionis.

570 4209 759 4314 Postque,
776 4212 931 4316 predicti
947 4210 1077 4287 fratres
1092 4210 1307 4287 babuerunt
1322 4209 1636 4287 deliberacionem
1651 4211 1801 4287 interae
1815 4239 1928 4317 super

513 4339 719 4440 premissis,
739 4340 846 4416 dictis
867 4341 1029 4416 dominis
1049 4340 1309 4415 commissariis
1332 4338 1379 4414 ad
1402 4357 1545 4443 partem
1572 4367 1611 4416 se
1639 4339 1869 4445 ponentibus
1893 4358 1929 4418 et

511 4469 757 4555 trahentibus,
776 4471 914 4546 relictis
935 4468 1111 4544 fratribus
1129 4456 1353 4545 memoratis.
1377 4470 1464 4544 Post
1483 4496 1597 4575 quarn
1614 4468 1771 4574 quidem
1793 4466 1928 4546 deliba

512 4597 715 4683 racionem,
741 4596 853 4673 frater
873 4598 1083 4705 Raynaldus
1108 4600 1155 4674 de
1179 4600 1318 4674 Pruino
1343 4597 1548 4704 presbyter,
1571 4615 1769 4703 preceptor
1794 4598 1927 4676 domus

513 4723 788 4799 Aurelianensis
807 4725 895 4802 dicti
920 4728 1078 4815 ordinis,
1104 4744 1141 4804 et
1159 4725 1271 4803 frater
1293 4730 1331 4804 P.
1358 4728 1405 4803 de
1426 4728 1594 4804 Bononia
1615 4726 1823 4834 presbyter,
1841 4746 1925 4832 pro-

511 4869 658 4929 curator
678 4853 717 4929 in
738 4852 840 4929 curia
853 4856 1016 4932 Romana
1036 4856 1124 4933 dicti
1150 4856 1308 4946 ordinis,
1327 4874 1370 4933 ut
1393 4856 1598 4946 dicebatur,
1615 4856 1683 4963 qui
1705 4856 1817 4935 ambo
1836 4871 1924 4934 sunt
