4080 6052
478 547 675 640 esoces
700 566 795 639 uns
821 567 1119 644 TEMPLIERS.
1443 579 1512 651 195

93 708 235 787 ordinis
255 706 459 816 quemdam
482 706 548 812 qui
572 705 773 783 vocabatur
794 707 928 785 Petrus
950 709 999 786 de
1025 711 1241 789 Chatenhsc
1264 714 1513 795 Xantonensis

93 840 264 928 diocesis,
286 856 324 916 et
342 836 415 915 fuit
436 854 611 943 receptus
628 865 698 943 per
715 837 859 914 dictum
879 839 1033 916 Petrum
1053 834 1271 952 militcmet
1291 842 1429 922 ductus
1444 874 1514 951 per

92 997 179 1046 eum
194 987 282 1076 post
297 966 582 1075 imposicionem
596 966 765 1043 mantelli
782 967 825 1043 in
838 967 980 1074 capella
988 986 1095 1047 ¹retro
1110 971 1236 1061 altare,
1254 987 1292 1047 et
1306 974 1425 1049 secuti
1437 973 1514 1053 sue·

90 1116 179 1176 runt
200 1098 345 1176 dictum
366 1099 520 1173 Petrum
535 1096 615 1201 ipse
634 1097 741 1173 testis
758 1113 798 1173 et
814 1095 929 1175 frater
943 1099 1153 1205 haynotus,
1172 1099 1386 1205 Stephanus
1405 1100 1513 1181 clavi·

89 1219 217 1334 geret
242 1229 455 1335 Stephanus
481 1227 719 1333 carpentrarii
746 1227 968 1333 supradicti,
989 1244 1027 1306 et
1051 1230 1170 1307 credit
1190 1230 1297 1336 quod
1320 1234 1512 1338 predictus

89 1353 273 1465 recipiens
289 1358 377 1436 lecit
394 1358 477 1436 fieri
497 1357 545 1435 eh
565 1358 647 1463 ipso
666 1375 837 1464 recepto,
864 1359 961 1436 sicut
984 1359 1123 1437 factum
1149 1361 1272 1438 fiteret
1293 1365 1511 1470 peripsum

88 1506 240 1583 testem,
256 1490 324 1568 sed
337 1517 415 1567 non
430 1506 605 1596 poterent
615 1488 742 1565 ridere
759 1490 830 1566 iste
844 1490 950 1567 testis
967 1507 1006 1567 et
1022 1489 1084 1567 alii
1096 1492 1271 1596 predicti,
1287 1495 1375 1599 quia
1391 1495 1513 1574 dictus

90 1620 272 1726 recipiens
288 1638 326 1698 et
339 1638 512 1727 receptus
530 1637 636 1698 erant
649 1638 750 1698 retro
766 1620 891 1697 altare.
907 1620 1136 1728 Requisitus,
1153 1623 1184 1699 si
1199 1623 1268 1700 iste
1283 1623 1421 1702 modus
1434 1654 1513 1703 ser-

88 1749 241 1828 vabatur
256 1750 400 1857 ubique
417 1751 456 1828 in
469 1750 602 1828 ordine
618 1767 696 1827 tam
713 1751 804 1828 citra
818 1779 921 1828 mare
937 1779 1054 1858 quem
1070 1752 1186 1842 ultra,
1205 1751 1298 1829 dixit
1315 1754 1422 1859 quod
1439 1782 1514 1832 cre-

88 1879 143 1955 dit
166 1880 271 1986 quod
295 1882 369 1971 sic,
390 1880 458 1957 sed
480 1906 558 1957 non
578 1880 673 1956 vidit
695 1881 767 1957 nisi
791 1881 927 1959 illade
952 1881 1093 1987 qmbus
1111 1909 1234 1987 supra·
1249 1881 1441 1987 deposuit3
1464 1884 1511 1961 de

89 2009 170 2086 aliis
187 2013 371 2089 contentis
390 2012 438 2087 in·
448 2011 628 2117 predictis
650 2010 834 2104 articulis,
856 2011 1008 2090 dixit-se
1027 2012 1144 2089 nichil
1164 2012 1326 2118 amplius
1345 2015 1452 2091 scire.

145 2139 255 2228 Item,
276 2137 390 2246 super
409 2166 486 2217 run
502 2158 598 2219 etxv
612 2141 777 2218 articulis
799 2141 1020 2247 requisitus,
1035 2143 1235 2248 respondit
1252 2143 1358 2248 quod
1377 2144 1428 2220 ita
1447 2172 1513 2221 au-

90 2268 182 2345 divit
200 2269 274 2347 dici
294 2272 342 2348 ab
362 2270 553 2375 aliquibus
569 2270 801 2347 secularibus
821 2285 907 2347 ante
926 2273 1143 2376 capcionem
1162 2301 1313 2360 eorum,
1332 2270 1401 2350 sed
1420 2301 1513 2351 nun-

88 2427 202 2505 quam
218 2398 322 2478 cidit
344 2427 417 2478 nec
435 2399 607 2477 interluit
629 2426 701 2475 nec
723 2427 745 2474 a
767 2399 945 2476 fratribus
969 2398 1058 2476 dicti
1083 2402 1228 2477 ordinis
1251 2403 1326 2479 dici
1351 2402 1508 2497 audivit,

89 2557 160 2607 nec
179 2531 312 2608 recolit
327 2532 381 2608 ¹de
398 2530 617 2608 nominibus
633 2529 863 2607 secularium
880 2529 1153 2635 predictorum.

144 2662 258 2749 Item,
272 2687 387 2767 super
402 2686 464 2738 rvr
481 2658 637 2736 articulo
656 2660 695 2735 et
710 2659 793 2735 aliis
808 2659 1056 2764 sequentibus
1073 2686 1195 2765 usque
1208 2659 1257 2736 ad
1270 2685 1371 2739 xxurr
1383 2659 1513 2738 articu-

88 2790 167 2865 lum
188 2790 407 2896 requisitus‚
426 2789 621 2894 respondit
637 2788 744 2893 quod
760 2787 840 2893 ipse
855 2789 978 2866 credit
994 2804 1223 2866 sacramenta
1240 2788 1367 2865 altaris
1386 2806 1424 2866 et
1441 2790 1511 2867 alia

89 2910 601 3004 eeclesiastice'sacramentm
622 2917 691 2994 sed
716 2918 836 2993 nescit
853 2917 950 3021 quid
975 2916 1037 2992 clii
1063 2917 1195 2994 fratres
1222 2916 1426 2994 credebant
1451 2921 1508 2995 vel

88 3076 164 3126 non
193 3048 412 3134 credebant,
428 3074 578 3123 necan
603 3046 817 3124 sacerdotes
836 3044 1059 3123 dimitebant
1081 3045 1196 3123 verba
1221 3046 1372 3123 canonis
1396 3047 1510 3124 misse

88 3205 157 3283 per
183 3179 289 3283 quod
316 3178 514 3254 conficitur
540 3202 677 3282 corpus
703 3176 844 3255 Christi
869 3176 930 3253 rel
947 3203 1050 3268 non,
1081 3177 1150 3253 sed
1176 3194 1263 3283 post
1293 3177 1508 3282 capcionem

88 3307 392 3413 Templariorum
413 3306 556 3384 audivit
577 3307 650 3384 dici
672 3306 885 3412 aplurihus
900 3307 1070 3412 personis
1090 3306 1195 3413 quod
1219 3306 1431 3383 sacerdotes
1451 3335 1511 3384 or-

89 3438 188 3515 dinis
205 3438 365 3544 predicti
389 3437 625 3515 obmitebant
647 3436 772 3544 aliqua
792 3437 905 3514 verba
924 3437 964 3514 in
984 3464 1125 3514 canone
1143 3437 1274 3527 misse,
1299 3435 1368 3513 sed
1390 3437 1510 3512 nescit

88 3595 134 3645 an
161 3569 209 3645 sit
233 3596 365 3647 verum
388 3568 448 3645 vel
472 3596 569 3658 non;
595 3569 689 3646 dixit
715 3568 963 3674 eciamtquod
987 3583 1056 3645 ter,
1070 3566 1111 3642 in
1134 3593 1249 3661 anno,
1273 3564 1447 3642 videlicet
1470 3565 1509 3640 in

86 3697 182 3774 sesto
200 3699 352 3784 Pesehe,
370 3699 589 3775 Pentecoste
607 3714 646 3775 et
661 3697 800 3776 Natalis
815 3696 988 3788 Domini,
1005 3694 1096 3773 dicti
1112 3694 1245 3773 fratres
1262 3693 1511 3772 communica

88 3824 180 3901 hant
198 3825 247 3901 de
266 3853 381 3902 manu
400 3827 603 3904 sacerdotis
624 3827 767 3904 ordinis
787 3827 867 3917 sui;
888 3826 936 3904 de
955 3825 1039 3903 aliis
1058 3825 1245 3903 contentis
1262 3825 1302 3901 in
1323 3822 1434 3900 dictis
1453 3850 1511 3899 ar-

88 3952 232 4044 ticulis,
252 3953 355 4029 dixit·
365 3981 405 4030 se
424 3955 542 4031 nichil
561 3955 724 4061 amplius
740 3956 848 4034 scire.

144 4085 261 4170 Item,
280 4110 394 4187 super
412 4109 514 4161 xrrnr
534 4085 693 4162 articulo
712 4103 750 4162 et
768 4086 851 4163 aliis
869 4083 1118 4191 sequentibus
1137 4083 1443 4188 articulisusque
1463 4082 1510 4159 ad

88 4207 159 4292 m
176 4211 382 4318 requisitus
389 4254 404 4303 ,·
416 4213 614 4319 respondit
629 4215 735 4319 quod
752 4214 895 4291 audivit
911 4213 986 4290 dici
1005 4213 1149 4318 pluries
1166 4242 1186 4290 a
1203 4212 1378 4319 pluribus
1393 4210 1511 4289 fratri-

88 4344 160 4421 bus
171 4341 316 4420 ordinis
328 4341 502 4446 predicti,
516 4343 564 4420 de
575 4370 740 4449 quornm
754 4342 1063 4421 nominibusnon
1074 4343 1219 4434 recolit,
1232 4359 1276 4420 ut
1288 4342 1392 4428 dixit,
1406 4340 1510 4446 quod

90 4500 248 4578 magnus
266 4473 443 4577 Magister
459 4474 604 4551 ordinis
621 4491 770 4580 poterat
788 4473 1023 4552 committere
1042 4490 1081 4551 et
1095 4473 1291 4580 precipere
1311 4470 1511 4581 capellanis

91 4582 263 4711 ejusdem
286 4604 430 4681 ordinis
454 4604 561 4710 quod
585 4604 976 4683 absolverent-fratres
1001 4605 1223 4683 confitentes
1246 4619 1397 4710 peccata
1419 4613 1507 4691 sua,

91 4734 161 4812 sed
181 4733 214 4809 si
240 4759 317 4809 non
341 4734 612 4812 confiterentur
633 4763 711 4812 non
736 4735 880 4814 audivit
900 4733 975 4812 dici
998 4735 1104 4842 quod
1121 4750 1277 4841 possent
1299 4730 1507 4818 absolvere3

92 4864 137 4942 de
162 4861 246 4941 aliis
270 4865 455 4943 contentis
479 4864 519 4941 in
543 4857 653 4943 dictis
676 4865 981 4954 articulis‚-.dixit
1004 4862 1370 4973 tte-,nichihamplius
1394 4860 1506 4949 scire,

1351 4996 1401 5057 25.
