4080 6052
305 511 378 584 sss
689 492 886 587 procus
912 510 1006 583 nus
1031 508 1335 585 exuramus.

302 655 383 760 ipse
406 652 512 731 testis
534 652 782 758 responderet
806 652 911 760 quod
930 650 1003 729 hoc
1026 648 1134 729 nullo
1154 649 1271 728 modo
1289 647 1445 737 laceret,
1466 644 1599 728 dictos
1615 649 1733 733 irater

303 784 491 864 lohannes
507 782 600 861 dixit
615 783 784 889 siquod,
801 784 874 863 nisi
881 783 958 869 boc
969 780 1124 870 faceret,
1140 781 1286 859 malum
1298 780 1484 888 gaudium
1499 778 1661 861 baberet
1682 786 1729 864 de

305 942 461 1022 corpore
482 941 568 1001 suo,
591 930 629 989 et
647 931 738 992 tune
757 913 961 1021 ipse-testis
987 911 1121 994 dolens
1140 929 1179 989 et
1195 912 1310 1001 flens,
1332 910 1510 999 nedixit,
1529 911 1726 1022 abnegavit

306 1075 370 1124 ore
386 1074 464 1121 non
480 1043 609 1133 corde;
626 1061 712 1148 post
731 1028 806 1152 que
825 1041 994 1151 precepit
1013 1042 1049 1118 ei
1070 1040 1175 1150 quod
1193 1040 1428 1121 oscularetur.
1442 1043 1534 1119 e'um
1550 1040 1720 1122 incarne

304 1176 422 1265 nuda,
444 1174 542 1251 inter
561 1173 725 1278 spatulas
744 1193 784 1254 et
801 1174 965 1261 collum,
985 1171 1074 1280 qrria
1092 1172 1259 1278 predicta
1270 1170 1471 1255 debebant
1489 1171 1575 1249 lieri
1592 1200 1722 1250 seeun-

305 1309 398 1387 dum
425 1323 564 1414 puncta
596 1306 756 1395 ordinis,
786 1323 825 1385 et
851 1307 942 1412 ipse·
956 1303 1030 1383 fuit
1055 1332 1145 1381 eum
1172 1303 1381 1395 osculatus,
1409 1302 1506 1381 dixit
1532 1303 1652 1381 eciam
1691 1306 1725 1382 ei

305 1437 410 1545 quod
434 1436 645 1521 secundum
665 1436 764 1515 dicta
782 1451 919 1545 puncta
944 1433 1087 1513 ordinis
1106 1451 1254 1540 poterat
1272 1432 1471 1515 carnaliter
1490 1434 1724 1513 commisceri

305 1596 392 1644 cum
416 1566 593 1645 breuibus
616 1567 775 1657 ordinis,
794 1585 833 1647 et
855 1569 929 1646 hoe
953 1565 1117 1645 debebat
1140 1566 1237 1672 pati,
1260 1562 1367 1672 quod
1389 1581 1520 1642 tamen
1542 1593 1620 1644 non
1637 1565 1724 1643 lecit

305 1726 374 1775 nec
405 1695 479 1775 fuit
507 1698 729 1805 requisitus,
754 1727 825 1779 nec
853 1698 922 1776 seit
950 1696 1056 1804 quod
1080 1696 1120 1771 in
1145 1694 1279 1773 ordine
1308 1712 1537 1805 serva-retur,
1564 1722 1631 1772 nec
1652 1725 1720 1773 an-

306 1829 397 1915 divit
425 1829 516 1919 dici,
541 1829 614 1907 alia
637 1830 686 1910 de
718 1831 903 1909 contentis
922 1829 962 1907 in
987 1828 1095 1908 dictis
1117 1854 1164 1907 xv
1191 1826 1358 1905 articulis
1382 1826 1478 1904 dixit
1505 1855 1545 1905 se
1567 1828 1718 1907 nasone.

360 1958 471 2049 Item,
499 1961 703 2068 requisitus
735 1989 848 2069 super
876 1987 952 2049 xvr,
984 1977 1022 2037 et
1053 1957 1230 2037 omnibus
1259 1956 1341 2035 aliis
1376 1954 1643 2065 sequentibus,
1666 1988 1723 2038 re-

304 2091 458 2196 spondit
473 2119 512 2167 se
530 2091 647 2167 nichil
659 2091 753 2168 scire
770 2089 868 2168 ultra
885 2120 960 2198 que
975 2119 1088 2198 supra
1105 2089 1339 2196 deposuerit,
1356 2090 1429 2166 hoc
1446 2106 1603 2196 excepto
1622 2089 1722 2196 quod

305 2221 403 2297 bene
428 2220 604 2299 credebat
633 2221 886 2301 ecclesiasticis
911 2222 1168 2310 sacramentis,
1191 2239 1228 2299 et
1247 2220 1366 2299 credit
1388 2221 1495 2329 quod
1514 2221 1579 2298 alii
1598 2220 1722 2301 fratres
1761 2316 1763 2320 v

304 2351 402 2429 bene
427 2351 648 2441 crederent,
676 2370 714 2430 et
737 2355 843 2458 quod
866 2381 1001 2430 eorum
1026 2351 1238 2454 sacerdotes
1259 2350 1387 2429 debite
1407 2350 1663 2444 celebrarent,
1688 2369 1723 2430 et

305 2482 494 2561 audiverat
516 2482 589 2559 dici
615 2512 637 2559 a
659 2483 760 2562 dicto
783 2484 1032 2573 thesaurario,
1055 2501 1093 2561 et
1111 2511 1133 2559 a
1150 2481 1264 2562 fratre
1285 2484 1395 2590 Hugo
1419 2483 1468 2560 de
1489 2483 1668 2576 Peraldo,
1689 2503 1723 2562 et

304 2612 415 2690 fratre
444 2612 609 2691 Roberto
639 2614 687 2689 de
718 2628 843 2690 sancto
869 2614 1111 2705 Pantaleone,
1138 2615 1332 2720 quondam
1358 2613 1425 2719 qui
1458 2632 1540 2697 erat
1570 2644 1723 2723 magnus

304 2745 421 2820 homo
438 2743 479 2817 in
499 2743 647 2827 ordine,
669 2759 707 2817 et
726 2742 772 2818 ab
792 2740 873 2820 aliis
893 2741 1067 2848 pluribus
1086 2742 1265 2821 fratribus
1284 2742 1444 2835 ordinis,
1461 2762 1502 2821 et
1518 2745 1720 2852 specialiter

304 2902 324 2945 a
345 2871 456 2948 fratre
475 2869 639 2948 Geraldo
660 2869 707 2947 de
727 2868 951 2958 Villarihus,
971 2873 1165 2978 quondam
1180 2873 1369 2955 visitatore
1388 2875 1563 2962 Francis,
1583 2875 1715 2966 milite,

304 3001 410 3108 quod
427 3030 584 3106 magnus
600 3003 775 3107 Magister
790 3020 827 3079 et
844 3003 906 3080 alii
927 3021 1165 3109 preceptores
1180 3005 1324 3084 ordinis
1341 3004 1443 3094 laici,
1461 3035 1507 3082 ex
1523 3007 1637 3085 forma
1650 3008 1720 3112 pri·

304 3129 530 3236 vilegiorum
555 3130 763 3237 papalium,
786 3151 957 3238 poterant
982 3135 1173 3213 absolvere
1193 3136 1326 3213 fratres
1352 3136 1499 3214 ordinis
1525 3168 1546 3215 a
1568 3138 1723 3245 peccatis

305 3289 378 3366 que
404 3260 681 3339 confitebantur
703 3263 756 3340 eis
773 3264 812 3339 in
831 3264 1018 3370 capitulis,
1034 3284 1071 3343 et
1089 3268 1210 3343 dictus
1230 3267 1344 3343 frater
1364 3268 1572 3357 Gerardus,
1595 3287 1723 3347 suntx

305 3391 390 3467 anni
407 3392 539 3499 elapsi,
556 3393 647 3468 dixit
662 3391 765 3469 fratri
779 3393 938 3471 lobanni
954 3396 1000 3471 de
1018 3396 1196 3485 Calmota‚
1212 3398 1420 3503 presbitero
1433 3417 1615 3503 presente,
1636 3401 1719 3502 ipso

304 3524 406 3611 testi,
432 3543 469 3601 et
494 3524 575 3601 aliis
601 3524 647 3601 de
669 3526 808 3630 quibus
828 3553 904 3601 non
925 3529 1152 3616 recordatur,
1170 3528 1209 3602 in
1225 3530 1389 3634 quodam
1405 3529 1549 3632 porticu
1576 3527 1717 3604 domus

303 3655 452 3759 Templi
477 3656 524 3731 de
544 3656 640 3762 Roys
659 3656 817 3733 Destruz
842 3656 1072 3734 Belvacensis
1093 3659 1266 3748 diocesiS,
1285 3659 1389 3766 quod
1411 3658 1505 3734 male
1531 3657 1719 3734 faciebant

304 3786 380 3890 ipse
401 3787 596 3891 presbiter,
620 3787 735 3863 etalii
753 3789 951 3894 presbiteri
967 3789 1126 3882 ordinis,
1144 3791 1232 3895 quia
1249 3791 1452 3867 audiebant
1469 3788 1723 3866 consessiones

304 3913 461 3994 fratrum
482 3917 623 3993 ordinis
640 3934 677 3992 et
697 3918 937 3995 absolvebant
952 3947 1031 4011 eos,
1054 3949 1121 4024 pro
1143 3949 1187 3996 eo
1208 3921 1313 4026 quod
1331 3938 1571 4026 preceptores
1589 3948 1719 3997 eorum

303 4046 384 4123 laici
403 4065 575 4154 poterant
591 4077 655 4124 eos
673 4048 864 4125 absolvere
880 4049 919 4123 in
940 4050 1111 4154 capitulis
1129 4081 1148 4126 a
1165 4051 1324 4155 peccatis
1344 4080 1495 4142 eorum,
1513 4052 1720 4128 secundum

303 4178 493 4287 privilegia
513 4208 596 4267 sua,
620 4197 657 4256 et
678 4181 707 4256 si
730 4180 828 4256 illud
846 4198 1056 4258 servaretur
1076 4183 1115 4257 in
1136 4183 1285 4273 ordine,
1309 4181 1440 4258 fratres
1461 4202 1636 4259 caverent
1655 4183 1720 4260 sibi

302 4308 688 4412 plusasubtrahendis
700 4310 810 4387 bonis
824 4311 984 4398 ordinis,
1002 4330 1038 4389 et
1051 4313 1133 4389 aliis
1147 4313 1639 4419 rnaleseciisperpetrandis3
1659 4313 1720 4391 sed

303 4438 391 4516 dicti
420 4442 617 4545 presbiteri
649 4441 889 4518 absolvebant
918 4471 997 4533 eos,
1031 4460 1074 4520 ut
1100 4443 1193 4519 dixit
1222 4445 1344 4520 dictus
1373 4445 1488 4521 frater
1515 4444 1718 4531 Gerardus‚

303 4588 456 4674 propter
488 4573 789 4649 emolumentum
820 4573 926 4678 quod
955 4574 1087 4650 exinde
1123 4573 1437 4681 consequebatur,
1466 4575 1719 4682 participando

305 4697 341 4770 in
356 4700 551 4777 subtractis
565 4730 633 4806 per
645 4732 708 4780 eos
722 4702 768 4778 (le
780 4704 892 4780 bonis
904 4705 1070 4811 Templi;
1088 4706 1165 4810 ipse
1176 4722 1302 4782 tamen
1316 4706 1421 4782 testis
1434 4734 1513 4781 non
1528 4706 1666 4795 credit,
1684 4721 1719 4780 ut

302 4824 412 4913 dixit,
435 4831 539 4934 quod
558 4830 641 4907 laici
662 4851 812 4936 possent
833 4834 1024 4914 absolvere
1037 4865 1058 4912 a
1073 4837 1247 4942 peccatis,
1266 4835 1333 4913 sed
1349 4836 1468 4912 credit
1487 4837 1597 4942 quod
1614 4834 1718 4913 multi
