<?xml version="1.0" encoding="UTF-8"?>
<!DOCTYPE html PUBLIC "-//W3C//DTD XHTML 1.0 Transitional//EN"
    "http://www.w3.org/TR/xhtml1/DTD/xhtml1-transitional.dtd">
<html xmlns="http://www.w3.org/1999/xhtml" xml:lang="en" lang="en">
 <head>
  <title>
</title>
<meta http-equiv="Content-Type" content="text/html;charset=utf-8" />
  <meta name='ocr-system' content='tesseract 3.04.00' />
  <meta name='ocr-capabilities' content='ocr_page ocr_carea ocr_par ocr_line ocrx_word'/>
</head>
<body>
  <div class='ocr_page' id='page_1' title='image "./procsdestemplie02defegoog/procsdestemplie02defegoog_0664.png"; bbox 0 0 4148 6052; ppageno 0'>
   <div class='ocr_carea' id='block_1_1' title="bbox 340 514 1363 609">
    <p class='ocr_par' dir='ltr' id='par_1_1' title="bbox 340 514 1363 609">
     <span class='ocr_line' id='line_1_1' title="bbox 340 514 1363 609; baseline -0.005 -2"><span class='ocrx_word' id='word_1_1' title='bbox 340 532 412 607; x_wconf 81' lang='lat' dir='ltr'><strong>ors</strong></span> <span class='ocrx_word' id='word_1_2' title='bbox 727 514 921 609; x_wconf 80' lang='lat' dir='ltr'><strong>rnocns</strong></span> <span class='ocrx_word' id='word_1_3' title='bbox 946 533 1041 607; x_wconf 84' lang='lat' dir='ltr'><strong>nss</strong></span> <span class='ocrx_word' id='word_1_4' title='bbox 1067 529 1363 605; x_wconf 79' lang='lat' dir='ltr'><strong>rnmmsns.</strong></span> 
     </span>
    </p>
   </div>
   <div class='ocr_carea' id='block_1_2' title="bbox 321 670 1764 4946">
    <p class='ocr_par' dir='ltr' id='par_1_2' title="bbox 321 670 1764 4946">
     <span class='ocr_line' id='line_1_2' title="bbox 339 670 1764 783; baseline 0.004 -32"><span class='ocrx_word' id='word_1_5' title='bbox 339 674 514 783; x_wconf 83' lang='lat' dir='ltr'><strong>magister</strong></span> <span class='ocrx_word' id='word_1_6' title='bbox 525 672 681 753; x_wconf 75' lang='lat' dir='ltr'><strong>ordinis.</strong></span> <span class='ocrx_word' id='word_1_7' title='bbox 695 673 806 764; x_wconf 89' lang='lat' dir='ltr'><strong>Item,</strong></span> <span class='ocrx_word' id='word_1_8' title='bbox 820 673 896 751; x_wconf 84' lang='lat' dir='ltr'><strong>vidi</strong></span> <span class='ocrx_word' id='word_1_9' title='bbox 910 673 1065 753; x_wconf 83' lang='lat' dir='ltr'><strong>fratrem</strong></span> <span class='ocrx_word' id='word_1_10' title='bbox 1077 670 1325 751; x_wconf 90' lang='lat' dir='ltr'><strong>GuiIIelmum</strong></span> <span class='ocrx_word' id='word_1_11' title='bbox 1343 671 1392 749; x_wconf 93' lang='lat' dir='ltr'><strong>de</strong></span> <span class='ocrx_word' id='word_1_12' title='bbox 1411 670 1515 753; x_wconf 87' lang='lat' dir='ltr'><strong>Bello</strong></span> <span class='ocrx_word' id='word_1_13' title='bbox 1531 673 1626 751; x_wconf 91' lang='lat' dir='ltr'><strong>Joco</strong></span> <span class='ocrx_word' id='word_1_14' title='bbox 1641 690 1764 757; x_wconf 71' lang='lat' dir='ltr'><strong>nans-</strong></span> 
     </span>
     <span class='ocr_line' id='line_1_3' title="bbox 337 801 1763 910; baseline 0.001 -27"><span class='ocrx_word' id='word_1_15' title='bbox 337 806 515 883; x_wconf 85' lang='lat' dir='ltr'><strong>fretatum</strong></span> <span class='ocrx_word' id='word_1_16' title='bbox 528 804 568 881; x_wconf 93' lang='lat' dir='ltr'><strong>in</strong></span> <span class='ocrx_word' id='word_1_17' title='bbox 582 804 699 883; x_wconf 90' lang='lat' dir='ltr'><strong>domo</strong></span> <span class='ocrx_word' id='word_1_18' title='bbox 711 803 958 891; x_wconf 84' lang='lat' dir='ltr'><strong>Anconitana,</strong></span> <span class='ocrx_word' id='word_1_19' title='bbox 974 803 1040 910; x_wconf 91' lang='lat' dir='ltr'><strong>qui</strong></span> <span class='ocrx_word' id='word_1_20' title='bbox 1054 801 1195 881; x_wconf 89' lang='lat' dir='ltr'><strong>multos</strong></span> <span class='ocrx_word' id='word_1_21' title='bbox 1209 802 1410 881; x_wconf 82' lang='lat' dir='ltr'><strong>servientes</strong></span> <span class='ocrx_word' id='word_1_22' title='bbox 1425 831 1553 883; x_wconf 86' lang='lat' dir='ltr'><strong>secum</strong></span> <span class='ocrx_word' id='word_1_23' title='bbox 1568 803 1620 881; x_wconf 92' lang='lat' dir='ltr'><strong>de</strong></span> <span class='ocrx_word' id='word_1_24' title='bbox 1638 804 1763 885; x_wconf 87' lang='lat' dir='ltr'><strong>diver·</strong></span> 
     </span>
     <span class='ocr_line' id='line_1_4' title="bbox 337 932 1758 1042; baseline 0.001 -29"><span class='ocrx_word' id='word_1_25' title='bbox 337 937 387 1013; x_wconf 88' lang='lat' dir='ltr'><strong>sis</strong></span> <span class='ocrx_word' id='word_1_26' title='bbox 413 935 581 1042; x_wconf 85' lang='lat' dir='ltr'><strong>partibus</strong></span> <span class='ocrx_word' id='word_1_27' title='bbox 607 933 830 1024; x_wconf 80' lang='lat' dir='ltr'><strong>adduxerat,</strong></span> <span class='ocrx_word' id='word_1_28' title='bbox 853 962 949 1040; x_wconf 90' lang='lat' dir='ltr'><strong>quos</strong></span> <span class='ocrx_word' id='word_1_29' title='bbox 971 949 1057 1012; x_wconf 90' lang='lat' dir='ltr'><strong>ante</strong></span> <span class='ocrx_word' id='word_1_30' title='bbox 1076 932 1276 1038; x_wconf 82' lang='lat' dir='ltr'>pallacium</span> <span class='ocrx_word' id='word_1_31' title='bbox 1301 932 1399 1011; x_wconf 90' lang='lat' dir='ltr'><strong>dicte</strong></span> <span class='ocrx_word' id='word_1_32' title='bbox 1425 932 1565 1013; x_wconf 86' lang='lat' dir='ltr'><strong>domus</strong></span> <span class='ocrx_word' id='word_1_33' title='bbox 1582 933 1656 1013; x_wconf 78' lang='lat' dir='ltr'><strong>vidi</strong></span> <span class='ocrx_word' id='word_1_34' title='bbox 1681 936 1758 1017; x_wconf 82' lang='lat' dir='ltr'><strong>alta</strong></span> 
     </span>
     <span class='ocr_line' id='line_1_5' title="bbox 337 1062 1757 1171; baseline 0.001 -29"><span class='ocrx_word' id='word_1_35' title='bbox 337 1094 425 1143; x_wconf 89' lang='lat' dir='ltr'><strong>voce</strong></span> <span class='ocrx_word' id='word_1_36' title='bbox 443 1065 693 1151; x_wconf 77' lang='lat' dir='ltr'><strong>clamitantes,</strong></span> <span class='ocrx_word' id='word_1_37' title='bbox 714 1082 758 1142; x_wconf 88' lang='lat' dir='ltr'><strong>ut</strong></span> <span class='ocrx_word' id='word_1_38' title='bbox 778 1066 832 1143; x_wconf 91' lang='lat' dir='ltr'><strong>eis</strong></span> <span class='ocrx_word' id='word_1_39' title='bbox 849 1064 987 1143; x_wconf 85' lang='lat' dir='ltr'><strong>Iaceret</strong></span> <span class='ocrx_word' id='word_1_40' title='bbox 1005 1062 1238 1141; x_wconf 86' lang='lat' dir='ltr'><strong>solucionem</strong></span> <span class='ocrx_word' id='word_1_41' title='bbox 1254 1063 1303 1141; x_wconf 90' lang='lat' dir='ltr'><strong>de</strong></span> <span class='ocrx_word' id='word_1_42' title='bbox 1317 1062 1513 1169; x_wconf 85' lang='lat' dir='ltr'><strong>stipendiis</strong></span> <span class='ocrx_word' id='word_1_43' title='bbox 1530 1064 1627 1155; x_wconf 87' lang='lat' dir='ltr'><strong>suis,</strong></span> <span class='ocrx_word' id='word_1_44' title='bbox 1643 1085 1757 1171; x_wconf 87' lang='lat' dir='ltr'><strong>prout</strong></span> 
     </span>
     <span class='ocr_line' id='line_1_6' title="bbox 337 1192 1757 1302; baseline 0.004 -32"><span class='ocrx_word' id='word_1_45' title='bbox 337 1196 390 1273; x_wconf 90' lang='lat' dir='ltr'><strong>eis</strong></span> <span class='ocrx_word' id='word_1_46' title='bbox 409 1195 632 1302; x_wconf 83' lang='lat' dir='ltr'><strong>promiserat</strong></span> <span class='ocrx_word' id='word_1_47' title='bbox 656 1194 695 1271; x_wconf 93' lang='lat' dir='ltr'><strong>in</strong></span> <span class='ocrx_word' id='word_1_48' title='bbox 717 1195 870 1273; x_wconf 81' lang='lat' dir='ltr'><strong>Francia</strong></span> <span class='ocrx_word' id='word_1_49' title='bbox 883 1214 923 1273; x_wconf 89' lang='lat' dir='ltr'><strong>et</strong></span> <span class='ocrx_word' id='word_1_50' title='bbox 941 1193 1042 1273; x_wconf 90' lang='lat' dir='ltr'><strong>alibi.</strong></span> <span class='ocrx_word' id='word_1_51' title='bbox 1066 1194 1141 1286; x_wconf 85' lang='lat' dir='ltr'><strong>Qui</strong></span> <span class='ocrx_word' id='word_1_52' title='bbox 1158 1192 1353 1300; x_wconf 87' lang='lat' dir='ltr'><strong>respondit</strong></span> <span class='ocrx_word' id='word_1_53' title='bbox 1365 1192 1511 1271; x_wconf 89' lang='lat' dir='ltr'><strong>eisdem</strong></span> <span class='ocrx_word' id='word_1_54' title='bbox 1524 1194 1632 1297; x_wconf 91' lang='lat' dir='ltr'><strong>quod</strong></span> <span class='ocrx_word' id='word_1_55' title='bbox 1652 1195 1757 1275; x_wconf 85' lang='lat' dir='ltr'><strong>nulla</strong></span> 
     </span>
     <span class='ocr_line' id='line_1_7' title="bbox 335 1322 1757 1431; baseline 0.004 -31"><span class='ocrx_word' id='word_1_56' title='bbox 335 1325 521 1430; x_wconf 85' lang='lat' dir='ltr'><strong>stipendia</strong></span> <span class='ocrx_word' id='word_1_57' title='bbox 541 1324 595 1401; x_wconf 91' lang='lat' dir='ltr'><strong>eis</strong></span> <span class='ocrx_word' id='word_1_58' title='bbox 616 1325 732 1403; x_wconf 90' lang='lat' dir='ltr'><strong>daret.</strong></span> <span class='ocrx_word' id='word_1_59' title='bbox 751 1325 828 1403; x_wconf 89' lang='lat' dir='ltr'><strong>IIIis</strong></span> <span class='ocrx_word' id='word_1_60' title='bbox 849 1322 1167 1431; x_wconf 84' lang='lat' dir='ltr'><strong>respondentibus</strong></span> <span class='ocrx_word' id='word_1_61' title='bbox 1180 1325 1286 1429; x_wconf 92' lang='lat' dir='ltr'><strong>quod</strong></span> <span class='ocrx_word' id='word_1_62' title='bbox 1305 1323 1378 1403; x_wconf 94' lang='lat' dir='ltr'><strong>hoc</strong></span> <span class='ocrx_word' id='word_1_63' title='bbox 1398 1322 1453 1401; x_wconf 89' lang='lat' dir='ltr'><strong>eis</strong></span> <span class='ocrx_word' id='word_1_64' title='bbox 1466 1323 1693 1428; x_wconf 86' lang='lat' dir='ltr'><strong>promiserat</strong></span> <span class='ocrx_word' id='word_1_65' title='bbox 1708 1327 1757 1405; x_wconf 91' lang='lat' dir='ltr'><strong>de</strong></span> 
     </span>
     <span class='ocr_line' id='line_1_8' title="bbox 334 1451 1756 1560; baseline 0.002 -31"><span class='ocrx_word' id='word_1_66' title='bbox 334 1453 457 1531; x_wconf 88' lang='lat' dir='ltr'><strong>tribus</strong></span> <span class='ocrx_word' id='word_1_67' title='bbox 477 1452 672 1531; x_wconf 87' lang='lat' dir='ltr'><strong>mensibus</strong></span> <span class='ocrx_word' id='word_1_68' title='bbox 691 1454 732 1531; x_wconf 91' lang='lat' dir='ltr'><strong>in</strong></span> <span class='ocrx_word' id='word_1_69' title='bbox 747 1454 870 1532; x_wconf 89' lang='lat' dir='ltr'><strong>tribus</strong></span> <span class='ocrx_word' id='word_1_70' title='bbox 889 1482 928 1532; x_wconf 89' lang='lat' dir='ltr'><strong>se</strong></span> <span class='ocrx_word' id='word_1_71' title='bbox 944 1453 984 1531; x_wconf 93' lang='lat' dir='ltr'><strong>in</strong></span> <span class='ocrx_word' id='word_1_72' title='bbox 1003 1452 1196 1537; x_wconf 85' lang='lat' dir='ltr'><strong>fortaliciis</strong></span> <span class='ocrx_word' id='word_1_73' title='bbox 1210 1451 1358 1557; x_wconf 85' lang='lat' dir='ltr'><strong>Templi</strong></span> <span class='ocrx_word' id='word_1_74' title='bbox 1377 1451 1412 1527; x_wconf 93' lang='lat' dir='ltr'><strong>ei</strong></span> <span class='ocrx_word' id='word_1_75' title='bbox 1448 1451 1548 1531; x_wconf 89' lang='lat' dir='ltr'><strong>dicta</strong></span> <span class='ocrx_word' id='word_1_76' title='bbox 1566 1455 1756 1560; x_wconf 83' lang='lat' dir='ltr'><strong>stipendia</strong></span> 
     </span>
     <span class='ocr_line' id='line_1_9' title="bbox 336 1581 1753 1690; baseline 0.004 -30"><span class='ocrx_word' id='word_1_77' title='bbox 336 1583 565 1671; x_wconf 88' lang='lat' dir='ltr'><strong>soluturum,</strong></span> <span class='ocrx_word' id='word_1_78' title='bbox 586 1601 624 1662; x_wconf 87' lang='lat' dir='ltr'><strong>et</strong></span> <span class='ocrx_word' id='word_1_79' title='bbox 647 1584 747 1690; x_wconf 90' lang='lat' dir='ltr'><strong>ipsos</strong></span> <span class='ocrx_word' id='word_1_80' title='bbox 766 1585 806 1660; x_wconf 92' lang='lat' dir='ltr'><strong>in</strong></span> <span class='ocrx_word' id='word_1_81' title='bbox 827 1583 1083 1663; x_wconf 88' lang='lat' dir='ltr'><strong>custodiendis</strong></span> <span class='ocrx_word' id='word_1_82' title='bbox 1101 1583 1210 1659; x_wconf 86' lang='lat' dir='ltr'><strong>dictis</strong></span> <span class='ocrx_word' id='word_1_83' title='bbox 1228 1581 1420 1660; x_wconf 79' lang='lat' dir='ltr'><strong>fortaliciis</strong></span> <span class='ocrx_word' id='word_1_84' title='bbox 1440 1584 1661 1687; x_wconf 83' lang='lat' dir='ltr'><strong>promiserat</strong></span> <span class='ocrx_word' id='word_1_85' title='bbox 1677 1603 1753 1665; x_wconf 81' lang='lat' dir='ltr'><strong>sta·</strong></span> 
     </span>
     <span class='ocr_line' id='line_1_10' title="bbox 334 1712 1749 1821; baseline 0.004 -33"><span class='ocrx_word' id='word_1_86' title='bbox 334 1713 513 1804; x_wconf 90' lang='lat' dir='ltr'><strong>tuendos,</strong></span> <span class='ocrx_word' id='word_1_87' title='bbox 541 1714 621 1818; x_wconf 91' lang='lat' dir='ltr'><strong>ipso</strong></span> <span class='ocrx_word' id='word_1_88' title='bbox 644 1715 926 1821; x_wconf 85' lang='lat' dir='ltr'><strong>respondente:</strong></span> <span class='ocrx_word' id='word_1_89' title='bbox 954 1715 1214 1819; x_wconf 86' lang='lat' dir='ltr'><strong>Nequaquam,</strong></span> <span class='ocrx_word' id='word_1_90' title='bbox 1244 1712 1312 1791; x_wconf 89' lang='lat' dir='ltr'><strong>sed</strong></span> <span class='ocrx_word' id='word_1_91' title='bbox 1339 1712 1387 1791; x_wconf 90' lang='lat' dir='ltr'><strong>de</strong></span> <span class='ocrx_word' id='word_1_92' title='bbox 1415 1729 1535 1791; x_wconf 74' lang='lat' dir='ltr'><strong>cetero</strong></span> <span class='ocrx_word' id='word_1_93' title='bbox 1554 1713 1664 1791; x_wconf 86' lang='lat' dir='ltr'><strong>vultis</strong></span> <span class='ocrx_word' id='word_1_94' title='bbox 1686 1743 1749 1793; x_wconf 89' lang='lat' dir='ltr'><strong>or-</strong></span> 
     </span>
     <span class='ocr_line' id='line_1_11' title="bbox 334 1842 1750 1951; baseline 0.004 -32"><span class='ocrx_word' id='word_1_95' title='bbox 334 1844 412 1919; x_wconf 91' lang='lat' dir='ltr'><strong>dini</strong></span> <span class='ocrx_word' id='word_1_96' title='bbox 433 1843 582 1949; x_wconf 85' lang='lat' dir='ltr'><strong>Templi</strong></span> <span class='ocrx_word' id='word_1_97' title='bbox 600 1861 639 1921; x_wconf 88' lang='lat' dir='ltr'><strong>et</strong></span> <span class='ocrx_word' id='word_1_98' title='bbox 652 1845 768 1950; x_wconf 89' lang='lat' dir='ltr'><strong>ipsius</strong></span> <span class='ocrx_word' id='word_1_99' title='bbox 785 1845 954 1951; x_wconf 89' lang='lat' dir='ltr'><strong>personis</strong></span> <span class='ocrx_word' id='word_1_100' title='bbox 974 1844 1127 1935; x_wconf 86' lang='lat' dir='ltr'><strong>servire,</strong></span> <span class='ocrx_word' id='word_1_101' title='bbox 1142 1872 1210 1921; x_wconf 93' lang='lat' dir='ltr'><strong>nos</strong></span> <span class='ocrx_word' id='word_1_102' title='bbox 1230 1873 1294 1921; x_wconf 87' lang='lat' dir='ltr'><strong>vos</strong></span> <span class='ocrx_word' id='word_1_103' title='bbox 1308 1871 1495 1950; x_wconf 89' lang='lat' dir='ltr'><strong>ponemus</strong></span> <span class='ocrx_word' id='word_1_104' title='bbox 1509 1843 1548 1919; x_wconf 93' lang='lat' dir='ltr'><strong>in</strong></span> <span class='ocrx_word' id='word_1_105' title='bbox 1559 1842 1750 1925; x_wconf 75' lang='lat' dir='ltr'><strong>fortaliciis</strong></span> 
     </span>
     <span class='ocr_line' id='line_1_12' title="bbox 334 1966 1751 2082; baseline 0.006 -33"><span class='ocrx_word' id='word_1_106' title='bbox 334 1974 467 2051; x_wconf 88' lang='lat' dir='ltr'><strong>nostris</strong></span> <span class='ocrx_word' id='word_1_107' title='bbox 487 1973 684 2078; x_wconf 86' lang='lat' dir='ltr'><strong>predictis,</strong></span> <span class='ocrx_word' id='word_1_108' title='bbox 705 1993 748 2051; x_wconf 94' lang='lat' dir='ltr'><strong>ut</strong></span> <span class='ocrx_word' id='word_1_109' title='bbox 766 2003 834 2080; x_wconf 88' lang='lat' dir='ltr'><strong>per</strong></span> <span class='ocrx_word' id='word_1_110' title='bbox 848 2005 912 2053; x_wconf 89' lang='lat' dir='ltr'><strong>vos</strong></span> <span class='ocrx_word' id='word_1_111' title='bbox 926 1966 1070 2082; x_wconf 82' lang='lat' dir='ltr'><strong>possint</strong></span> <span class='ocrx_word' id='word_1_112' title='bbox 1088 1975 1128 2051; x_wconf 90' lang='lat' dir='ltr'><strong>in</strong></span> <span class='ocrx_word' id='word_1_113' title='bbox 1145 1991 1253 2053; x_wconf 88' lang='lat' dir='ltr'><strong>antea</strong></span> <span class='ocrx_word' id='word_1_114' title='bbox 1268 1975 1463 2053; x_wconf 89' lang='lat' dir='ltr'><strong>custodiri.</strong></span> <span class='ocrx_word' id='word_1_115' title='bbox 1486 1974 1562 2067; x_wconf 88' lang='lat' dir='ltr'><strong>Qui</strong></span> <span class='ocrx_word' id='word_1_116' title='bbox 1582 1974 1751 2057; x_wconf 80' lang='lat' dir='ltr'><strong>videntes</strong></span> 
     </span>
     <span class='ocr_line' id='line_1_13' title="bbox 333 2103 1748 2210; baseline 0.005 -33"><span class='ocrx_word' id='word_1_117' title='bbox 333 2104 406 2178; x_wconf 93' lang='lat' dir='ltr'><strong>hoc</strong></span> <span class='ocrx_word' id='word_1_118' title='bbox 421 2119 601 2209; x_wconf 89' lang='lat' dir='ltr'><strong>ceperunt</strong></span> <span class='ocrx_word' id='word_1_119' title='bbox 613 2103 773 2180; x_wconf 87' lang='lat' dir='ltr'><strong>clamare</strong></span> <span class='ocrx_word' id='word_1_120' title='bbox 789 2104 893 2210; x_wconf 91' lang='lat' dir='ltr'><strong>quod</strong></span> <span class='ocrx_word' id='word_1_121' title='bbox 910 2132 974 2182; x_wconf 90' lang='lat' dir='ltr'><strong>eos</strong></span> <span class='ocrx_word' id='word_1_122' title='bbox 993 2106 1209 2210; x_wconf 84' lang='lat' dir='ltr'><strong>deceperat,</strong></span> <span class='ocrx_word' id='word_1_123' title='bbox 1233 2120 1270 2179; x_wconf 92' lang='lat' dir='ltr'><strong>et</strong></span> <span class='ocrx_word' id='word_1_124' title='bbox 1286 2104 1391 2208; x_wconf 91' lang='lat' dir='ltr'><strong>quod</strong></span> <span class='ocrx_word' id='word_1_125' title='bbox 1411 2103 1461 2181; x_wconf 93' lang='lat' dir='ltr'><strong>ob</strong></span> <span class='ocrx_word' id='word_1_126' title='bbox 1481 2103 1748 2209; x_wconf 87' lang='lat' dir='ltr'><strong>decepcionem</strong></span> 
     </span>
     <span class='ocr_line' id='line_1_14' title="bbox 333 2231 1749 2338; baseline 0.006 -34"><span class='ocrx_word' id='word_1_127' title='bbox 333 2231 436 2307; x_wconf 92' lang='lat' dir='ltr'><strong>illam</strong></span> <span class='ocrx_word' id='word_1_128' title='bbox 448 2233 676 2338; x_wconf 85' lang='lat' dir='ltr'><strong>abnegarent</strong></span> <span class='ocrx_word' id='word_1_129' title='bbox 688 2234 879 2311; x_wconf 89' lang='lat' dir='ltr'><strong>Christum</strong></span> <span class='ocrx_word' id='word_1_130' title='bbox 891 2252 929 2311; x_wconf 91' lang='lat' dir='ltr'><strong>et</strong></span> <span class='ocrx_word' id='word_1_131' title='bbox 943 2235 1058 2311; x_wconf 87' lang='lat' dir='ltr'><strong>fidem</strong></span> <span class='ocrx_word' id='word_1_132' title='bbox 1073 2234 1306 2322; x_wconf 81' lang='lat' dir='ltr'><strong>catholicam,</strong></span> <span class='ocrx_word' id='word_1_133' title='bbox 1319 2250 1357 2311; x_wconf 86' lang='lat' dir='ltr'><strong>et</strong></span> <span class='ocrx_word' id='word_1_134' title='bbox 1370 2232 1611 2315; x_wconf 83' lang='lat' dir='ltr'><strong>efficerentur</strong></span> <span class='ocrx_word' id='word_1_135' title='bbox 1622 2236 1749 2313; x_wconf 79' lang='lat' dir='ltr'><strong>Sarra-</strong></span> 
     </span>
     <span class='ocr_line' id='line_1_15' title="bbox 332 2363 1748 2469; baseline 0.002 -32"><span class='ocrx_word' id='word_1_136' title='bbox 332 2363 424 2437; x_wconf 90' lang='lat' dir='ltr'><strong>ceni.</strong></span> <span class='ocrx_word' id='word_1_137' title='bbox 449 2363 524 2454; x_wconf 88' lang='lat' dir='ltr'><strong>Qui</strong></span> <span class='ocrx_word' id='word_1_138' title='bbox 545 2364 740 2469; x_wconf 91' lang='lat' dir='ltr'><strong>respondit</strong></span> <span class='ocrx_word' id='word_1_139' title='bbox 758 2364 832 2441; x_wconf 89' lang='lat' dir='ltr'><strong>illis</strong></span> <span class='ocrx_word' id='word_1_140' title='bbox 850 2395 858 2439; x_wconf 73' lang='grc' dir='ltr'><strong>ε</strong></span> <span class='ocrx_word' id='word_1_141' title='bbox 879 2365 1072 2445; x_wconf 87' lang='lat' dir='ltr'><strong>Recedatis</strong></span> <span class='ocrx_word' id='word_1_142' title='bbox 1090 2393 1175 2443; x_wconf 90' lang='lat' dir='ltr'><strong>cum</strong></span> <span class='ocrx_word' id='word_1_143' title='bbox 1190 2363 1460 2443; x_wconf 87' lang='lat' dir='ltr'><strong>malediccione</strong></span> <span class='ocrx_word' id='word_1_144' title='bbox 1481 2382 1620 2443; x_wconf 89' lang='lat' dir='ltr'><strong>nostra.</strong></span> <span class='ocrx_word' id='word_1_145' title='bbox 1640 2367 1748 2441; x_wconf 88' lang='lat' dir='ltr'><strong>Tunc</strong></span> 
     </span>
     <span class='ocr_line' id='line_1_16' title="bbox 331 2490 1747 2597; baseline 0.006 -34"><span class='ocrx_word' id='word_1_146' title='bbox 331 2490 404 2565; x_wconf 90' lang='lat' dir='ltr'><strong>vidi</strong></span> <span class='ocrx_word' id='word_1_147' title='bbox 424 2490 575 2567; x_wconf 90' lang='lat' dir='ltr'><strong>turbam</strong></span> <span class='ocrx_word' id='word_1_148' title='bbox 600 2490 754 2568; x_wconf 90' lang='lat' dir='ltr'><strong>illorum</strong></span> <span class='ocrx_word' id='word_1_149' title='bbox 778 2492 910 2597; x_wconf 90' lang='lat' dir='ltr'><strong>procul</strong></span> <span class='ocrx_word' id='word_1_150' title='bbox 934 2492 1220 2583; x_wconf 87' lang='lat' dir='ltr'><strong>recedencium,</strong></span> <span class='ocrx_word' id='word_1_151' title='bbox 1249 2509 1288 2571; x_wconf 94' lang='lat' dir='ltr'><strong>et</strong></span> <span class='ocrx_word' id='word_1_152' title='bbox 1312 2493 1408 2572; x_wconf 87' lang='lat' dir='ltr'><strong>inlra</strong></span> <span class='ocrx_word' id='word_1_153' title='bbox 1430 2520 1492 2575; x_wconf 79' lang='lat' dir='ltr'><strong>vrrs</strong></span> <span class='ocrx_word' id='word_1_154' title='bbox 1516 2493 1599 2571; x_wconf 87' lang='lat' dir='ltr'><strong>dies</strong></span> <span class='ocrx_word' id='word_1_155' title='bbox 1621 2495 1747 2573; x_wconf 80' lang='lat' dir='ltr'><strong>audivi</strong></span> 
     </span>
     <span class='ocr_line' id='line_1_17' title="bbox 329 2621 1749 2726; baseline 0.006 -30"><span class='ocrx_word' id='word_1_156' title='bbox 329 2621 432 2726; x_wconf 93' lang='lat' dir='ltr'><strong>quod</strong></span> <span class='ocrx_word' id='word_1_157' title='bbox 453 2636 520 2698; x_wconf 81' lang='lat' dir='ltr'><strong>rrnc</strong></span> <span class='ocrx_word' id='word_1_158' title='bbox 541 2621 663 2699; x_wconf 84' lang='lat' dir='ltr'><strong>effecti</strong></span> <span class='ocrx_word' id='word_1_159' title='bbox 683 2621 839 2703; x_wconf 86' lang='lat' dir='ltr'><strong>suerunt</strong></span> <span class='ocrx_word' id='word_1_160' title='bbox 856 2623 1065 2701; x_wconf 87' lang='lat' dir='ltr'><strong>Sarraceni.</strong></span> <span class='ocrx_word' id='word_1_161' title='bbox 1088 2623 1299 2705; x_wconf 86' lang='lat' dir='ltr'><strong>Patriarchn</strong></span> <span class='ocrx_word' id='word_1_162' title='bbox 1323 2623 1651 2703; x_wconf 84' lang='lat' dir='ltr'><strong>lerosolimitanus</strong></span> <span class='ocrx_word' id='word_1_163' title='bbox 1670 2642 1749 2704; x_wconf 88' lang='lat' dir='ltr'><strong>erat</strong></span> 
     </span>
     <span class='ocr_line' id='line_1_18' title="bbox 329 2751 1743 2862; baseline 0.004 -37"><span class='ocrx_word' id='word_1_164' title='bbox 329 2751 440 2829; x_wconf 80' lang='lat' dir='ltr'><strong>irater</strong></span> <span class='ocrx_word' id='word_1_165' title='bbox 463 2752 629 2830; x_wconf 86' lang='lat' dir='ltr'><strong>Thomas</strong></span> <span class='ocrx_word' id='word_1_166' title='bbox 653 2752 701 2829; x_wconf 93' lang='lat' dir='ltr'><strong>de</strong></span> <span class='ocrx_word' id='word_1_167' title='bbox 723 2754 910 2845; x_wconf 90' lang='lat' dir='ltr'><strong>Leucino,</strong></span> <span class='ocrx_word' id='word_1_168' title='bbox 935 2753 1078 2831; x_wconf 87' lang='lat' dir='ltr'><strong>ordinis</strong></span> <span class='ocrx_word' id='word_1_169' title='bbox 1098 2755 1394 2834; x_wconf 90' lang='lat' dir='ltr'><strong>Predicatornm.</strong></span> <span class='ocrx_word' id='word_1_170' title='bbox 1423 2755 1534 2845; x_wconf 90' lang='lat' dir='ltr'><strong>Item,</strong></span> <span class='ocrx_word' id='word_1_171' title='bbox 1556 2755 1647 2845; x_wconf 88' lang='lat' dir='ltr'><strong>vidi,</strong></span> <span class='ocrx_word' id='word_1_172' title='bbox 1672 2784 1743 2862; x_wconf 82' lang='lat' dir='ltr'><strong>ego</strong></span> 
     </span>
     <span class='ocr_line' id='line_1_19' title="bbox 329 2881 1741 2988; baseline 0.003 -31"><span class='ocrx_word' id='word_1_173' title='bbox 329 2882 392 2985; x_wconf 87' lang='lat' dir='ltr'><strong>qui</strong></span> <span class='ocrx_word' id='word_1_174' title='bbox 410 2881 556 2988; x_wconf 88' lang='lat' dir='ltr'><strong>loquor,</strong></span> <span class='ocrx_word' id='word_1_175' title='bbox 569 2884 773 2987; x_wconf 90' lang='lat' dir='ltr'><strong>quemdam</strong></span> <span class='ocrx_word' id='word_1_176' title='bbox 788 2884 955 2987; x_wconf 90' lang='lat' dir='ltr'><strong>priorem</strong></span> <span class='ocrx_word' id='word_1_177' title='bbox 965 2883 1101 2961; x_wconf 89' lang='lat' dir='ltr'><strong>domus</strong></span> <span class='ocrx_word' id='word_1_178' title='bbox 1114 2883 1330 2974; x_wconf 81' lang='lat' dir='ltr'><strong>Aconensis,</strong></span> <span class='ocrx_word' id='word_1_179' title='bbox 1348 2884 1552 2962; x_wconf 85' lang='lat' dir='ltr'><strong>Antonium</strong></span> <span class='ocrx_word' id='word_1_180' title='bbox 1566 2884 1741 2978; x_wconf 83' lang='lat' dir='ltr'><strong>nomine,</strong></span> 
     </span>
     <span class='ocr_line' id='line_1_20' title="bbox 328 3014 1744 3122; baseline 0.003 -33"><span class='ocrx_word' id='word_1_181' title='bbox 328 3015 393 3117; x_wconf 94' lang='lat' dir='ltr'><strong>qui</strong></span> <span class='ocrx_word' id='word_1_182' title='bbox 417 3017 462 3091; x_wconf 90' lang='lat' dir='ltr'><strong>de</strong></span> <span class='ocrx_word' id='word_1_183' title='bbox 484 3018 591 3093; x_wconf 84' lang='lat' dir='ltr'><strong>Suria</strong></span> <span class='ocrx_word' id='word_1_184' title='bbox 612 3017 732 3096; x_wconf 87' lang='lat' dir='ltr'><strong>luerat</strong></span> <span class='ocrx_word' id='word_1_185' title='bbox 749 3016 948 3106; x_wconf 91' lang='lat' dir='ltr'><strong>oriundus,</strong></span> <span class='ocrx_word' id='word_1_186' title='bbox 976 3017 1163 3122; x_wconf 87' lang='lat' dir='ltr'><strong>impotens</strong></span> <span class='ocrx_word' id='word_1_187' title='bbox 1183 3015 1289 3097; x_wconf 87' lang='lat' dir='ltr'><strong>tibiis</strong></span> <span class='ocrx_word' id='word_1_188' title='bbox 1311 3033 1349 3093; x_wconf 88' lang='lat' dir='ltr'><strong>et</strong></span> <span class='ocrx_word' id='word_1_189' title='bbox 1372 3014 1550 3119; x_wconf 90' lang='lat' dir='ltr'><strong>pedibus,</strong></span> <span class='ocrx_word' id='word_1_190' title='bbox 1575 3014 1615 3090; x_wconf 91' lang='lat' dir='ltr'><strong>in</strong></span> <span class='ocrx_word' id='word_1_191' title='bbox 1638 3016 1744 3121; x_wconf 86' lang='lat' dir='ltr'><strong>cujus</strong></span> 
     </span>
     <span class='ocr_line' id='line_1_21' title="bbox 329 3143 1744 3253; baseline 0.002 -35"><span class='ocrx_word' id='word_1_192' title='bbox 329 3171 472 3219; x_wconf 90' lang='lat' dir='ltr'><strong>camera</strong></span> <span class='ocrx_word' id='word_1_193' title='bbox 500 3164 640 3221; x_wconf 89' lang='lat' dir='ltr'><strong>secreta</strong></span> <span class='ocrx_word' id='word_1_194' title='bbox 664 3147 838 3251; x_wconf 79' lang='lat' dir='ltr'><strong>capitulis</strong></span> <span class='ocrx_word' id='word_1_195' title='bbox 863 3145 1090 3224; x_wconf 88' lang='lat' dir='ltr'><strong>tenebantur</strong></span> <span class='ocrx_word' id='word_1_196' title='bbox 1114 3174 1182 3253; x_wconf 89' lang='lat' dir='ltr'><strong>per</strong></span> <span class='ocrx_word' id='word_1_197' title='bbox 1200 3144 1360 3251; x_wconf 86' lang='lat' dir='ltr'><strong>majores</strong></span> <span class='ocrx_word' id='word_1_198' title='bbox 1384 3144 1546 3233; x_wconf 86' lang='lat' dir='ltr'><strong>ordinis,</strong></span> <span class='ocrx_word' id='word_1_199' title='bbox 1570 3143 1744 3227; x_wconf 88' lang='lat' dir='ltr'><strong>videlicet</strong></span> 
     </span>
     <span class='ocr_line' id='line_1_22' title="bbox 327 3272 1740 3384; baseline 0.001 -37"><span class='ocrx_word' id='word_1_200' title='bbox 327 3272 480 3350; x_wconf 81' lang='lat' dir='ltr'><strong>fratrem</strong></span> <span class='ocrx_word' id='word_1_201' title='bbox 512 3275 717 3380; x_wconf 80' lang='lat' dir='ltr'><strong>Symonern</strong></span> <span class='ocrx_word' id='word_1_202' title='bbox 756 3277 803 3351; x_wconf 91' lang='lat' dir='ltr'><strong>de</strong></span> <span class='ocrx_word' id='word_1_203' title='bbox 841 3277 952 3355; x_wconf 92' lang='lat' dir='ltr'><strong>Turri</strong></span> <span class='ocrx_word' id='word_1_204' title='bbox 991 3295 1249 3383; x_wconf 87' lang='lat' dir='ltr'><strong>preceptorem</strong></span> <span class='ocrx_word' id='word_1_205' title='bbox 1284 3275 1389 3384; x_wconf 83' lang='lat' dir='ltr'><strong>regni</strong></span> <span class='ocrx_word' id='word_1_206' title='bbox 1427 3272 1740 3362; x_wconf 89' lang='lat' dir='ltr'><strong>Jerosolimitani,</strong></span> 
     </span>
     <span class='ocr_line' id='line_1_23' title="bbox 327 3403 1741 3515; baseline 0.001 -36"><span class='ocrx_word' id='word_1_207' title='bbox 327 3403 591 3482; x_wconf 90' lang='lat' dir='ltr'><strong>Theobaldum</strong></span> <span class='ocrx_word' id='word_1_208' title='bbox 609 3406 750 3483; x_wconf 90' lang='lat' dir='ltr'><strong>dictum</strong></span> <span class='ocrx_word' id='word_1_209' title='bbox 766 3407 1032 3515; x_wconf 85' lang='lat' dir='ltr'><strong>Mounegandi,</strong></span> <span class='ocrx_word' id='word_1_210' title='bbox 1049 3424 1308 3512; x_wconf 90' lang='lat' dir='ltr'><strong>preceptorem</strong></span> <span class='ocrx_word' id='word_1_211' title='bbox 1324 3405 1617 3490; x_wconf 86' lang='lat' dir='ltr'><strong>Anconitanum,</strong></span> <span class='ocrx_word' id='word_1_212' title='bbox 1635 3404 1741 3483; x_wconf 87' lang='lat' dir='ltr'><strong>Guil-</strong></span> 
     </span>
     <span class='ocr_line' id='line_1_24' title="bbox 327 3535 1733 3642; baseline 0 -33"><span class='ocrx_word' id='word_1_213' title='bbox 327 3535 484 3613; x_wconf 84' lang='lat' dir='ltr'><strong>Ielmnnr</strong></span> <span class='ocrx_word' id='word_1_214' title='bbox 522 3538 735 3642; x_wconf 86' lang='lat' dir='ltr'><strong>draperium</strong></span> <span class='ocrx_word' id='word_1_215' title='bbox 770 3554 806 3612; x_wconf 90' lang='lat' dir='ltr'><strong>et</strong></span> <span class='ocrx_word' id='word_1_216' title='bbox 834 3537 1160 3642; x_wconf 90' lang='lat' dir='ltr'><strong>permarescallum</strong></span> <span class='ocrx_word' id='word_1_217' title='bbox 1195 3537 1337 3614; x_wconf 88' lang='lat' dir='ltr'><strong>ordinis</strong></span> <span class='ocrx_word' id='word_1_218' title='bbox 1370 3535 1518 3611; x_wconf 88' lang='lat' dir='ltr'><strong>illarum</strong></span> <span class='ocrx_word' id='word_1_219' title='bbox 1550 3535 1733 3639; x_wconf 87' lang='lat' dir='ltr'><strong>parcium,</strong></span> 
     </span>
     <span class='ocr_line' id='line_1_25' title="bbox 326 3663 1734 3774; baseline 0.001 -37"><span class='ocrx_word' id='word_1_220' title='bbox 326 3666 431 3771; x_wconf 84' lang='lat' dir='ltr'><strong>cnjus</strong></span> <span class='ocrx_word' id='word_1_221' title='bbox 461 3694 599 3744; x_wconf 87' lang='lat' dir='ltr'><strong>nomon</strong></span> <span class='ocrx_word' id='word_1_222' title='bbox 633 3668 765 3774; x_wconf 83' lang='lat' dir='ltr'><strong>ignoro</strong></span> <span class='ocrx_word' id='word_1_223' title='bbox 795 3667 841 3744; x_wconf 86' lang='lat' dir='ltr'><strong>ad</strong></span> <span class='ocrx_word' id='word_1_224' title='bbox 871 3696 1035 3772; x_wconf 88' lang='lat' dir='ltr'><strong>presens.</strong></span> <span class='ocrx_word' id='word_1_225' title='bbox 1069 3669 1184 3753; x_wconf 90' lang='lat' dir='ltr'><strong>Item,</strong></span> <span class='ocrx_word' id='word_1_226' title='bbox 1213 3667 1361 3754; x_wconf 89' lang='lat' dir='ltr'><strong>audivi,</strong></span> <span class='ocrx_word' id='word_1_227' title='bbox 1394 3694 1463 3770; x_wconf 85' lang='lat' dir='ltr'><strong>ego</strong></span> <span class='ocrx_word' id='word_1_228' title='bbox 1494 3664 1559 3770; x_wconf 90' lang='lat' dir='ltr'><strong>qui</strong></span> <span class='ocrx_word' id='word_1_229' title='bbox 1587 3663 1734 3769; x_wconf 90' lang='lat' dir='ltr'><strong>loquor,</strong></span> 
     </span>
     <span class='ocr_line' id='line_1_26' title="bbox 325 3793 1737 3901; baseline -0.001 -31"><span class='ocrx_word' id='word_1_230' title='bbox 325 3795 430 3898; x_wconf 90' lang='lat' dir='ltr'><strong>qnod</strong></span> <span class='ocrx_word' id='word_1_231' title='bbox 445 3796 509 3872; x_wconf 90' lang='lat' dir='ltr'><strong>ille</strong></span> <span class='ocrx_word' id='word_1_232' title='bbox 530 3797 642 3873; x_wconf 86' lang='lat' dir='ltr'><strong>Irater</strong></span> <span class='ocrx_word' id='word_1_233' title='bbox 657 3797 873 3875; x_wconf 88' lang='lat' dir='ltr'><strong>Anthonius</strong></span> <span class='ocrx_word' id='word_1_234' title='bbox 899 3816 978 3875; x_wconf 89' lang='lat' dir='ltr'><strong>erat</strong></span> <span class='ocrx_word' id='word_1_235' title='bbox 999 3798 1163 3879; x_wconf 85' lang='lat' dir='ltr'><strong>multum</strong></span> <span class='ocrx_word' id='word_1_236' title='bbox 1185 3798 1346 3901; x_wconf 90' lang='lat' dir='ltr'><strong>sapiens,</strong></span> <span class='ocrx_word' id='word_1_237' title='bbox 1369 3813 1405 3871; x_wconf 91' lang='lat' dir='ltr'><strong>et</strong></span> <span class='ocrx_word' id='word_1_238' title='bbox 1426 3794 1564 3872; x_wconf 85' lang='lat' dir='ltr'><strong>multas</strong></span> <span class='ocrx_word' id='word_1_239' title='bbox 1580 3793 1737 3875; x_wconf 83' lang='lat' dir='ltr'><strong>invenie·</strong></span> 
     </span>
     <span class='ocr_line' id='line_1_27' title="bbox 322 3924 1738 4034; baseline 0.001 -34"><span class='ocrx_word' id='word_1_240' title='bbox 322 3925 388 4003; x_wconf 89' lang='lat' dir='ltr'><strong>bat</strong></span> <span class='ocrx_word' id='word_1_241' title='bbox 402 3926 626 4005; x_wconf 85' lang='lat' dir='ltr'><strong>subtilitates</strong></span> <span class='ocrx_word' id='word_1_242' title='bbox 641 3948 678 4005; x_wconf 93' lang='lat' dir='ltr'><strong>et</strong></span> <span class='ocrx_word' id='word_1_243' title='bbox 691 3928 886 4017; x_wconf 89' lang='lat' dir='ltr'><strong>cautellas,</strong></span> <span class='ocrx_word' id='word_1_244' title='bbox 903 3958 995 4034; x_wconf 89' lang='lat' dir='ltr'><strong>quas</strong></span> <span class='ocrx_word' id='word_1_245' title='bbox 1011 3929 1238 4034; x_wconf 90' lang='lat' dir='ltr'><strong>quandoque</strong></span> <span class='ocrx_word' id='word_1_246' title='bbox 1254 3927 1453 4005; x_wconf 89' lang='lat' dir='ltr'><strong>audiebam</strong></span> <span class='ocrx_word' id='word_1_247' title='bbox 1469 3927 1509 4007; x_wconf 91' lang='lat' dir='ltr'><strong>in</strong></span> <span class='ocrx_word' id='word_1_248' title='bbox 1523 3924 1670 4005; x_wconf 89' lang='lat' dir='ltr'><strong>bonum</strong></span> <span class='ocrx_word' id='word_1_249' title='bbox 1683 3925 1738 4001; x_wconf 88' lang='lat' dir='ltr'><strong>in·</strong></span> 
     </span>
     <span class='ocr_line' id='line_1_28' title="bbox 323 4055 1737 4166; baseline -0.001 -33"><span class='ocrx_word' id='word_1_250' title='bbox 323 4060 516 4161; x_wconf 82' lang='lat' dir='ltr'><strong>terpretari</strong></span> <span class='ocrx_word' id='word_1_251' title='bbox 530 4076 568 4135; x_wconf 90' lang='lat' dir='ltr'><strong>et</strong></span> <span class='ocrx_word' id='word_1_252' title='bbox 582 4060 809 4166; x_wconf 91' lang='lat' dir='ltr'><strong>quandoque</strong></span> <span class='ocrx_word' id='word_1_253' title='bbox 826 4060 866 4134; x_wconf 93' lang='lat' dir='ltr'><strong>in</strong></span> <span class='ocrx_word' id='word_1_254' title='bbox 883 4059 1036 4137; x_wconf 86' lang='lat' dir='ltr'><strong>malum.</strong></span> <span class='ocrx_word' id='word_1_255' title='bbox 1053 4060 1164 4147; x_wconf 85' lang='lat' dir='ltr'><strong>Item,</strong></span> <span class='ocrx_word' id='word_1_256' title='bbox 1181 4086 1250 4164; x_wconf 83' lang='lat' dir='ltr'><strong>ego</strong></span> <span class='ocrx_word' id='word_1_257' title='bbox 1266 4058 1331 4163; x_wconf 91' lang='lat' dir='ltr'><strong>qni</strong></span> <span class='ocrx_word' id='word_1_258' title='bbox 1347 4057 1485 4162; x_wconf 90' lang='lat' dir='ltr'><strong>loquor</strong></span> <span class='ocrx_word' id='word_1_259' title='bbox 1499 4055 1576 4133; x_wconf 83' lang='lat' dir='ltr'><strong>ridi</strong></span> <span class='ocrx_word' id='word_1_260' title='bbox 1597 4055 1737 4159; x_wconf 84' lang='lat' dir='ltr'><strong>pluries</strong></span> 
     </span>
     <span class='ocr_line' id='line_1_29' title="bbox 324 4183 1735 4293; baseline 0.003 -32"><span class='ocrx_word' id='word_1_261' title='bbox 324 4189 404 4293; x_wconf 84' lang='lat' dir='ltr'><strong>ejici</strong></span> <span class='ocrx_word' id='word_1_262' title='bbox 425 4190 628 4267; x_wconf 87' lang='lat' dir='ltr'><strong>servientes</strong></span> <span class='ocrx_word' id='word_1_263' title='bbox 655 4209 692 4270; x_wconf 93' lang='lat' dir='ltr'><strong>et</strong></span> <span class='ocrx_word' id='word_1_264' title='bbox 717 4190 807 4267; x_wconf 87' lang='lat' dir='ltr'><strong>alios</strong></span> <span class='ocrx_word' id='word_1_265' title='bbox 831 4218 907 4265; x_wconf 94' lang='lat' dir='ltr'><strong>non</strong></span> <span class='ocrx_word' id='word_1_266' title='bbox 928 4190 1125 4268; x_wconf 77' lang='lat' dir='ltr'><strong>existentes</strong></span> <span class='ocrx_word' id='word_1_267' title='bbox 1146 4190 1193 4265; x_wconf 91' lang='lat' dir='ltr'><strong>de</strong></span> <span class='ocrx_word' id='word_1_268' title='bbox 1214 4188 1346 4265; x_wconf 90' lang='lat' dir='ltr'><strong>ordine</strong></span> <span class='ocrx_word' id='word_1_269' title='bbox 1374 4218 1394 4264; x_wconf 88' lang='lat' dir='ltr'><strong>a</strong></span> <span class='ocrx_word' id='word_1_270' title='bbox 1418 4186 1511 4263; x_wconf 89' lang='lat' dir='ltr'><strong>locis</strong></span> <span class='ocrx_word' id='word_1_271' title='bbox 1539 4183 1735 4291; x_wconf 81' lang='lat' dir='ltr'><strong>inquibus</strong></span> 
     </span>
     <span class='ocr_line' id='line_1_30' title="bbox 322 4316 1735 4424; baseline -0.001 -31"><span class='ocrx_word' id='word_1_272' title='bbox 322 4318 494 4423; x_wconf 78' lang='lat' dir='ltr'><strong>capitulis</strong></span> <span class='ocrx_word' id='word_1_273' title='bbox 509 4319 666 4413; x_wconf 83' lang='lat' dir='ltr'><strong>fiebant,</strong></span> <span class='ocrx_word' id='word_1_274' title='bbox 690 4339 727 4397; x_wconf 91' lang='lat' dir='ltr'><strong>et</strong></span> <span class='ocrx_word' id='word_1_275' title='bbox 742 4323 813 4398; x_wconf 92' lang='lat' dir='ltr'><strong>hoc</strong></span> <span class='ocrx_word' id='word_1_276' title='bbox 828 4322 866 4397; x_wconf 91' lang='lat' dir='ltr'><strong>in</strong></span> <span class='ocrx_word' id='word_1_277' title='bbox 883 4321 986 4399; x_wconf 89' lang='lat' dir='ltr'><strong>boris</strong></span> <span class='ocrx_word' id='word_1_278' title='bbox 1001 4319 1206 4398; x_wconf 89' lang='lat' dir='ltr'><strong>matutinis.</strong></span> <span class='ocrx_word' id='word_1_279' title='bbox 1222 4320 1332 4409; x_wconf 89' lang='lat' dir='ltr'><strong>Item,</strong></span> <span class='ocrx_word' id='word_1_280' title='bbox 1353 4318 1428 4397; x_wconf 88' lang='lat' dir='ltr'><strong>vidi</strong></span> <span class='ocrx_word' id='word_1_281' title='bbox 1446 4316 1592 4424; x_wconf 87' lang='lat' dir='ltr'><strong>pluries</strong></span> <span class='ocrx_word' id='word_1_282' title='bbox 1606 4343 1735 4421; x_wconf 89' lang='lat' dir='ltr'><strong>quam·</strong></span> 
     </span>
     <span class='ocr_line' id='line_1_31' title="bbox 322 4447 1731 4558; baseline -0.001 -36"><span class='ocrx_word' id='word_1_283' title='bbox 322 4447 407 4526; x_wconf 83' lang='lat' dir='ltr'><strong>darn</strong></span> <span class='ocrx_word' id='word_1_284' title='bbox 425 4480 573 4529; x_wconf 87' lang='lat' dir='ltr'><strong>crucem</strong></span> <span class='ocrx_word' id='word_1_285' title='bbox 587 4454 764 4558; x_wconf 88' lang='lat' dir='ltr'><strong>cupitam,</strong></span> <span class='ocrx_word' id='word_1_286' title='bbox 783 4482 858 4557; x_wconf 93' lang='lat' dir='ltr'><strong>que</strong></span> <span class='ocrx_word' id='word_1_287' title='bbox 872 4453 993 4557; x_wconf 91' lang='lat' dir='ltr'><strong>prima</strong></span> <span class='ocrx_word' id='word_1_288' title='bbox 1005 4450 1097 4529; x_wconf 81' lang='lat' dir='ltr'><strong>facie</strong></span> <span class='ocrx_word' id='word_1_289' title='bbox 1113 4451 1255 4528; x_wconf 91' lang='lat' dir='ltr'><strong>nullius</strong></span> <span class='ocrx_word' id='word_1_290' title='bbox 1273 4450 1406 4527; x_wconf 83' lang='lat' dir='ltr'><strong>valoris</strong></span> <span class='ocrx_word' id='word_1_291' title='bbox 1420 4448 1550 4553; x_wconf 87' lang='lat' dir='ltr'><strong>quoad</strong></span> <span class='ocrx_word' id='word_1_292' title='bbox 1567 4447 1731 4551; x_wconf 89' lang='lat' dir='ltr'><strong>precium</strong></span> 
     </span>
     <span class='ocr_line' id='line_1_32' title="bbox 322 4572 1729 4687; baseline -0.001 -37"><span class='ocrx_word' id='word_1_293' title='bbox 322 4577 476 4656; x_wconf 83' lang='lat' dir='ltr'><strong>existere</strong></span> <span class='ocrx_word' id='word_1_294' title='bbox 495 4582 699 4671; x_wconf 88' lang='lat' dir='ltr'><strong>videbatur,</strong></span> <span class='ocrx_word' id='word_1_295' title='bbox 721 4601 757 4659; x_wconf 90' lang='lat' dir='ltr'><strong>et</strong></span> <span class='ocrx_word' id='word_1_296' title='bbox 777 4581 824 4658; x_wconf 90' lang='lat' dir='ltr'><strong>do</strong></span> <span class='ocrx_word' id='word_1_297' title='bbox 845 4581 990 4660; x_wconf 80' lang='lat' dir='ltr'><strong>curello</strong></span> <span class='ocrx_word' id='word_1_298' title='bbox 1009 4612 1077 4660; x_wconf 92' lang='lat' dir='ltr'><strong>seu</strong></span> <span class='ocrx_word' id='word_1_299' title='bbox 1096 4582 1199 4661; x_wconf 92' lang='lat' dir='ltr'><strong>alveo</strong></span> <span class='ocrx_word' id='word_1_300' title='bbox 1220 4583 1258 4657; x_wconf 90' lang='lat' dir='ltr'><strong>in</strong></span> <span class='ocrx_word' id='word_1_301' title='bbox 1277 4608 1354 4687; x_wconf 91' lang='lat' dir='ltr'><strong>quo</strong></span> <span class='ocrx_word' id='word_1_302' title='bbox 1375 4578 1547 4657; x_wconf 90' lang='lat' dir='ltr'><strong>Christus</strong></span> <span class='ocrx_word' id='word_1_303' title='bbox 1566 4574 1640 4652; x_wconf 88' lang='lat' dir='ltr'><strong>suit</strong></span> <span class='ocrx_word' id='word_1_304' title='bbox 1656 4572 1729 4651; x_wconf 89' lang='lat' dir='ltr'><strong>bal·</strong></span> 
     </span>
     <span class='ocr_line' id='line_1_33' title="bbox 321 4705 1724 4818; baseline 0.004 -35"><span class='ocrx_word' id='word_1_305' title='bbox 321 4723 454 4784; x_wconf 88' lang='lat' dir='ltr'><strong>neatus</strong></span> <span class='ocrx_word' id='word_1_306' title='bbox 470 4737 549 4786; x_wconf 90' lang='lat' dir='ltr'><strong>esse</strong></span> <span class='ocrx_word' id='word_1_307' title='bbox 565 4712 768 4802; x_wconf 88' lang='lat' dir='ltr'><strong>dicebatur,</strong></span> <span class='ocrx_word' id='word_1_308' title='bbox 782 4742 895 4818; x_wconf 89' lang='lat' dir='ltr'><strong>quam</strong></span> <span class='ocrx_word' id='word_1_309' title='bbox 910 4713 998 4790; x_wconf 90' lang='lat' dir='ltr'><strong>dicti</strong></span> <span class='ocrx_word' id='word_1_310' title='bbox 1012 4713 1143 4791; x_wconf 78' lang='lat' dir='ltr'><strong>fratres</strong></span> <span class='ocrx_word' id='word_1_311' title='bbox 1155 4714 1194 4790; x_wconf 89' lang='lat' dir='ltr'><strong>in</strong></span> <span class='ocrx_word' id='word_1_312' title='bbox 1208 4713 1382 4791; x_wconf 85' lang='lat' dir='ltr'><strong>thesauro</strong></span> <span class='ocrx_word' id='word_1_313' title='bbox 1398 4705 1724 4791; x_wconf 66' lang='lat' dir='ltr'><strong>succeservnbantt</strong></span> 
     </span>
     <span class='ocr_line' id='line_1_34' title="bbox 321 4835 1721 4946; baseline -0.001 -32"><span class='ocrx_word' id='word_1_314' title='bbox 321 4855 360 4914; x_wconf 88' lang='lat' dir='ltr'><strong>et</strong></span> <span class='ocrx_word' id='word_1_315' title='bbox 378 4837 579 4944; x_wconf 86' lang='lat' dir='ltr'><strong>aliquando</strong></span> <span class='ocrx_word' id='word_1_316' title='bbox 593 4842 667 4917; x_wconf 88' lang='lat' dir='ltr'><strong>vidi</strong></span> <span class='ocrx_word' id='word_1_317' title='bbox 687 4843 806 4946; x_wconf 90' lang='lat' dir='ltr'><strong>quod,</strong></span> <span class='ocrx_word' id='word_1_318' title='bbox 825 4873 910 4921; x_wconf 89' lang='lat' dir='ltr'><strong>cnm</strong></span> <span class='ocrx_word' id='word_1_319' title='bbox 930 4845 1070 4923; x_wconf 86' lang='lat' dir='ltr'><strong>nimius</strong></span> <span class='ocrx_word' id='word_1_320' title='bbox 1084 4844 1185 4921; x_wconf 87' lang='lat' dir='ltr'><strong>calor</strong></span> <span class='ocrx_word' id='word_1_321' title='bbox 1197 4845 1255 4920; x_wconf 83' lang='lat' dir='ltr'><strong>vel</strong></span> <span class='ocrx_word' id='word_1_322' title='bbox 1269 4842 1414 4920; x_wconf 87' lang='lat' dir='ltr'><strong>siccitas</strong></span> <span class='ocrx_word' id='word_1_323' title='bbox 1430 4835 1646 4922; x_wconf 86' lang='lat' dir='ltr'><strong>occurebat,</strong></span> <span class='ocrx_word' id='word_1_324' title='bbox 1664 4860 1721 4936; x_wconf 88' lang='lat' dir='ltr'><strong>po·</strong></span> 
     </span>
    </p>
   </div>
   <div class='ocr_carea' id='block_1_3' title="bbox 0 0 2078 6052">
    <p class='ocr_par' dir='ltr' id='par_1_3' title="bbox 0 0 2078 6052">
     <span class='ocr_line' id='line_1_35' title="bbox 0 0 2078 6052; baseline 0 7"><span class='ocrx_word' id='word_1_325' title='bbox 0 0 2078 6052; x_wconf 95' lang='lat' dir='ltr'><strong> </strong></span> 
     </span>
    </p>
   </div>
  </div>
 </body>
</html>
