4080 6052
462 539 659 658 rnoots
684 557 780 630 uas
806 557 1105 629 ranimirus.
1420 561 1493 637 aaa

75 702 148 779 fuit
156 701 338 779 adductus
348 698 396 775 ad
404 699 635 805 presenciam
649 697 872 777 eorumdem
884 698 1128 776 dominorum
1139 699 1492 795 commissariorum,

76 835 114 909 in
130 833 244 910 domo
260 829 417 909 fratrum
431 829 598 935 predicta
613 828 823 920 Mineruia,
838 826 952 909 frater
962 826 1207 907 Theobaldns
1220 829 1267 906 de
1282 829 1495 911 Basimonte

76 960 256 1050 serviens,
275 958 514 1039 Camotensis
528 958 701 1050 diocesis,
723 957 828 1035 testis
846 987 955 1063 supra
969 958 1132 1065 juratus,
1154 974 1197 1035 ut
1215 959 1424 1065 deponeret
1443 963 1497 1039 di-

77 1109 179 1169 ctum
197 1119 327 1180 suum,
344 1117 423 1166 non
441 1088 627 1169 defferens
642 1088 867 1169 mantellum
880 1089 1043 1178 ordinis,
1060 1090 1149 1196 quia
1168 1090 1292 1196 ipsum
1306 1090 1498 1172 dimiserat

77 1249 152 1298 una
176 1248 263 1296 cum
296 1218 468 1324 pluribus
499 1219 581 1297 aliis
617 1220 656 1296 in
693 1218 855 1298 concilio
885 1219 1107 1299 senonensi.
1140 1221 1386 1299 Postmodum
1417 1224 1496 1299 radi

79 1350 218 1426 lecerat
236 1348 307 1425 sibi
331 1348 506 1437 barbam,
526 1349 635 1426 etatis
653 1349 805 1456 triginta
827 1377 889 1425 sex
913 1376 1097 1427 annorum
1117 1348 1174 1427 vel
1198 1351 1304 1427 circa.
1326 1351 1401 1444 Qui
1426 1350 1498 1428 luit

78 1495 303 1583 protestatus
320 1479 425 1583 quod
441 1506 518 1577 non
536 1479 699 1555 intendit
722 1478 897 1556 recedere
915 1506 936 1553 a
956 1479 1196 1582 deposicione
1216 1508 1283 1584 per
1300 1508 1391 1556 eum
1406 1480 1498 1559 facta

80 1635 204 1685 coram
222 1607 379 1686 domino
395 1609 570 1714 episcopo
586 1607 797 1700 Parisiensi,
815 1608 881 1715 qui
902 1606 1059 1687 absolvit
1071 1626 1110 1686 et
1128 1609 1381 1687 reconciliavit
1396 1640 1496 1689 eum.

76 1739 200 1815 Lectis
219 1755 346 1816 autem
366 1754 404 1815 et
413 1736 614 1844 diligenter
630 1738 804 1843 expositis
822 1737 894 1815 sibi
904 1736 1082 1814 omnibus
1095 1754 1134 1813 et
1144 1737 1308 1845 singulis,
1319 1739 1497 1825 articulis,

77 1868 273 1973 respondit
301 1895 341 1945 se
369 1867 488 1945 nichil
518 1867 612 1944 scire
644 1868 691 1944 de
719 1867 907 1945 contentis
928 1867 968 1942 in
995 1867 1049 1945 eis
1075 1867 1147 1944 uisi
1176 1867 1281 1974 quod
1309 1870 1497 1975 sequitur,

79 1999 169 2102 quia
187 2026 264 2077 non
281 1997 499 2074 interfuerat
517 1995 728 2102 recepcioni
751 1994 907 2102 alicujus
927 1996 1080 2077 alterius
1097 1996 1220 2076 fratris
1238 2027 1309 2075 nec
1331 2000 1501 2105 capitulis

80 2156 223 2206 eorum.
245 2130 327 2233 lpse
349 2144 475 2204 tamen
492 2144 664 2233 receptus
685 2127 807 2205 luerat
834 2157 901 2234 per
922 2127 1075 2205 fratrem
1093 2128 1309 2207 Guidonem
1332 2131 1378 2207 de
1400 2133 1500 2237 May·

79 2258 188 2336 nillio
201 2257 342 2336 Albrici
355 2257 601 2345 servientem,
629 2258 677 2335 de
695 2260 801 2365 cujus
814 2259 887 2337 vita
902 2259 960 2335 vel
976 2275 1098 2337 morte
1116 2288 1193 2336 non
1214 2261 1329 2339 habet
1347 2262 1500 2339 certitu-

80 2388 226 2476 dinem,
250 2406 342 2465 tunc
371 2406 628 2493 preceptorem
649 2388 800 2467 ballivis
822 2389 1078 2477 Carnotensis,
1104 2390 1151 2466 de
1171 2390 1349 2467 mandato
1378 2389 1500 2468 fratris

80 2518 259 2597 lobannis
288 2517 336 2594 de
362 2519 494 2596 Turno
522 2535 617 2596 tunc
634 2519 856 2596 thesaurarii
882 2518 1115 2606 Parmensis,
1138 2518 1322 2624 presentis
1341 2517 1497 2608 ibidem,

80 2677 155 2724 una
175 2676 261 2724 curn
277 2646 454 2724 iratribus
466 2648 577 2725 Petro
594 2648 761 2736 Ucberii,
781 2649 954 2743 Benardo
973 2647 1010 2726 le
1036 2648 1217 2728 Ganheur
1234 2648 1498 2735 servientibus,

81 2794 119 2854 et
131 2777 303 2854 Johanne
318 2776 367 2853 de
387 2777 527 2854 Bondis
539 2777 758 2884 presbytero
773 2777 965 2883 quondam
987 2779 1026 2853 in
1041 2777 1183 2883 capella
1203 2776 1340 2855 domus
1352 2778 1500 2884 Templi

82 2908 129 2985 de
161 2907 412 3013 Malorepastu
440 2907 539 2984 dicte
568 2908 742 2995 diocesis,
774 2911 813 2987 in
843 2908 940 2986 leste
964 2908 1075 2985 beate
1100 2908 1300 2987 Catberine
1334 2909 1500 3014 proxime

81 3039 260 3143 preterito
276 3037 432 3114 fuerunt
449 3066 584 3115 novem
602 3040 690 3115 anni
709 3038 768 3117 vel
788 3040 900 3129 circa,
922 3040 961 3115 in
982 3041 1083 3117 bunc
1102 3041 1262 3118 modum
1280 3072 1288 3115 ε
1307 3068 1394 3119 nam
1415 3068 1499 3116 cum

82 3169 256 3272 periisset
275 3185 333 3244 ter
352 3167 575 3272 interpolate
600 3197 736 3274 panem
765 3185 802 3246 et
822 3198 959 3277 aquam
985 3169 1145 3256 ordinis,
1169 3185 1207 3246 et
1235 3186 1293 3245 ter
1314 3169 1446 3248 suisset
1467 3172 1500 3246 ei

82 3317 303 3402 responsum
333 3326 400 3403 per
437 3298 579 3375 dictum
616 3297 768 3376 fratrem
805 3298 1021 3378 Guidonem
1055 3299 1167 3405 quod.
1196 3299 1377 3406 grandem
1419 3326 1499 3374 rem

81 3429 246 3533 petebat,
264 3445 302 3506 et
313 3428 416 3535 quod
426 3429 524 3506 bene
545 3428 789 3517 deliberaret,
802 3458 938 3536 rogans
947 3431 1071 3507 Deum
1081 3446 1125 3505 ut
1144 3414 1323 3535 dirigeret
1342 3455 1446 3514 eum,
1465 3445 1503 3503 et

81 3560 159 3663 ipse
175 3577 348 3665 receptor
365 3577 403 3635 et
421 3559 553 3639 fratres
570 3578 731 3644 astantes
748 3561 1019 3639 deliberassent
1033 3560 1200 3662 recipere
1220 3585 1324 3643 eum,
1345 3557 1502 3660 prestito

81 3717 148 3794 per
166 3690 425 3794 juramentum
452 3689 500 3765 ab
519 3691 601 3794 ipso
620 3706 715 3766 teste
743 3690 847 3793 quod
870 3717 947 3765 non
977 3705 1056 3766 erat
1084 3687 1226 3764 servilis
1252 3685 1500 3773 condicionis,

83 3817 341 3909 matrimonio,
363 3818 468 3896 alteri
485 3819 660 3926 religioni
680 3818 740 3894 vel
755 3819 892 3896 debitis
912 3816 1114 3924 obligatus,
1135 3845 1205 3893 nec
1225 3815 1388 3894 habebat
1406 3815 1505 3892 infir·

82 3947 252 4024 mitatem
269 3947 465 4036 latentem,
483 3977 527 4025 ex
549 3977 622 4056 qua
639 3965 735 4026 esset
751 3949 941 4055 impotens
955 3947 1003 4023 ad
1021 3946 1218 4025 servicium
1240 3946 1399 4033 ordinis,
1417 3945 1504 4021 lecit

84 4107 172 4155 eum
193 4100 324 4156 vovere
348 4096 386 4155 et
401 4078 526 4184 jurare
550 4108 661 4185 supra
686 4080 890 4186 quemdam
917 4078 1058 4154 librum
1082 4076 1306 4165 castitatem,
1329 4075 1504 4153 obedien

84 4208 190 4297 ciam,
211 4209 332 4286 vivere
347 4209 428 4285 sine
445 4209 611 4314 proprio,
625 4237 768 4286 servare
780 4209 905 4286 bonos
916 4236 1007 4286 usus
1019 4208 1186 4285 etbonas
1202 4206 1501 4294 consuetudines,

85 4356 121 4414 et
145 4357 286 4416 secreta
306 4339 461 4418 ordinis.
479 4342 724 4417 Postmodum
747 4340 928 4447 imposuit
950 4338 1021 4415 sibi
1042 4336 1286 4425 mantellum,
1314 4352 1351 4413 et
1369 4337 1448 4441 ipse
1464 4351 1503 4411 et

85 4484 245 4543 astantes
263 4468 417 4546 luerunt
442 4469 598 4546 osculati
624 4499 712 4547 eum
740 4471 779 4546 in
807 4496 884 4547 ore.
916 4468 1065 4545 Deinde
1095 4467 1270 4543 instruxit
1296 4495 1385 4542 eum
1409 4481 1503 4571 quot

84 4599 197 4675 Pater
209 4617 325 4677 noster
340 4600 482 4677 diceret
490 4628 560 4705 pro
577 4601 680 4677 boris
693 4601 783 4691 suis,
797 4617 835 4676 et
853 4600 958 4704 quod
968 4600 1111 4705 jaceret
1124 4626 1211 4674 cum
1228 4597 1362 4702 pannis
1375 4596 1501 4681 lineis,

87 4729 230 4803 cinctus
250 4729 312 4805 die
327 4758 369 4806 ac
382 4746 492 4807 nocte
511 4759 625 4836 super
646 4758 711 4807 eos
730 4758 806 4806 una
818 4728 974 4806 cordula
991 4757 1102 4835 quam
1124 4755 1314 4805 assumere
1331 4743 1504 4834 poterant
1569 4794 1572 4801 .

86 4859 188 4935 unde
212 4859 404 4948 volebant,
436 4878 472 4939 et
502 4861 663 4966 qualiter
689 4877 836 4979 regeret
860 4887 902 4934 se
931 4860 968 4935 in
997 4859 1147 4949 ordine,
1169 4886 1359 4963 exponens
1385 4856 1501 4933 multa
