4080 6052
325 562 398 629 ooo
710 533 905 628 rsocts
924 552 1025 624 ors
1051 505 1362 626 ric-urticas..

325 698 458 774 derent
477 723 516 771 se
536 720 644 800 posse
666 694 805 776 absolvi
824 724 842 770 a
861 694 1103 801 peccatisper
1116 693 1237 772 dictos
1253 694 1539 783 laicos-eorum,
1561 698 1633 773 sed
1651 726 1752 805 ape-

324 831 382 904 nis
407 844 444 903 et
471 825 676 931 disciplinis
700 826 864 913 ordinis;
890 841 970 900 erat
993 841 1120 900 tamen
1150 843 1374 901 consuetum
1397 825 1438 900 in
1462 826 1627 914 ordine,
1656 830 1750 907 sicut

324 959 431 1048 dixit,
463 973 501 1033 et
526 957 705 1063 scriptum
733 957 772 1031 in
799 954 905 1033 libris
932 949 1081 1041 eorum,
1106 955 1234 1062 quod,
1263 956 1412 1061 quando
1442 957 1745 1037 terminabantur

325 1115 456 1165 eorum
476 1083 667 1192 capitalia,
697 1083 829 1162 fratres
847 1082 936 1161 laici
958 1084 1024 1191 qui
1046 1083 1226 1161 tenebant
1245 1078 1345 1161 ¹dicta
1369 1085 1551 1190 capitalia
1576 1088 1743 1168 dicebant

323 1219 409 1295 talia
424 1217 536 1295 verba
551 1216 631 1295 :De
646 1216 910 1323 omnibusque
924 1214 1130 1294 obmisistis
1144 1216 1287 1306 dicere,
1308 1233 1464 1324 propter
1478 1220 1742 1297 verecundiam

324 1350 441 1425 carnis
461 1342 518 1423 vel
538 1346 879 1453 proptertimcrem
899 1344 1048 1454 justicie
1070 1346 1219 1438 domus,
1237 1374 1307 1424 nos
1326 1346 1485 1424 facimus
1503 1347 1615 1425 vobis
1634 1350 1744 1428 talem

324 1478 602 1583 indulgenciam
629 1477 779 1582 qualem
808 1504 1009 1583 possumus
1036 1493 1074 1552 ct
1099 1477 1302 1568 debemus,
1328 1495 1366 1555 et
1391 1479 1534 1585 rogatis
1560 1481 1685 1558 Deum
1710 1501 1745 1559 et

324 1611 470 1686 beatam
490 1608 645 1684 Mariam
669 1608 775 1713 quod
793 1608 890 1685 sicut
909 1606 1012 1685 Deus
1030 1607 1193 1684 indulsit
1210 1608 1429 1715 Magdalene
1448 1627 1489 1686 et
1506 1610 1641 1687 latroni
1656 1641 1742 1718 pec-

325 1760 401 1817 cata
422 1766 576 1826 eorum,
596 1738 649 1815 ita
663 1737 858 1844 indulgeat
874 1738 980 1814 vobis
999 1750 1146 1841 peccata
1164 1756 1285 1815 vestra
1299 1756 1342 1814 et
1360 1738 1474 1816 nobis
1493 1758 1624 1817 nocua.

380 1867 595 1975 Requisitus
615 1866 710 1970 quid
727 1865 962 1971 intelligebat
974 1891 1044 1970 per
1061 1867 1174 1980 verba
1187 1867 1354 1970 predicta
1370 1897 1378 1943 ε
1397 1887 1556 1974 propter
1565 1898 1741 1948 verecun-

326 2003 425 2077 diam
446 1999 583 2085 carnis,
607 1994 700 2070 dixit
713 1994 819 2098 qnod
837 2012 985 2101 peccata
999 1992 1258 2072 lomicacionis
1272 2013 1310 2071 et
1324 1996 1395 2073 alia
1410 2016 1563 2103 peccata
1577 2029 1653 2106 que
1668 2031 1745 2079 eru-

325 2132 495 2206 buissent
513 2124 756 2203 manifestare·
770 2126 808 2199 in
826 2125 998 2231 capitulis
1017 2152 1162 2203 eorum.

382 2259 595 2364 Requisitus
621 2258 650 2334 si
677 2285 743 2362 per
765 2257 932 2363 predicta
956 2258 1069 2336 verba
1093 2274 1131 2334 et
1162 2258 1440 2365 indulgenciam
1469 2261 1557 2337 laici
1584 2265 1744 2339 tenentis

326 2389 531 2496 capitulum
548 2389 627 2492 ipse
645 2388 751 2467 testis
767 2371 1082 2466 credidisset'esse
1098 2387 1291 2465 absolutus
1310 2388 1359 2465 sb
1375 2388 1506 2496 aliquo
1522 2410 1746 2496 peccatore·

325 2520 414 2595 niali
434 2519 492 2595 vel
511 2519 678 2607 mortali,
699 2517 1018 2625 responditqnod
1040 2544 1136 2607 non,
1164 2545 1236 2595 nec
1258 2517 1379 2596 credit
1397 2521 1504 2626 qnod
1529 2521 1594 2597 alii
1619 2521 1744 2598 fratres

326 2650 468 2726 ordinis
490 2649 594 2726 aliud
618 2676 732 2755 quam
757 2648 837 2755 ipse
861 2649 968 2726 testis
987 2648 1200 2739 crederent,
1222 2676 1292 2726 nec
1310 2651 1416 2756 quod
1435 2648 1579 2727 fierent
1598 2651 1667 2728 elia
1689 2678 1749 2729 os·-

324 2781 407 2856 cula
427 2807 538 2886 quam
561 2779 627 2855 illa
650 2779 859 2886 dequibus
882 2806 994 2886 supra
1020 2778 1212 2885 deposuit,
1239 2807 1308 2856 nec
1331 2781 1438 2885 quod
1465 2782 1740 2858 committerent

326 2911 467 2986 crimen
497 2908 778 3001 sodomiticum,
806 2937 877 2986 nec
900 2909 1003 3017 quod
1031 2908 1220 2986 diceretur
1245 2910 1387 2987 eisdem
1413 2911 1522 3017 quod
1547 2912 1618 2989 hoc
1640 2910 1739 2988 licite

326 3039 445 3114 lacere
465 3056 628 3149 possent.
645 3040 826 3118 durabant
845 3039 1019 3117 ordinem
1034 3066 1110 3116 non
1131 3039 1229 3115 exire
1249 3039 1391 3146 absque
1411 3040 1571 3118 licencia
1584 3042 1743 3147 superio

327 3169 377 3244 ris
397 3150 604 3274 quiposset
622 3196 702 3243 eam
725 3168 825 3244 dare.
843 3169 1084 3252 Clandestine
1102 3163 1392 3275 recipiebantur,
1410 3200 1482 3249 nec
1499 3174 1570 3250 scit
1586 3201 1655 3249 nec
1668 3199 1742 3248 cre-

328 3299 384 3373 dit
413 3325 480 3374 nec
511 3297 651 3374 audivit
679 3298 772 3385 dici,
802 3298 874 3374 nisi
898 3316 983 3403 post
1008 3300 1222 3407 capcionem
1253 3328 1403 3389 eorum,
1433 3303 1539 3408 quod
1561 3303 1743 3380 haberent

327 3431 455 3535 ydola,
490 3458 558 3505 nec
583 3427 686 3533 quod
713 3428 867 3505 cordule
893 3457 979 3504 cum
1007 3429 1145 3536 quibus
1174 3430 1421 3538 cingebantur
1446 3459 1556 3536 super
1576 3432 1742 3507 camisias

315 3580 413 3636 ‘eum
440 3559 577 3665 quibus
592 3558 780 3666 jacebant,
796 3588 893 3670 *quas
917 3560 1088 3636 cordulas
1108 3561 1307 3637 sumebant
1326 3562 1430 3638 unde
1447 3560 1634 3646 volebant,
1656 3577 1739 3635 tan-

328 3709 460 3795 gerent
479 3692 596 3796 capita
616 3691 832 3795 ydolorum3
856 3693 998 3768 sedeas
1015 3691 1213 3796 portabant
1232 3693 1271 3768 in
1290 3694 1441 3799 signum
1461 3691 1645 3768 castitatis.

384 3824 493 3911 Item,
526 3821 617 3896 dixit
641 3849 679 3897 se
705 3821 857 3898 credere
872 3823 985 3927 -quod
1010 3823 1152 3928 ubique
1182 3825 1220 3898 in
1245 3824 1394 3912 ordine,
1428 3824 1495 3929 qui
1525 3839 1605 3899 erat
1623 3850 1740 3908 nnus,

328 3952 462 4026 tierent
493 3949 731 4026 uniformiter
763 3950 999 4055 recepciones
1028 3953 1153 4057 quoad
1189 3954 1252 4028 illa
1295 3953 1395 4028 licita
1425 3980 1539 4058 quam
1574 3951 1742 4056 deposuit

329 4081 568 4157 intervenisse
588 4083 627 4155 in
643 4110 727 4168 sua3
750 4081 818 4157 sed
837 4080 883 4155 de
902 4080 1061 4171 illicitis,
1083 4083 1202 4158 credit
1216 4083 1320 4189 quod
1336 4082 1451 4187 aliqui
1470 4110 1548 4158 non
1567 4082 1740 4169 lacerent,

328 4229 364 4286 et
382 4228 504 4314 potest
525 4239 603 4287 esse
625 4210 728 4318 quod
750 4209 864 4315 aliqui
886 4209 1069 4299 lacerent,
1096 4213 1212 4318 magis
1231 4231 1356 4288 tamen
1377 4212 1498 4287 credit
1517 4212 1624 4318 quod
1648 4237 1742 4286 com·

328 4342 493 4415 muniter
512 4340 570 4414 vel
592 4339 721 4445 majori
742 4356 846 4442 parte
867 4336 943 4414 non
964 4339 1100 4416 fierent
1117 4341 1244 4417 illicita
1262 4369 1376 4449 quam
1396 4342 1645 4417 contrarium.
1662 4338 1742 4418 Del-

327 4470 550 4547 lendebatur
572 4472 625 4546 eis
646 4499 714 4576 per
737 4487 1010 4545 sacramentum
1034 4472 1137 4577 quod
1162 4501 1238 4549 non
1259 4473 1467 4549 revelarent
1486 4490 1634 4550 secreta
1653 4469 1742 4576 capi-

326 4601 510 4675 tuliorum
532 4601 647 4675 eciam
668 4598 844 4675 iratribus
864 4600 929 4706 qui
951 4628 1029 4677 non
1049 4600 1245 4678 adsuerant
1269 4604 1307 4678 in
1329 4603 1398 4687 eis,
1421 4603 1491 4679 sed
1513 4632 1594 4680 non
1615 4601 1742 4678 deffen-

329 4727 487 4801 debatur
506 4730 557 4803 eis
573 4757 742 4833 expresse
765 4730 857 4804 etin
878 4730 1027 4835 speciali
1048 4732 1150 4837 quod
1169 4724 1245 4808 rion
1268 4731 1476 4808 revelarent
1499 4733 1666 4808 modum
1684 4755 1739 4806 sno

329 4857 572 4959 recepcionis3
593 4885 661 4933 nec
681 4859 820 4935 audivit
839 4861 1002 4937 inhiberi
1021 4863 1126 4967 quod
1145 4890 1222 4942 non
1240 4863 1513 4941 confiterentur
1535 4864 1610 4940 nisi
1633 4885 1739 4939 sacer-
