4080 6052
584 646 587 651 ,
701 545 893 666 proces
919 563 1014 636 uns
1040 563 1341 640 rrurmurs.
1658 574 1730 645 sis

312 721 439 785 tutum
460 705 619 795 ordinis;
640 704 934 783 alia‘inhoneste
955 732 1034 782 ιιοιι
1061 704 1215 782 fuerunt
1231 705 1330 783 facta
1355 706 1394 780 in
1419 734 1486 781 sua
1511 710 1731 814 recepcione

311 836 415 941 quod
440 836 669 912 recordetur.
697 837 911 942 Requisitus
931 837 961 913 si
985 835 1088 911 idem
1105 837 1243 914 modus
1259 836 1506 942 recepcionis,
1528 837 1595 942 qui
1610 836 1733 916 luerat

310 981 474 1041 servatus
493 964 533 1040 in
553 994 616 1055 eo,
634 965 848 1043 servabatur
864 966 1122 1042 communiter
1137 967 1177 1042 in
1196 984 1275 1044 toto
1301 966 1433 1043 ordine
1454 967 1492 1043 in
1512 969 1730 1072 recepcione

310 1095 468 1172 aliorum
488 1095 659 1186 fratrum,
673 1097 868 1202 respondit
881 1126 919 1172 se
937 1097 1080 1173 nescire
1092 1124 1162 1202 pro
1178 1115 1295 1188 certo,
1310 1099 1397 1204 quia
1416 1125 1494 1173 non
1513 1097 1733 1185 interfuerat

309 1224 520 1331 recepcioni
545 1225 704 1302 aliorum
725 1226 882 1303 fratrum
910 1226 998 1302 dicti
1019 1226 1163 1303 ordinis
1188 1256 1259 1303 nec
1285 1225 1456 1334 capitulis
1490 1229 1729 1321 eorumdem

309 1356 485 1434 credebit
501 1351 635 1432 tamen*
648 1355 752 1462 quod
777 1385 845 1461 per
870 1357 1036 1433 eundem
1049 1357 1214 1433 modum
1234 1357 1486 1432 communiter
1505 1356 1567 1432 alii
1587 1360 1731 1464 recipe·
1822 1400 1825 1405 ·

309 1504 451 1576 rentur,
479 1506 517 1563 et
542 1487 646 1594 quod
670 1487 749 1593 ipse
777 1515 854 1563 non
881 1486 997 1563 fuerit
1021 1487 1075 1563 sic
1101 1485 1230 1563 infelix
1257 1486 1362 1593 quod
1389 1486 1476 1563 talis
1501 1491 1730 1594 receptionis
1826 1481 1828 1485 ⁵

307 1618 445 1695 modus
465 1618 663 1725 singularis
681 1618 851 1696 incoatus
868 1617 1039 1695 fueritin
1050 1615 1206 1695 eodem.
1252 1648 1256 1657 ¹

362 1750 476 1842 Item,
497 1750 546 1826 ad
563 1749 1120 1856 v-v111‚·de·d0gmatizacione,
1136 1748 1333 1854 respondit
1351 1752 1390 1824 s'e
1410 1749 1527 1826 nichil
1545 1724 1640 1828 scire
1659 1782 1729 1830 nec

308 1880 501 1986 audivisse.
538 1923 542 1930 ·
638 1912 641 1917 ·
762 1918 766 1925 ·
978 1862 982 1871 ¹
1110 1972 1113 1977 ¹

362 2011 475 2099 Item,
498 2012 547 2087 ad
565 2036 641 2107 nrm
661 2030 699 2090 et
723 2029 885 2119 quatuor
907 2027 1128 2118 sequentes,¹
1146 2010 1192 2087 de
1213 2011 1407 2116 spuicione
1428 2039 1542 2117 super
1564 2012 1725 2104 crucem,

307 2140 503 2245 respondit
513 2159 559 2218 ut
576 2169 688 2247 supra
706 2142 753 2218 de
774 2171 816 2218 se
835 2142 933 2246 ipso,
955 2142 1003 2218 de
1024 2141 1106 2218 aliis
1126 2142 1311 2217 contentis
1330 2141 1370 2216 in
1391 2141 1480 2247 ipsis
1494 2141 1660 2220 articulis
1678 2144 1729 2218 ni-

308 2269 384 2345 chil
405 2272 536 2349 sciens.
556 2274 667 2362 Item,
685 2272 778 2348 dixit
797 2272 908 2381 quod·
918 2300 1063 2349 errores
1083 2300 1194 2376 supra
1214 2271 1439 2348 confessatos
1457 2301 1527 2377 per
1545 2301 1635 2348 eum
1654 2272 1729 2349 fuc-

307 2418 365 2479 rat
384 2402 520 2480 circav
544 2403 768 2509 septimanas
794 2400 879 2506 post
903 2401 1162 2507 recepcionem
1187 2429 1294 2477 suam
1319 2399 1510 2477 confessus
1539 2402 1578 2476 in
1613 2401 1729 2477 eccle·

307 2532 360 2607 sia
374 2531 535 2610 fratrum*
546 2533 740 2610 Minorum
752 2533 798 2608 de
813 2532 940 2608 Trecis
956 2531 1105 2607 cuidam
1119 2529 1224 2606 fratri
1245 2529 1518 2636 Minorumqui
1530 2528 1729 2608 vocabatur

305 2661 418 2740 frater
431 2664 635 2752 Iohannes,
653 2663 761 2770 cujus
778 2689 987 2769 cognomen
1002 2662 1167 2767 ignorat3
1184 2659 1309 2737 fuerat
1328 2676 1455 2736 tamen
1469 2679 1728 2739 ¹commoratus

304 2793 343 2868 in
358 2793 506 2882 Grecia‚
521 2811 566 2871 ut
581 2793 685 2869 idem
701 2792 814 2870 frater
833 2791 926 2868 dixit
944 2791 1069 2868 eidem
1081 2790 1185 2879 testi,
1203 2788 1242 2866 et
1261 2807 1340 2867 erat
1353 2792 1464 2895 parve
1485 2808 1642 2881 stature,
1659 2819 1728 2868 nec

305 2922 632 3029 loquebaturbene
646 2923 835 3012 Galicum3¹
845 2923 912 3030 qui
920 2921 1049 3010 frater,
1064 2920 1194 2998 audita
1205 2921 1302 2996 dicta
1316 2919 1561 3012 confessione,
1570 2920 1643 2997 fuit
1657 2939 1729 2999 stu·

304 3052 487 3158 pefactus,
506 3071 544 3130 et
562 3054 684 3160 arguit
699 3052 843 3129 dictum
861 3069 998 3129 testem
1018 3050 1065 3130 dc
1085 3050 1160 3127 hiis
1179 3079 1256 3156 que
1273 3049 1427 3142 fecerat,
1453 3067 1490 3126 et
1509 3049 1728 3128 confortavit

305 3186 464 3262 eumad
485 3182 583 3262 bene
608 3184 839 3274 faciendum,
861 3201 899 3261 et
917 3183 1090 3261 ¹obsolvit·
1103 3210 1211 3272 eum,
1233 3182 1406 3287 imposita
1425 3181 1498 3259 sibi
1509 3182 1726 3291 penitencia

302 3315 410 3421 quod
433 3296 571 3391 faceret
590 3315 770 3392 celebrari
796 3314 1010 3392 immissas
1035 3313 1082 3390 de
1108 3312 1245 3390 Sancto
1266 3312 1411 3416 Spiritu
1434 3328 1479 3388 ut
1496 3308 1729 3387 illuminaret

306 3475 409 3535 eum,
427 3464 467 3523 et
479 3447 584 3554 quod
599 3446 789 3555 jejunaret
800 3475 869 3552 per
887 3474 1008 3523 unum
1023 3472 1166 3520 anuum
1185 3444 1224 3519 in
1245 3444 1356 3519 sextis
1376 3442 1498 3533 feriis,
1517 3443 1671 3547 inpane
1690 3458 1729 3517 et

306 3606 399 3684 aqua
418 3579 449 3656 si
474 3594 619 3684 posset,
642 3577 730 3655 etsi
759 3606 838 3657 non
862 3594 1003 3685 posset,
1026 3574 1132 3681 quod
1153 3574 1260 3651 daret
1282 3601 1403 3648 unum
1431 3571 1629 3649 denarium
1658 3572 1734 3677 pro‘

305 3707 460 3814 singulis
479 3709 591 3785 sextis
610 3706 714 3786 feriis
732 3709 871 3815 quibus
891 3736 968 3784 non
983 3706 1184 3813 jejunaret.
1201 3706 1259 3782 De
1272 3703 1372 3780 dicto
1393 3721 1518 3780 autem
1530 3703 1642 3779 fratre
1657 3702 1727 3779 Mi·
1825 3773 1829 3780 .

304 3865 396 3914 nore
417 3864 493 3913 non
510 3855 589 3914 erat
599 3856 722 3951 certus
737 3839 767 3914 si
781 3839 886 3929 vivit,
906 3836 966 3913 vel
985 3838 1075 3927 ¹non3
1093 3835 1238 3912 viderat
1257 3862 1347 3911 eum
1360 3852 1487 3911 tamen
1500 3832 1729 3911 fueruntcir-

304 3968 398 4044 citer
413 3968 582 4075 quinque
598 3969 697 4046 anni,

360 4100 472 4190 Item,
491 4099 538 4175 ad
556 4099 782 4191 xrm·xv‚3de
803 4114 906 4192 cato,
925 4098 1122 4204 respondit
1140 4125 1180 4175 se
1205 4097 1320 4174 nichil
1339 4097 1434 4174 scire
1454 4124 1524 4173 nec
1543 4095 1727 4174 audivisse

305 4247 389 4307 ante
405 4231 620 4336 capciouem
634 4225 784 4308 'eorum
858 4255 861 4259 ·

362 4363 474 4452 Item,
494 4361 540 4437 ad
559 4387 620 4440 xvi
640 4373 685 4439 et'
698 4386 749 4440 vu
765 4347 982 4467 sequentes,
999 4359 1047 4437 de
1064 4358 1455 4447 sacramentoaltaris‘,
1472 4357 1669 4465 respondit
1687 4384 1726 4433 se

305 4490 422 4566 nichil
435 4491 540 4583 scire,
552 4492 619 4569 sed
635 4479 718 4599 ips!
727 4491 906 4569 credebat
922 4510 1153 4570 sacramento
1169 4491 1296 4584 altaris
1315 4508 1353 4568 et
1372 4489 1453 4585 aliis
1471 4487 1727 4567 ecclesiasticis

304 4623 556 4716 sacramentis3
578 4650 655 4707 non
668 4641 796 4701 tamen
809 4622 1042 4730 creditquod
1057 4624 1120 4701 ille
1137 4623 1204 4729 qui
1221 4608 1364 4730 recepit
1379 4648 1468 4700 eum
1488 4599 1585 4698 esset
1602 4618 1727 4696 honus

307 4753 560 4848 Christianus,
583 4756 670 4862 quia
686 4754 917 4862 precipiebat
937 4755 971 4832 ei
991 4754 1252 4862 quodfaceret
1270 4753 1494 4871 supradicta.
1591 4793 1593 4797 v

360 4884 474 4972 Item,
495 4885 545 4961 ad
563 4910 666 4964 mum
680 4903 719 4963 ct
737 4912 759 4965 v
780 4903 982 4993 sequentes
1004 4887 1198 4995 respondit
1211 4912 1256 4964 se
1276 4884 1394 4964 nichil
1412 4886 1525 4973 scire,
1542 4882 1610 4960 sed
1627 4881 1726 4959 bene

390 5019 496 5085 rroclts
517 5044 569 5087 ors
590 5044 759 5088 rxmxrms.
773 5045 841 5084 -ι.
1558 5022 1599 5087 Io
