4080 6052
325 540 411 612 aro
682 512 904 608 rnoots
931 530 1024 604 uss
1050 527 1353 603 rennuens.

322 703 415 761 tunc
445 695 704 786 preceptorem
729 677 779 755 de
809 671 1056 761 Laudinesio,
1080 671 1121 747 in
1150 669 1291 778 capella
1323 666 1439 745 sancti
1462 649 1581 745 Blasii
1612 667 1752 747 ὰοιηηη

325 810 473 917 Templi
499 809 676 897 Parisius,
704 809 742 885 in
771 805 942 914 proximo
972 801 1124 879 instanti
1159 797 1474 906 Quadragessima
1502 815 1619 875 erunt
1644 799 1753 876 circi·

323 965 383 1023 ter
396 956 525 1038 xxtruff
535 941 638 1029 anni,
657 935 895 1045 presentibus
914 932 1026 1011 fratre
1036 931 1189 1012 Galtero
1206 933 1340 1023 d’Esta,
1355 927 1552 1036 quondam
1562 928 1690 1019 milite,
1704 947 1745 1007 et

328 1072 556 1182 quibusdam
575 1069 656 1147 aliis
681 1067 874 1154 fratribus,
902 1066 949 1144 de
974 1087 1139 1172 quorum
1164 1062 1383 1142 nominibus
1408 1087 1490 1138 non
1512 1059 1742 1151 recordatu,

328 1203 400 1279 luit
424 1201 610 1279 adductus
636 1199 685 1277 ad
708 1196 941 1305 presenciam
972 1192 1062 1272 dicti
1088 1192 1309 1299 receptoris,
1333 1189 1464 1269 multis
1487 1189 1681 1268 nobilibus
1696 1190 1744 1268 de

330 1331 520 1439 parentela
538 1359 605 1408 sua
628 1327 728 1408 extra
747 1326 1046 1413 remanentibus,
1069 1341 1109 1424 et
1126 1323 1240 1431 peciit
1255 1350 1392 1429 panem
1415 1338 1454 1399 et
1471 1350 1611 1429 aquam
1634 1340 1674 1400 et
1693 1349 1751 1400 so-

331 1466 502 1541 cietatem
518 1460 679 1548 ordinis,
696 1477 737 1536 et
750 1459 845 1535 dixit
861 1456 966 1564 quod
981 1454 1130 1535 volebat
1144 1483 1224 1535 esse
1240 1483 1384 1543 servus,
1404 1453 1574 1531 esclavus
1590 1452 1748 1544 ordinis,

332 1612 370 1670 et
393 1592 515 1668 dictus
538 1606 710 1695 receptor
735 1589 828 1666 dixit
851 1589 956 1694 quod
977 1587 1158 1694 grandem
1180 1613 1262 1663 rem
1288 1585 1441 1692 petebat
1463 1602 1506 1662 et
1526 1584 1627 1693 quod
1648 1584 1748 1662 bene

332 1720 573 1811 deliberaret,
590 1720 680 1826 quia
694 1735 885 1825 oporteret
899 1745 987 1795 eum
1005 1717 1195 1794 dimittere
1214 1716 1404 1823 propriam
1421 1715 1645 1809 voluntatem
1657 1743 1746 1820 pro-

330 1869 426 1958 pter.
440 1850 615 1941 alienam,
640 1866 678 1926 et
703 1850 844 1926 esurire
865 1847 1018 1955 quando
1040 1848 1155 1925 vellet
1176 1847 1391 1935 comedere,
1418 1862 1458 1922 et
1478 1844 1600 1922 multa
1622 1869 1745 1952 aspera·

332 1982 424 2085 pati3
439 1998 575 2060 etcum
592 1981 671 2084 ipse
686 1979 942 2084 respondisset
951 1978 1058 2084 quod
1070 1978 1198 2056 omnia
1209 1989 1458 2084 supportaret,
1473 1976 1569 2054 dixit
1582 1976 1618 2054 ei
1632 1975 1751 2053 dictus

332 2128 503 2216 receptor
523 2112 627 2215 quod
643 2111 759 2186 exiret
779 2126 878 2185 extra
899 2125 936 2185 et
956 2108 1182 2186 deliberaret
1199 2108 1314 2201 bene,
1338 2126 1375 2185 et
1392 2109 1472 2213 ipse
1491 2107 1621 2196 exivit,
1637 2124 1680 2184 et
1697 2108 1752 2185 di·

334 2256 414 2317 ctus
434 2256 606 2346 receptor
622 2237 695 2315 luit
712 2236 861 2316 locutus
875 2266 961 2314 cum
983 2237 1069 2316 aliis·
1080 2235 1273 2329 iratribus,
1296 2254 1435 2344 etpost
1452 2235 1656 2343 paululum
1670 2236 1751 2314 iecit

333 2370 470 2446 iterum
480 2370 607 2447 vocari
623 2369 789 2446 eundem
802 2385 951 2461 testem,
966 2384 1003 2445 et
1012 2367 1253 2473 interrogavit
1270 2368 1301 2446 si
1320 2366 1545 2474 persistebat
1562 2366 1752 2466 inneadem

334 2501 563 2587 intencione;
577 2516 613 2576 et
626 2528 670 2575 eo
687 2477 938 2604 respondente
953 2494 1058 2603 quod
1073 2499 1125 2574 sic
1141 2515 1178 2575 et
1194 2515 1344 2603 petente
1360 2497 1465 2604 quod
1476 2498 1752 2602 priusatdicto

334 2648 525 2734 receptore
536 2628 787 2735 respondente
798 2629 839 2706 id
848 2627 954 2735 quod
965 2654 1089 2732 supra,
1103 2627 1265 2705 finaliter
1279 2627 1367 2705 fecit
1380 2656 1471 2705 eum
1480 2627 1629 2734 jurare,
1645 2656 1752 2735 super

334 2761 528 2866 quoddam
555 2759 705 2838 missale
733 2774 923 2864 apertum,
956 2756 1062 2864 quod
1087 2775 1250 2835 servaret
1272 2759 1497 2849 castitatem,
1518 2759 1654 2838 viveret
1670 2759 1747 2835 sine

333 2891 503 2993 proprie,
526 2889 698 2967 obediret
714 2886 973 2994 superioribus
994 2887 1091 2976 suis,
1116 2905 1278 2966 servaret
1303 2890 1423 2967 bonos
1452 2918 1548 2969 usus
1577 2906 1613 2967 et
1631 2888 1748 2968 bonas

232 3048 236 3056 ·
336 3020 630 3096 consuetudines
661 3019 820 3110 ordinis,
849 3045 924 3125 que
949 3034 1042 3095 tunc
1065 3035 1172 3106 erant
1195 3035 1233 3095 et
1256 3013 1511 3124 inposterum
1533 3047 1601 3127 per
1620 3019 1750 3126 Magis·

335 3165 438 3223 trum
462 3164 499 3223 et
526 3147 646 3224 bonos
666 3148 842 3225 homines
863 3148 1006 3225 ordinis
1030 3149 1318 3254 inponerentur3
1345 3152 1452 3256 quod
1476 3179 1556 3229 non
1576 3151 1754 3230 revelaret

338 3294 479 3354 secreta
491 3278 757 3383 capitulorum,
772 3297 810 3355 et
822 3279 943 3386 quod,
960 3307 1028 3384 pro
1041 3309 1149 3385 posse
1168 3309 1248 3372 suo,
1261 3283 1410 3388 juvaret
1421 3283 1468 3359 ad
1482 3281 1754 3387 acquirendum

337 3437 496 3516 regnunt
508 3410 527 3485 J
531 3409 866 3498 crosolimitanum,
880 3427 918 3486 et
932 3410 1072 3516 absque
1086 3411 1238 3488 licencia
1255 3413 1488 3519 superiorum
1500 3438 1657 3488 suorum
1673 3439 1749 3487 non

312 3580 314 3583 ·
337 3540 454 3615 exiret
475 3540 617 3616 dictum
638 3539 810 3616 ordinem
830 3569 899 3646 pro
923 3540 1070 3618 duriori
1091 3542 1274 3648 religione
1301 3544 1360 3621 vel
1375 3569 1439 3649 pro
1457 3539 1572 3646 magis
1591 3538 1688 3626 laxa,
1711 3558 1749 3616 et

336 3672 442 3775 quod
469 3699 545 3746 non
570 3672 766 3748 interesset
793 3671 831 3747 in
860 3672 945 3749 loco
971 3672 1010 3748 in
1031 3701 1107 3778 quo
1128 3648 1567 3779 aliquis'exheredaretur
1591 3671 1748 3778 injuste3

337 3817 421 3906 post
444 3829 519 3908 que
540 3802 707 3907 inposuit
726 3801 796 3878 sibi
817 3802 1058 3890 mantellum,
1084 3805 1249 3909 quodam
1274 3805 1497 3909 presbitero,
1521 3801 1590 3909 qui
1610 3803 1750 3888 aderat,

236 3947 240 3955 '
338 3931 485 4008 dicente
495 3932 806 4038 psalmuszcce
817 3962 932 4040 quam
941 3933 1087 4011 bonum
1100 3953 1138 4011 et
1147 3963 1261 4041 quam
1266 3937 1492 4043 jocundum,
1504 3951 1590 4025 etc,
1602 3942 1752 4042 etesnas-

338 4064 425 4139 dam
449 4092 579 4168 preces
600 4081 636 4141 ct
655 4064 885 4157 oracionem,
913 4083 951 4142 et
976 4063 1199 4143 infundente
1219 4095 1356 4173 aquam
1379 4065 1620 4143 benedictam
1647 4091 1752 4171 super

339 4221 444 4282 eum;
467 4210 504 4270 et
522 4211 613 4271 tune
633 4195 756 4271 dictus
778 4213 948 4299 receptor
968 4213 1006 4271 et
1023 4194 1154 4273 fratres
1174 4214 1334 4274 astantes
1354 4195 1509 4274 osculati
1528 4194 1687 4274 filerunt
1702 4195 1751 4299 ip

338 4352 423 4399 sum
440 4341 575 4403 testem
590 4325 629 4401 in
643 4353 720 4402 ore.
737 4327 916 4431 Postque
937 4328 1094 4433 precipit
1111 4328 1214 4404 idem
1231 4347 1402 4434 receptor
1422 4327 1528 4435 quod
1545 4328 1696 4404 sederet
1710 4324 1750 4402 ad

336 4455 453 4559 pedes
470 4484 575 4547 suos,
597 4474 635 4533 et
655 4457 830 4535 instruxit
850 4458 1119 4563 eum'qualiter
1138 4459 1304 4537 debebat·
1318 4487 1358 4537 se
1374 4485 1507 4566 gerere
1527 4459 1567 4534 in
1588 4458 1703 4535 domo
1719 4471 1749 4530 ct

337 4584 376 4658 in
401 4587 579 4663 exercicio
599 4616 808 4681 armorum,
830 4605 868 4665 et
886 4588 1006 4666 multa
1024 4590 1179 4667 consilia
1202 4590 1301 4668 licita
1322 4606 1359 4667 et
1377 4591 1554 4678 honesta3
1574 4604 1662 4694 post
1684 4610 1747 4693 que

307 4760 308 4763 =
337 4732 595 4806 surrexerunt,
618 4734 655 4791 et
672 4718 793 4797 dictus
812 4719 926 4798 frater
945 4720 1136 4812 Galterus,
1156 4722 1288 4799 ceteris
1308 4719 1593 4798 remanentibus
1607 4720 1647 4796 in
1662 4717 1746 4794 dicta

337 4841 476 4948 capella
493 4843 551 4919 vel
572 4847 851 4939 recedentibus,
875 4852 982 4929 duxit
1000 4853 1126 4958 ipsum
1149 4870 1285 4930 testem
1306 4853 1352 4927 ad
1377 4851 1558 4957 capellam
1579 4850 1747 4957 majorem
