4080 6052
487 542 683 637 raucas
709 559 804 633 ons
830 523 1129 634 rasurus.
1443 569 1513 640 sar

157 706 371 812 Reqnisitus
388 703 418 781 si
440 703 492 779 sic
518 701 694 809 deposuit
713 726 841 807 prece,
861 717 1055 807 precepto,
1073 700 1227 789 timore,
1244 728 1388 793 amore,
1406 704 1515 796 odio,

100 835 159 913 vel
180 832 378 941 temporali
406 833 569 913 comodo
595 831 727 910 habito
754 829 814 909 vel
843 829 1041 922 habendo,
1070 831 1267 938 respondit
1295 834 1398 938 quod
1426 863 1515 914 non.

100 965 170 1044 Cui
197 963 270 1042 lirit
298 963 511 1071 injunctum
529 961 643 1070 quod
668 988 749 1039 non
775 959 957 1039 revelaret
974 962 1073 1040 hanc
1099 989 1205 1040 suam
1237 962 1522 1068 deposicionem

99 1121 297 1204 quousque
322 1093 580 1172 auresaures
604 1091 748 1170 fuerint
765 1088 969 1197 publicare.

156 1356 285 1431 Frater
293 1352 482 1432 lohannes
494 1353 542 1429 de
555 1353 634 1430 Nici
653 1351 903 1459 lingonensis
917 1350 1088 1443 diocesis,
1101 1351 1276 1444 serviens,
1288 1354 1394 1431 testis
1406 1380 1518 1461 supra

92 1485 258 1592 juratus,
281 1510 369 1559 non·
379 1482 568 1560 defferens
585 1481 807 1559 mantellum
828 1479 988 1570 ordinis,
1010 1480 1097 1585 quia
1117 1481 1240 1585 ipsum
1262 1481 1454 1560 dimiserat
1477 1486 1517 1562 in

98 1611 258 1692 concilio
271 1610 756 1717 Senonensi3postmodum
767 1608 848 1686 radi
864 1609 1003 1726 fecerat
1015 1609 1087 1687 sibi
1103 1608 1278 1703 barbam,
1290 1612 1518 1720 trigintam
1566 1701 1568 1705 ¹

96 1771 232 1822 norum
241 1742 302 1819 vel
313 1743 426 1832 circa,
442 1739 655 1847 bergerius,
670 1739 945 1847 protestacione
955 1740 1135 1844 premissa
1143 1741 1249 1847 quod
1260 1743 1518 1824 nonintende-

96 1873 162 1951 bat
180 1873 359 1949 recedere
378 1899 399 1947 a
416 1870 659 1975 deposicione
672 1896 741 1974 per
755 1869 881 1973 ipsum
900 1866 996 1945 facta
1014 1867 1193 1960 Senonis,
1214 1896 1340 1947 coram
1361 1871 1518 1951 domino

98 2002 274 2107 episcopo
285 1998 564 2088 Aurelianensi,
576 1997 644 2105 qui
654 1995 860 2075 absolvitet
874 1995 1127 2075 reconciliavit
1137 1999 1327 2077 eumdem.
1343 2001 1465 2080 Lectis
1480 2024 1517 2082 et

99 2130 299 2239 diligenter
309 2128 484 2234 expositis
498 2127 571 2206 sibi
586 2126 766 2205 omnibus
777 2142 816 2206 et
828 2125 985 2234 singulis
1003 2127 1186 2216 articulis,
1200 2130 1397 2235 respondit
1411 2135 1517 2240 qriod

97 2287 295 2367 nunquam
306 2258 450 2335 viderat
465 2256 581 2335 aliam
594 2255 748 2336 fratrem
761 2256 802 2333 in
817 2256 953 2335 ordine
965 2255 1102 2363 recipi,
1124 2284 1195 2334 nec
1211 2258 1384 2364 capitulis
1401 2261 1517 2340 inter·

96 2389 218 2470 fuerat
233 2388 475 2476 eorumdenu
490 2414 561 2465 nec
575 2387 717 2466 sciebat
727 2385 776 2463 de
790 2385 982 2464 contentis
992 2386 1032 2465 in
1046 2385 1136 2491 ipsis
1148 2385 1317 2465 articulis
1326 2389 1398 2465 nisi
1411 2394 1516 2498 quod

96 2519 278 2626 sequitur.
292 2519 385 2597 Nam
393 2516 570 2597 credebat
584 2517 689 2625 quod
699 2516 762 2594 alii
773 2517 1027 2595 communiter
1041 2517 1297 2622 reciperentur
1309 2517 1348 2593 in
1362 2520 1516 2610 ordine,

96 2665 308 2726 nontamen
320 2647 394 2726 hoc
404 2646 555 2736 sciebat,
566 2647 664 2725 sicut
673 2645 889 2754 ipsosnerat
897 2662 1084 2753 receptus,
1094 2647 1133 2723 in
1143 2647 1296 2725 instanti
1306 2647 1517 2760 Quadrage

95 2777 190 2855 sima
215 2795 327 2854 erunt
360 2802 409 2856 vu
443 2777 531 2854 anni
562 2777 622 2855 vel
659 2777 777 2866 circa,
802 2805 871 2883 per
898 2775 1051 2855 fratrem
1077 2779 1233 2855 Petrum
1262 2776 1311 2855 de
1336 2779 1515 2861 Vienesio

19 2881 27 2899 .
94 2924 185 2984 tunc
208 2924 470 3015 preceptorem
491 2907 539 2984 de
557 2906 688 3000 Buris,
706 2908 902 3015 quondam
919 2909 960 2984 in
976 2906 1116 3013 capella
1141 2909 1278 2986 domus
1295 2910 1446 3016 Templi
1467 2912 1516 2989 de

94 3037 312 3114 Fontanetis
327 3037 575 3144 Lingonensis
589 3036 770 3129 diocesis,
783 3036 1023 3142 presentibus
1041 3036 1219 3115 fratribus
1236 3036 1444 3117 Guillelmo
1465 3039 1513 3117 de

94 3166 203 3242 Buris
228 3164 466 3272 presbytero,
496 3165 657 3244 Martino
682 3166 730 3244 de
758 3165 937 3257 Buxiaco,
966 3166 1157 3272 Stephano
1188 3166 1235 3243 do
1259 3164 1431 3260 Volenis,
1453 3171 1515 3247 Jo·

94 3296 221 3375 lmine
243 3296 388 3375 Avenot
411 3312 450 3373 et
472 3295 649 3375 Guidone
677 3296 725 3374 de
753 3296 833 3375 Nici
858 3294 1122 3386 servientibus,
1149 3294 1370 3386 deffunctis·,
1392 3326 1413 3373 a
1437 3327 1514 3403 qno

92 3442 287 3532 ruqtore
312 3425 538 3518 instructus,
569 3424 616 3502 ab
644 3424 728 3504 aliia
748 3424 927 3505 iratribus
952 3426 1067 3532 peciit
1092 3424 1236 3531 pluries
1256 3423 1330 3502 sibi
1358 3429 1514 3506 concedi

93 3582 220 3636 amore
243 3558 314 3635 Dei
339 3585 475 3664 panem
500 3573 538 3634 et
558 3584 710 3664 aquam,
728 3557 944 3636 societatem
971 3574 1010 3633 et
1028 3583 1234 3662 pauperem
1256 3557 1431 3634 vestitum
1451 3586 1512 3634 or-

93 3687 211 3776 dinis,
241 3705 279 3765 et
306 3688 450 3765 cumei
479 3686 865 3792 respondissetquod
888 3685 1027 3764 sortem
1051 3713 1133 3763 rem
1156 3686 1324 3792 petebat,
1342 3688 1430 3793 quia
1450 3717 1513 3766 vo-

93 3815 194 3893 lebat
208 3815 381 3893 abdicare
394 3843 416 3891 a
429 3841 469 3890 se
482 3814 672 3919 propriam
681 3811 931 3903 voluntatem,
949 3829 988 3891 et
1001 3813 1184 3921 subjicere
1199 3815 1340 3906 aliene,
1352 3833 1391 3894 et
1407 3819 1512 3922 quod

91 3943 189 4022 bene
207 3940 435 4022 deliberaret
453 3941 636 4049 capellam
651 3940 795 4034 emens,
811 3942 901 4049 quia
921 3941 1045 4049 ipsum
1067 3944 1267 4049 oportebat
1283 3944 1403 4023 multa
1418 3946 1511 4025 dura

92 4087 129 4151 et
149 4100 278 4181 aspera
296 4073 501 4165 sustinere,
521 4088 559 4150 et
572 4073 652 4180 ipse
675 4072 901 4151 deliberaret
919 4102 1007 4152 cum
1023 4071 1220 4169 fratribm,
1241 4076 1406 4159 finaliter
1424 4076 1512 4161 tecit

92 4231 181 4281 eum
200 4228 333 4283 vovere
353 4219 391 4280 et
401 4203 530 4309 jurare
549 4201 775 4293 castitatem,
793 4203 1073 4296 obedienciam,
1094 4206 1216 4284 vivere
1237 4207 1318 4285 sine
1335 4209 1508 4315 proprio,

70 4350 129 4426 ¹et
149 4334 331 4440 imposuit
349 4330 420 4410 sibi
444 4331 690 4422 mantellum,
707 4349 747 4410 et
768 4331 843 4423 iru't
863 4362 951 4415 eum
966 4335 1155 4415 osculatus
1173 4338 1298 4416 inore
1322 4350 1362 4416 e't
1379 4338 1509 4419 fratres

91 4480 261 4542 astantes.
290 4462 539 4542 Postmodum
567 4463 742 4542 instruxit
767 4492 855 4542 eum
879 4482 985 4570 quot,
995 4467 1109 4546 Pater
1124 4480 1251 4548 ,noster
1274 4468 1415 4548 diceret
1441 4499 1509 4576 pro
1612 4499 1616 4502 ·

90 4593 195 4671 horis
208 4594 301 4682 suis,
321 4609 360 4671 et
373 4592 480 4700 quod
492 4591 636 4701 jace’ret
654 4623 741 4672 cum
756 4594 884 4703 caligis
896 4594 1143 4679 femoralibus
1162 4613 1201 4679 et
1213 4598 1365 4677 camisia
1379 4598 1505 4690 lineis,

90 4725 235 4801 cinctus
251 4750 328 4802 una
350 4723 523 4816 cordula,
545 4740 584 4801 et
601 4722 764 4831 qualiter
786 4740 934 4832 regeret
950 4738 990 4803 te
1006 4725 1048 4804 ia
1070 4726 1221 4817 ordine,
1241 4756 1431 4836 exponens
1452 4730 1509 4811 di-

89 4879 214 4933 versos
230 4880 334 4932 casus
348 4870 502 4960 propter
519 4880 616 4961 quos
634 4870 781 4960 poterat
796 4854 1140 4937 incurrere-multas
1160 4887 1275 4964 panas
1288 4876 1328 4939 et
1346 4861 1505 4967 perdere
