4080 6052
462 554 658 657 rnocns
685 573 779 644 ons
804 572 1103 645 rnnrtrsns.
1417 575 1489 648 aas

76 731 238 837 aliquos,
260 744 414 836 propter
430 747 603 806 contenta
631 731 670 806 in
690 729 856 807 articulis
880 730 1020 807 stolia.
1043 730 1194 808 Audivit
1218 729 1292 806 dici
1311 759 1489 837 magnum

76 859 294 965 Magistrum
320 874 358 934 et
380 858 473 936 alios
492 860 633 937 multos
653 887 798 937 errores
819 858 932 937 luisse
954 859 1140 938 confessos
1161 876 1289 938 contra
1303 860 1488 953 ordinem,

77 987 123 1063 ad
143 989 250 1096 cujus
271 988 544 1066 deffensionem
564 1018 602 1066 se
622 988 812 1067 obtulerat
831 989 925 1066 dum
945 1006 1073 1068 tamen
1094 989 1318 1066 liberaretur
1335 1016 1355 1064 a
1374 1012 1492 1066 arce-

75 1115 180 1193 ribus
195 1134 233 1193 et
252 1117 552 1195 ministrarentur
567 1146 746 1225 expense3
764 1119 832 1196 scd
849 1120 1093 1225 postmodum
1111 1119 1320 1195 voluntarie
1338 1121 1491 1197 recessit

77 1245 476 1323 adictadeffensione.
498 1247 609 1335 ltem,
636 1248 729 1325 dixit
748 1248 869 1354 quod,
893 1249 932 1324 in
951 1247 1012 1326 die
1034 1248 1263 1354 recepcionis
1281 1277 1364 1338 sue,
1387 1266 1489 1325 ante-

76 1402 190 1480 quam
214 1376 467 1464 comederint,
494 1375 564 1453 fuit
586 1376 775 1454 consessus
795 1377 842 1454 de
861 1378 1039 1482 predictis
1057 1377 1249 1455 erroribus
1277 1377 1490 1456 confessatis

74 1531 144 1609 per
170 1533 259 1580 eum
290 1504 450 1580 Jobanni
480 1508 682 1582 Normanni
714 1506 932 1613 presbytero
960 1508 1131 1595 seculari,
1169 1509 1209 1582 in
1245 1507 1342 1584 dicta
1375 1508 1489 1585 domo

74 1632 222 1738 Templi
251 1633 493 1726 deservienti,
515 1634 582 1740 qui
601 1635 847 1740 reprehendit
872 1662 960 1713 eum
985 1635 1032 1712 de
1057 1636 1250 1743 predictis,
1274 1654 1311 1713 et
1331 1636 1487 1714 absolvit

77 1790 180 1854 eum,
192 1763 365 1868 imposita
374 1763 586 1868 penitencia
595 1763 700 1869 quod
705 1762 1196 1869 jejunaretsextisleriisper
1205 1783 1349 1870 septem
1359 1793 1488 1856 annos,

75 1891 180 1997 quod
195 1909 233 1967 et
247 1890 350 1979 lecit3
366 1893 485 1968 nescit
500 1909 625 1975 tamen
641 1894 672 1968 si
690 1891 814 1969 dictus
831 1892 1027 1999 presbyter
1046 1893 1094 1968 sit
1111 1895 1215 1973 vivus
1228 1893 1288 1969 vel
1301 1911 1485 1971 mortuus.

131 2020 347 2126 Requisitus
370 2021 401 2097 si
422 2020 473 2097 sic
496 2021 671 2126 deposuit
688 2048 815 2127 prece,
831 2040 1022 2128 precepto,
1035 2024 1195 2116 timore,¹
1215 2050 1358 2111 amore,
1380 2025 1486 2115 odio,

75 2150 132 2227 vel
152 2152 312 2228 comodo
335 2151 532 2256 temporali
548 2150 677 2228 habito
686 2153 744 2229 vel
762 2153 954 2244 babendo,
970 2154 1166 2260 respondit
1184 2155 1289 2260 quod
1309 2181 1405 2243 non,
1421 2157 1487 2232 sed

76 2308 144 2386 pro
163 2281 316 2356 veritate
346 2280 521 2373 dicenda3
541 2281 602 2356 cui
619 2279 692 2357 fuit
713 2283 923 2388 injunctum
953 2283 1060 2388 quod
1091 2309 1169 2359 non
1190 2283 1371 2360 revelaret
1394 2287 1490 2362 hanc

78 2437 183 2485 suam
204 2411 482 2517 deposicionem
499 2439 698 2519 quousque
712 2412 969 2490 attestacioncs
981 2411 1123 2489 fuerint
1138 2411 1339 2522 publicato.

132 2672 427 2749 Fraterlacobus
447 2674 495 2751 do
515 2674 689 2752 Cormele
702 2674 880 2761 serviens,
900 2673 1178 2751 suessionensis
1197 2672 1490 2763 diocesis,testis

76 2829 186 2906 supra
200 2802 366 2907 juratus,
397 2802 619 2881 mantellum
640 2819 677 2879 et
692 2803 847 2880 barbam
876 2800 1082 2890 defferens,
1110 2803 1218 2878 etatis
1241 2803 1487 2910 quadraginta

78 2949 161 3008 octo
186 2958 370 3008 annorum
389 2932 447 3008 vel
468 2933 582 3023 circa,
607 2932 880 3038 protestacionc
899 2933 1080 3038 premissa
1104 2933 1209 3037 quod
1229 2960 1306 3008 non
1328 2930 1491 3008 intendit

76 3061 253 3137 recedere
285 3090 304 3137 a
336 3061 573 3167 deposicione
604 3088 673 3168 per
698 3062 824 3167 ipsum
855 3061 949 3138 lacta
973 3089 1097 3138 coram
1127 3060 1283 3137 domino
1313 3061 1489 3167 episcopo

77 3191 291 3277 Parisiensi‚
305 3191 370 3297 qui
391 3191 549 3268 absolvit
565 3208 604 3269 et
621 3192 872 3269 reconciliavit
889 3192 1085 3278 eumdem,
1107 3190 1212 3267 lectis
1232 3206 1270 3266 ct
1289 3190 1491 3297 diligenter

79 3321 253 3425 expositis
265 3320 336 3399 sibi
357 3321 534 3398 omnibus
553 3338 591 3398 et
610 3321 768 3427 singulis
791 3299 971 3411 articulis,
998 3319 1193 3426 respondit
1215 3348 1254 3396 se
1274 3318 1417 3396 nescire
1441 3318 1489 3393 de

79 3451 262 3527 contentis
281 3451 319 3525 in
341 3451 394 3527 eis
422 3450 494 3526 uisi
514 3449 618 3556 quod
638 3451 809 3556 sequitur
830 3450 1031 3527 :videlicet
1050 3449 1137 3554 quia
1158 3446 1276 3524 eredit
1298 3445 1404 3552 quod
1427 3446 1490 3522 alii

79 3582 329 3657 communiter
347 3582 604 3686 reciperentur
623 3582 662 3656 in
686 3581 820 3657 ordine
840 3580 936 3656 sicut
951 3578 1064 3655 frater
1076 3578 1266 3653 lohannes
1280 3577 1327 3653 dc
1351 3577 1492 3683 Sernay

79 3710 270 3814 quondam
290 3710 468 3798 serviens,
484 3727 576 3787 tunc
596 3727 794 3815 preceptor
812 3708 951 3785 domus
980 3707 1130 3812 Templi
1157 3707 1297 3784 Montis
1320 3707 1492 3785 Suessio-

80 3839 224 3926 ncnsis,
246 3854 437 3944 receperat
451 3865 556 3928 eum,
577 3839 618 3913 in
637 3837 842 3915 lestobeati
855 3835 1110 3914 Bartholomei
1129 3837 1296 3942 proxime
1311 3835 1491 3943 preterito

80 3983 192 4043 erunt
207 3994 244 4044 xi
264 3968 350 4043 anni
366 3967 426 4043 vel
440 3967 552 4059 circa,
574 3968 612 4042 in
628 3966 768 4073 capella
783 3965 882 4043 dicte
898 3967 1051 4058 domus,
1062 3965 1300 4070 presentibus
1315 3962 1493 4040 fratribus

79 4096 243 4174 Roberto
263 4114 390 4175 curato
406 4097 503 4174 dicte
524 4095 849 4184 domus,Geraldo
861 4098 907 4173 de
918 4094 1135 4202 Argentolio
1150 4094 1283 4182 milite,
1296 4093 1493 4170 etblatbeo

82 4229 128 4302 de
146 4224 337 4318 Atrabato,
353 4243 391 4304 et
403 4228 572 4305 iohanne
588 4226 635 4303 de
649 4226 809 4334 Cernoy,
824 4242 862 4303 et
874 4225 1044 4332 Remigio
1062 4226 1109 4302 de
1123 4223 1311 4330 Ploysiaco
1332 4223 1496 4300 servien-

80 4355 197 4445 tibus,
220 4357 433 4446 deffunctis,
456 4385 572 4465 aquo
594 4375 787 4463 receptore
812 4355 1008 4461 requisivit
1029 4371 1089 4430 ter
1114 4353 1337 4460 interpolato
1354 4379 1491 4459 penem

81 4502 120 4561 et
135 4513 287 4593 aquam,
308 4489 522 4565 societatem
543 4505 581 4565 et
598 4514 803 4594 pauperem
818 4486 995 4564 vestitum
1016 4484 1175 4572 ordinis3
1190 4501 1228 4560 et
1245 4511 1330 4560 cum
1349 4483 1385 4559 ei
1405 4510 1494 4560 con·

81 4616 250 4693 cessisset
264 4619 455 4723 predictus
473 4618 597 4706 miles,
620 4619 668 4694 de
690 4618 881 4694 voluntate
908 4616 995 4693 dicti
1018 4613 1141 4691 fratris
1156 4614 1354 4705 lobannis,
1378 4613 1494 4690 delle-

81 4745 198 4821 rentis
234 4745 272 4821 in
306 4748 378 4823 boc
406 4747 592 4824 nobilitati
627 4747 715 4825 dicti
751 4746 897 4837 militis,
936 4745 1115 4850 imposuit
1149 4743 1220 4821 sibi
1256 4742 1492 4820 mantellum.

82 4873 329 4951 Postmodum
348 4875 517 4954 lecerunt
541 4904 630 4954 eum
646 4904 779 4955 vovere
796 4893 838 4954 et
848 4875 977 4983 jurare
994 4901 1106 4980 supra
1127 4873 1332 4981 quemdam
1351 4872 1494 4950 librum

190 5012 300 5073 rnocbs
322 5033 373 5075 ors
394 5031 565 5076 rnurcrrns.
583 5048 625 5063 —
639 5033 659 5075 1.
1352 5010 1390 5093 69
