4080 6052
564 588 577 612 .
691 519 1337 618 procssnrsrsurmms.
1466 565 1470 571 ·
1651 545 1724 623 aas

310 680 460 759 fratrem
470 679 651 757 Poncium
666 679 713 760 de
728 681 857 771 Broet‚
868 681 1062 788 quondam
1077 679 1256 775 militem,
1272 701 1364 763 tunc
1376 700 1636 790 preceptorem
1649 687 1725 765 sive

307 811 527 918 magistrum
546 809 754 900 Provincia,
776 812 815 889 in
836 812 921 891 aula
940 812 1078 893 domus
1096 813 1246 920 Templi
1266 814 1465 906 Tholosse‚
1487 815 1726 919 presentibus

308 941 482 1019 frutribus
511 939 720 1023 Guillelmo
753 943 801 1023 de
830 943 1099 1050 Follraquerio‚
1136 944 1361 1027 senebruno
1394 947 1442 1023 de
1468 946 1564 1027 Puni
1595 945 1726 1024 militi·

305 1070 394 1181 busj,
407 1069 617 1153 Guillelmo
629 1072 824 1153 deCastro
838 1072 966 1156 Veteri
980 1073 1153 1154 familiari
1166 1055 1256 1154 dicti
1273 1075 1458 1184 magistri,
1479 1092 1517 1152 et
1533 1077 1725 1155 Bernardo

307 1200 523 1281 lavandarii
554 1220 775 1308 preceptore
804 1206 940 1289 domus
972 1204 1122 1312 Templi
1153 1203 1338 1287 Tholosse
1367 1203 1640 1296 servientibus,
1676 1208 1724 1285 de

305 1360 474 1438 quorum
491 1333 564 1413 vita
579 1333 639 1411 vel
658 1352 784 1413 morte
801 1363 879 1414 non
900 1335 1016 1417 babet
1034 1336 1317 1429 certitudinem,
1340 1354 1378 1414 et
1397 1335 1625 1443 quibusdam
1646 1334 1726 1413 aliis

308 1463 357 1539 de
365 1490 528 1567 quorum
545 1490 621 1543 non
632 1462 748 1543 habet
757 1467 980 1544 memoriam
990 1493 1062 1543 neo
1072 1466 1261 1549 noticiam.
1278 1467 1320 1545 ln
1332 1494 1407 1572 qua
1419 1465 1639 1570 recepcione
1654 1465 1727 1545 luit

306 1608 472 1673 servatus
494 1594 570 1675 iste
591 1596 758 1677 modus:
784 1623 872 1673 nam
899 1596 1025 1677 dictus
1044 1597 1222 1702 magister
1242 1595 1315 1674 luit
1337 1595 1377 1672 in
1406 1595 1503 1673 dicta
1528 1594 1613 1675 aula
1638 1623 1727 1691 oum

306 1721 414 1801 dictis
434 1720 613 1803 fratribus
637 1741 677 1802 et
698 1725 777 1831 ipse
792 1726 904 1807 'testis
928 1741 1045 1815 eitra,
1068 1742 1108 1803 et
1124 1725 1226 1803 venit
1249 1725 1297 1803 ad
1320 1727 1446 1832 ipsum
1466 1726 1590 1803 dictus
1614 1724 1726 1809 frater,

306 1851 535 1932 Guillelmus
555 1854 604 1930 de
626 1854 896 1961 Folbaquerio‚
919 1870 958 1935 et
981 1854 1075 1933 dixit
1098 1855 1128 1933 si
1149 1854 1298 1933 volebat
1319 1882 1400 1933 esse
1419 1853 1534 1931 frater
1552 1853 1723 1958 Templi3

305 2010 383 2086 quo
402 1984 654 2089 respondente
680 1985 785 2091 quod
804 1986 875 2073 sic,
897 1982 1091 2090 subjunxit
1116 1985 1221 2091 quod
1247 1985 1403 2063 intraret
1423 1983 1560 2061 dictam
1577 1981 1723 2072 aulam,

307 2128 345 2187 et
364 2129 511 2218 peteret
529 2141 550 2189 a
570 2114 671 2213 dicto
691 2108 869 2221 magistro
890 2131 929 2192 et
945 2113 1123 2194 iratribus
1143 2114 1249 2221 quod
1272 2114 1436 2193 lacerent
1458 2140 1547 2189 eum
1573 2110 1726 2189 fratrem

307 2242 466 2331 ordinis,
489 2260 527 2320 et
546 2242 689 2319 diceret
707 2243 761 2320 eis
784 2244 890 2348 quod
908 2242 1057 2321 volebat
1080 2271 1161 2322 esse
1187 2271 1315 2321 servus
1340 2243 1504 2321 esclavus
1524 2242 1668 2321 ordinis
1688 2259 1727 2320 et

307 2371 496 2449 dimittere
511 2372 702 2479 propriam
719 2356 953 2452 voluntatem
968 2389 1123 2479 propter
1140 2373 1317 2461 alienam3
1330 2389 1372 2451 et
1387 2400 1474 2448 cum
1493 2371 1566 2448 hoc
1580 2370 1728 2449 fecisset

307 2519 346 2577 et
364 2503 518 2580 dixisset
536 2503 639 2581 idem
658 2503 784 2595 testis,
805 2503 997 2610 predictus
1015 2504 1192 2611 magister
1209 2502 1303 2582 dixit
1321 2503 1426 2609 quod
1444 2501 1625 2610 grandem
1645 2529 1727 2579 rem

304 2633 473 2737 petebat,
495 2650 533 2711 et
552 2634 670 2711 exiret
687 2652 725 2711 et
746 2634 844 2713 bene
861 2635 1087 2715 deliberaret
1103 2653 1142 2714 et
1160 2650 1308 2742 rogaret
1321 2634 1464 2725 Deum3
1478 2632 1583 2738 quod
1602 2631 1635 2712 si
1654 2631 1727 2708 hoc

306 2780 387 2840 erat
403 2792 471 2870 pro
490 2762 594 2842 bono
611 2764 735 2842 anime
750 2793 818 2842 sue
833 2765 1078 2871 perficeretur
1095 2765 1232 2870 peticio
1250 2790 1332 2855 sua,
1351 2780 1390 2843 et
1405 2763 1479 2840 hoc
1493 2760 1581 2840 fecit
1596 2761 1656 2838 bis
1668 2760 1727 2838 vel

310 2910 367 2973 ter
391 2894 438 2971 de
465 2895 641 2973 mandato
667 2895 765 2975 dicti,
786 2896 974 3004 magistri3
999 2896 1134 2975 ultima
1158 2896 1254 2983 vice,
1279 2896 1362 3001 ipso
1387 2894 1571 2972 redeunte
1598 2918 1725 2969 coram

307 3024 408 3101 dicto
438 3025 634 3130 magistro,
656 3042 695 3101 et
718 3025 879 3104 instante
906 3043 951 3106 ut
973 3026 1078 3131 prius
1106 3054 1176 3132 pro
1199 3025 1419 3131 recepcione
1443 3053 1526 3113 sua,
1550 3021 1727 3129 magister

306 3180 463 3260 surgons
482 3182 570 3231 cum
588 3152 766 3231 fratribus
786 3154 994 3235 astantibus
1011 3156 1181 3263 precepit
1201 3154 1300 3236 dicto
1324 3154 1412 3233 testi
1431 3153 1537 3261 quod
1559 3154 1726 3232 flecteret

305 3312 429 3391 genua
449 3301 487 3361 et
501 3285 608 3391 quod
625 3302 785 3391 poneret
801 3314 934 3363 manus
949 3312 1034 3366 suas
1053 3313 1167 3393 super
1180 3285 1372 3393 quendam
1390 3284 1533 3363 librum
1552 3298 1724 3387 apertum

304 3442 420 3519 quam
437 3415 493 3493 ibi
508 3414 646 3492 fecerat
662 3415 834 3523 oportun,
853 3416 960 3525 quod
976 3434 1013 3494 et
1028 3415 1128 3501 lecit.
1146 3417 1394 3499 Postmodum
1408 3415 1533 3493 dictus
1548 3411 1725 3517 magister

306 3545 398 3636 dixit
418 3547 478 3623 ei:
501 3545 568 3625 llla
591 3576 666 3654 que
689 3564 952 3652 precesserunt
974 3547 1073 3626 inter
1097 3575 1166 3626 nos
1191 3546 1346 3625 fuerunt
1368 3545 1501 3630 verba,
1528 3540 1596 3619 sed
1623 3568 1724 3619 nunc

304 3675 480 3753 volumus
503 3677 608 3782 quod
626 3677 764 3783 juretis
789 3676 914 3756 dicere
939 3677 1133 3757 veritatem
1164 3704 1280 3781 super
1305 3675 1478 3781 hiisque
1504 3689 1678 3779 patemus
1703 3699 1724 3746 a

305 3804 422 3880 vobis.
437 3804 487 3883 Et
500 3804 651 3910 juravit.
669 3807 718 3882 Et
735 3805 850 3910 peciit
866 3805 991 3909 primo
1010 3805 1042 3883 si
1060 3821 1140 3885 erat
1152 3805 1279 3884 bonus
1290 3803 1526 3890 Christianus
1545 3819 1583 3880 et
1599 3801 1631 3879 si
1648 3827 1725 3877 ser
1793 3791 1794 3795 ¹

306 3932 414 4009 vebat
436 3931 554 4011 fidem
571 3933 735 4010 Ecclesie
755 3936 944 4022 Romane,
964 3935 997 4013 si
1020 3951 1101 4015 erat
1122 3933 1481 4021 excommunicatus,
1502 3948 1589 4010 voto
1614 3930 1722 4049 alteri

306 4060 479 4168 religioni
509 4060 712 4169 obligatus,
748 4061 1015 4143 matrimoniali
1044 4061 1192 4143 vinculo
1217 4060 1406 4169 alligatus,
1434 4089 1562 4139 seruus
1585 4057 1644 4136 vel
1664 4086 1724 4137 es·
1862 4120 1869 4129 .

305 4193 428 4271 clavus
455 4191 633 4298 alicujus,
650 4192 681 4272 si
703 4192 841 4271 debitis
862 4192 1049 4302 obligatus
1066 4222 1143 4301 qua
1164 4193 1213 4271 de
1231 4221 1302 4271 suo
1322 4192 1465 4273 solvere
1483 4219 1561 4268 non
1579 4206 1722 4296 posset,

306 4325 338 4399 si
354 4322 518 4402 hahebat
535 4321 731 4402 lattentem
751 4323 1025 4412 infirmitatem,
1037 4324 1142 4430 quia,
1157 4323 1189 4403 si
1209 4323 1354 4431 aliquid
1375 4325 1422 4402 de
1442 4320 1724 4429 impedimentis

308 4470 386 4529 erat
404 4454 444 4529 in
462 4481 529 4546 eo,
544 4463 628 4532 ‘non
641 4455 874 4561 reciperetur
891 4455 932 4535 in
954 4456 1088 4535 ordine
1109 4472 1147 4535 et
1165 4472 1340 4562 receptus
1359 4452 1626 4561 expelleretur;
1647 4477 1724 4557 quo

307 4584 560 4690 respondente
576 4613 615 4662 se
633 4613 715 4698 esse
730 4585 876 4664 bonum
890 4586 1163 4678 Christianum,
1182 4584 1348 4667 liberum
1366 4602 1405 4664 et
1421 4582 1571 4663 utillum
1586 4580 1724 4659 habere

307 4715 355 4791 de
383 4714 666 4820 impedimentis
699 4716 894 4823 predictis,
926 4715 1016 4797 fecit
1046 4746 1135 4796 eum
1168 4744 1315 4808 vovere,
1343 4717 1425 4822 ipso
1451 4730 1545 4794 teste
1569 4725 1722 4790 tenente

308 4873 441 4925 manus
455 4874 569 4951 supra
583 4846 742 4939 librum,
759 4848 976 4940 castitatem,
989 4847 1252 4930 obedienciam
1269 4865 1307 4928 et
1320 4847 1441 4927 vivere
1458 4845 1539 4925 sine
1552 4840 1723 4950 proprio,

1549 4981 1598 5043 51.
