4080 6052
333 568 405 638 aar
718 543 914 637 procus
939 562 1035 634 nus
1061 559 1361 634 rennuens

255 786 258 793 ,
327 710 368 782 in
390 705 530 814 quibus
550 703 623 782 fuit
642 717 907 783 commoratus.
937 701 1061 794 Clam,
1083 700 1199 778 nullis
1218 700 1460 807 presentibus
1484 701 1558 778 nisi
1586 700 1760 779 fratribus

331 837 491 929 ordinis,
514 863 647 913 eorum
668 833 843 941 capitulis
860 832 1098 922 tenebantur,
1122 830 1169 907 de
1192 831 1273 921 die,
1291 850 1336 909 ut
1353 831 1501 909 audivit
1519 831 1615 908 dici.
1638 832 1759 909 Credit
1791 870 1793 874 ·

330 968 434 1073 quod
450 984 554 1044 totus
569 965 663 1042 ordo
683 981 860 1042 servasset
878 963 984 1070 quod
1000 990 1157 1070 magnus
1176 961 1353 1069 Magister
1366 991 1455 1038 cum
1478 979 1671 1040 conventu
1685 981 1754 1039 sta-

330 1101 478 1187 tuisset,
501 1115 538 1174 et
557 1095 661 1202 quod
680 1092 807 1171 illicita
828 1093 1034 1171 consessata
1052 1120 1122 1200 per
1142 1119 1231 1169 eum
1250 1109 1374 1170 essent
1392 1109 1484 1169 ncta
1504 1092 1686 1170 fratribus
1703 1121 1752 1170 or·

333 1229 448 1320 dinis,
468 1245 506 1304 ct
524 1227 628 1334 quod
648 1225 802 1332 grandia
821 1223 1010 1312 scandala,
1029 1223 1191 1331 suspicio
1209 1239 1247 1300 et
1260 1223 1410 1300 infamia
1433 1225 1514 1301 sint
1530 1243 1660 1302 exorta
1676 1252 1755 1301 con-

332 1379 389 1436 tra
407 1359 598 1449 ordinem,
621 1375 750 1434 contra
772 1384 887 1464 quem
911 1383 1069 1464 magnus
1088 1355 1265 1461 Magister
1289 1372 1327 1432 et
1348 1355 1410 1431 alii
1431 1356 1621 1434 dicuntur
1639 1356 1754 1463 aliqua

334 1492 447 1567 luisse
467 1487 642 1581 confessi,
667 1488 714 1564 ad
739 1487 846 1593 cujus
867 1485 1140 1564 deffensionem
1160 1485 1305 1563 ordinis
1329 1515 1407 1563 non
1428 1486 1576 1564 obtulit
1595 1517 1633 1564 se
1659 1488 1754 1565 idem

224 1715 226 1719 ‚
335 1621 458 1708 testis,
480 1635 524 1694 ut
542 1618 647 1694 dixit.
753 1655 774 1722 s
933 1627 936 1633 ’

391 1749 607 1855 Requisitus
619 1748 649 1824 si
663 1748 715 1824 sic
729 1749 955 1854 deposuerat
963 1775 1093 1852 prece,
1110 1764 1303 1853 precepto,
1320 1748 1475 1839 timore,
1493 1775 1631 1838 amore,
1647 1750 1748 1840 odio,

336 1880 392 1956 vel
409 1881 569 1958 comodo
581 1878 779 1984 temporali
800 1878 929 1956 habito
946 1877 1004 1953 vel
1023 1877 1217 1966 habendo,
1237 1879 1433 1985 respondit
1452 1878 1563 1985 quod
1581 1906 1671 1968 non,
1689 1881 1752 1956 sed

335 2042 405 2119 pro
427 2014 578 2089 veritate
603 2011 774 2088 dicenda.
801 2011 872 2089 Cui
900 2009 971 2087 luit
995 2010 1207 2117 injunctum
1229 2012 1333 2117 quod
1356 2040 1435 2088 non
1458 2011 1646 2088 revelaret
1666 2012 1754 2087 hanc

336 2172 443 2220 suam
470 2142 749 2248 deposicionem
784 2170 983 2249 quousque
1014 2141 1274 2218 attestaciones
1305 2142 1448 2219 fuerint
1481 2143 1686 2249 publicata.
1714 2144 1753 2218 Et

338 2273 409 2349 luit
428 2289 513 2349 ante
535 2273 814 2380 deposicionem
835 2289 1060 2378 protestatus
1079 2273 1183 2380 quod
1205 2300 1280 2350 non
1299 2273 1526 2352 intendebat
1544 2276 1720 2354 recedere
1738 2305 1754 2350 a

339 2404 577 2509 deposicione
597 2403 809 2510 peripsum
829 2402 921 2481 lacta
943 2431 1068 2480 coram
1091 2402 1191 2480 dicto
1212 2403 1368 2481 domino
1387 2405 1676 2512 archiepiscopo
1695 2408 1757 2483 Re-

339 2561 471 2611 mensi.

393 2798 523 2873 Frater
536 2796 758 2875 Dominicus
778 2796 825 2873 de
840 2796 998 2874 Divione
1018 2798 1198 2884 serviens,
1218 2797 1465 2904 Lingonensis
1484 2798 1659 2886 diocesis,
1679 2828 1752 2906 pre-

339 2945 466 3034 ceptor
484 2929 620 3005 domus
637 2927 786 3032 Templi
806 2926 853 3003 de
872 2927 1063 3035 loigniaco
1082 2928 1312 3006 Senonensis
1332 2929 1513 3020 diocesis,
1529 2933 1633 3009 testis
1650 2958 1752 3037 supra

334 3060 496 3164 juratus,
518 3058 822 3166 septuagenarius
836 3057 896 3135 vel
911 3057 1025 3147 circa,
1047 3086 1125 3135 non
1146 3058 1332 3136 defferens
1349 3061 1581 3139 mantellum
1604 3063 1751 3152 ordinis,

340 3192 429 3295 quia
443 3189 566 3295 ipsum
579 3206 758 3266 vetustate
772 3182 1038 3294 consumpt'um
1051 3190 1261 3266 voluntarie
1280 3190 1495 3280 dimiserat;
1518 3197 1753 3299 postmodum

341 3320 418 3397 radi
440 3318 577 3396 lecerat
596 3319 666 3398 sibi
691 3319 866 3409 barbam,
889 3349 975 3395 cum
1002 3349 1078 3426 quo
1102 3321 1324 3427 inquisitum
1346 3321 1483 3414 suerat,
1507 3325 1703 3403 absolutus
1724 3347 1755 3402 et

340 3450 601 3526 reconciliatus
626 3480 694 3555 per
717 3451 915 3527 dominum
941 3450 1259 3557 archiepiscopum
1287 3454 1508 3529 Remensem
1534 3456 1572 3528 in
1599 3457 1756 3531 concilio

341 3581 527 3656 Remensi.
550 3581 670 3656 Lectis
686 3597 723 3655 et
743 3580 944 3687 diligenter
964 3581 1139 3686 expositis
1154 3582 1225 3658 sibi
1249 3582 1427 3659 omnibus
1442 3600 1477 3657 et
1496 3583 1652 3689 singulis
1672 3589 1753 3660 arti-

341 3711 449 3800 culis,
473 3711 668 3815 respondit
688 3740 725 3786 se
751 3711 893 3787 nescire
920 3740 988 3787 nec
1013 3713 1165 3787 credere
1192 3741 1260 3788 nec
1285 3712 1468 3789 audivisse
1496 3713 1567 3788 dici
1597 3716 1645 3791 de
1672 3746 1755 3791 con-

340 3842 452 3916 tentis
468 3842 506 3914 in
524 3841 577 3916 eis
593 3841 661 3915 nisi
678 3841 781 3947 quod
791 3841 978 3946 sequitur:
992 3871 1078 3917 nam
1095 3840 1214 3920 luerat
1227 3844 1265 3919 in
1278 3829 1411 3919 ordine
1426 3845 1604 3950 agricola,
1620 3875 1687 3923 ner
1703 3850 1753 3921 in-

339 3988 477 4047 tererat
506 3971 675 4076 capitulis
705 4001 858 4060 eorum;
884 4001 953 4048 nec
976 3974 1119 4051 viderat
1144 3975 1184 4050 in
1208 3975 1340 4051 ordine
1367 3975 1483 4079 recipi
1516 3976 1587 4053 nisi
1609 3976 1752 4055 fratrem

341 4103 484 4177 dictum
506 4103 695 4180 Besanzon
718 4104 766 4179 de
791 4102 966 4180 Bisuncio
992 4104 1215 4180 servientem
1240 4105 1455 4211 quondam,
1478 4136 1596 4211 quem
1623 4111 1755 4215 recepit

340 4230 452 4307 frater
476 4233 633 4310 Anrieus
660 4235 705 4309 de
730 4233 825 4310 Dola
849 4235 1012 4312 serviens
1036 4236 1250 4341 quondam,
1273 4237 1449 4343 magister
1466 4239 1625 4346 passagii
1652 4240 1756 4316 ultra-

341 4363 491 4449 marini,
518 4364 669 4440 instanti
697 4359 811 4441 estate
838 4383 948 4441 erunt
974 4392 1044 4442 xxx
1069 4366 1157 4441 anni
1175 4365 1235 4441 vel
1260 4366 1370 4458 circa,
1394 4367 1433 4440 in
1463 4368 1608 4471 capella
1630 4370 1756 4447 domus

339 4492 486 4597 Templi
522 4494 568 4570 de
595 4495 776 4585 Divione,
808 4512 980 4599 presente
1015 4495 1128 4572 fratre
1160 4497 1317 4574 Diderio
1355 4499 1401 4574 de
1433 4501 1558 4599 Buris·
1581 4503 1755 4578 serviente

340 4620 547 4721 quondam,
572 4625 611 4699 in
635 4654 708 4730 qua
732 4625 886 4731 quidem
913 4627 1132 4732 recepcionc
1153 4626 1211 4704 vel
1237 4647 1320 4734 post
1340 4657 1416 4706 non
1440 4631 1537 4708 vidit
1564 4661 1637 4708 nec
1662 4633 1755 4711 scivit

338 4747 481 4852 aliquid
500 4752 673 4829 illicitum
695 4757 764 4863 agi.
792 4757 874 4861 lpse
900 4773 1024 4833 autem
1050 4759 1156 4835 testis
1180 4777 1352 4864 receptus
1378 4759 1518 4850 fuerat,
1549 4764 1673 4867 prima
1701 4762 1752 4838 die

338 4877 529 4955 Adventus
552 4909 672 4985 nuper
696 4883 787 4986 lapsi
812 4885 963 4963 fuerunt
993 4915 1013 4963 a
1037 4889 1124 4965 anni
1145 4889 1202 4965 vel
1224 4891 1339 4978 circa,
1359 4892 1398 4965 in
1424 4893 1523 4968 dicta
1546 4894 1689 4999 capella
1709 4893 1750 4968 de
