4080 6052
484 530 681 622 moces
709 548 805 620 uus
830 548 1130 624 esurimus,
1442 558 1512 629 251

97 707 226 769 contre
255 689 427 771 ordinem
456 686 811 777 fueruntcoufessi¹
832 689 919 767 licet
943 691 1138 768 examinati
1167 689 1325 768 fuissent
1348 721 1416 798 per
1440 697 1519 799 epi-

96 850 251 928 smpum
270 820 607 899 Cenomanensem.

150 955 266 1040 Item,
293 954 437 1031 eisdem
458 952 521 1029 die
546 969 584 1031 et
610 950 695 1030 loco
725 952 882 1031 bierunt
904 953 1018 1033 simui
1041 953 1192 1030 adducti
1222 981 1347 1033 coram
1374 956 1517 1033 eisdem

97 1086 262 1167 dominis
281 1083 546 1164 commissariis
562 1081 695 1161 fratres
715 1084 932 1191 subscripti,
951 1086 1017 1192 qni
1037 1084 1188 1162 adducti
1207 1084 1322 1164 fuisse
1343 1086 1518 1165 diceban-

96 1234 160 1294 tur
179 1215 229 1294 de
249 1215 390 1294 diocesi
406 1216 704 1304 cenomanensi,
726 1216 900 1293 videlicet
917 1215 1048 1294 fratres
1071 1217 1111 1292 P.
1135 1215 1183 1294 de
1208 1217 1375 1295 Marvilla
1392 1220 1515 1308 miles,

98 1348 359 1438 Camotmsis,
370 1365 414 1424 ‘et
428 1347 617 1425 Johannes
637 1347 685 1424 de
704 1346 858 1424 Partitis
876 1346 1117 1426 Carnotensis
1133 1346 1302 1426 diocesis.
1324 1349 1401 1442 Qui
1418 1350 1519 1456 sigil-

96 1479 202 1557 latim
221 1479 390 1587 requisiti
408 1479 441 1558 si
458 1478 637 1557 sotebant
652 1476 796 1556 dietum
813 1478 985 1556 ordinem
1003 1478 1223 1568 defendere,
1241 1481 1519 1585 responderunt

96 1609 254 1717 quodsi
278 1627 401 1688 essent
421 1610 584 1707 restituti
606 1610 762 1716 pristine
782 1610 944 1688 libertati
967 1629 1005 1687 et
1027 1595 1211 1687 baberent
1235 1611 1516 1689 restitucionem

96 1740 286 1820 bonorum
311 1768 488 1834 suorum,¹
508 1740 849 1848 ipsidefenderent
870 1741 1013 1820 dictum
1037 1742 1210 1820 ordinem
1233 1759 1426 1849 tamquam
1448 1744 1517 1819 bo-

96 1901 190 1950 num
210 1892 249 1951 et
267 1874 427 1983 legalem
451 1889 581 1951 contre
600 1897 754 1951 omnem
771 1870 983 1965 hominem,
1006 1874 1167 1979 exceptis
1182 1871 1345 1951 dominis
1364 1876 1461 1978 Papa
1481 1893 1518 1950 et

95 2004 207 2109 Rege.

107 2174 110 2177 ·
152 2133 243 2209 Acta
261 2131 418 2210 fuerunt
440 2134 511 2210 hec
532 2132 711 2238 predictis
735 2134 797 2211 die
821 2150 861 2210 et
881 2134 966 2211 loco
986 2134 1193 2240 per‘dictos
1216 2133 1391 2211 dominos
1415 2162 1517 2212 com-

98 2263 303 2352 missarios,
336 2260 576 2369 presentibus
614 2290 676 2339 me
714 2262 968 2341 Fioriamonte
1007 2281 1049 2374 et,
1084 2265 1165 2340 aliis
1209 2264 1363 2342 notariis
1406 2293 1517 2370 supra

95 2396 266 2499 proximo
285 2392 497 2472 nominetis.
584 2462 587 2470 .
744 2392 747 2401 '

152 2659 241 2735 Post
256 2657 343 2746 hee,
366 2657 428 2734 die
448 2658 555 2733 Lnne
574 2653 764 2759 sequenti,
786 2676 862 2760 que
877 2646 951 2730 his
963 2652 1101 2733 lvdies
1119 2655 1259 2732 mensis
1278 2655 1374 2761 May,
1394 2683 1519 2732 conve

95 2804 234 2864 nerunt
248 2786 407 2893 predicti
425 2784 570 2862 domini
591 2782 852 2869 commissarii,
874 2783 1035 2890 exceptis
1052 2783 1216 2860 dominis
1233 2781 1463 2861 Narbonensi
1482 2804 1520 2862 et

95 2918 304 3025 Bojocensi‚
324 2914 726 3023 ¹utsupraexcusatis,
747 2916 792 2990 ¹iu
816 2914 912 2990 diota
931 2914 1070 3020 capelia
1092 2914 1207 2991 sancti
1231 2913 1380 3020 etegit,
1399 2917 1518 3021 parati

95 3045 575 3154 testes‘reeipermaudire
595 3052 639 3122 'et
659 3046 887 3135 examinare,
908 3046 939 3123 si
963 3047 1029 3153 qni
1054 3045 1102 3122 ad
1129 3071 1262 3123 eorum
1285 3047 1517 3151 presenciam

97 3179 394 3270 adducerentun·
403 3196 457 3259 tet·
467 3177 673 3284 procedere
690 3175 733 3252 in
745 3176 853 3254 'dicto
873 3178 1047 3285 negocio,
1068 3193 1111 3254 ut
1130 3176 1329 3253 deberent·
1341 3178 1518 3284 Cumque

96 3298 351 3391 nullustesti's
369 3308 785 3416 produceretur-comm
803 3309 857 3386 eis
873 3309 938 3416 qui
959 3308 1188 3386 examinatus
1208 3333 1284 3383 non
1301 3305 1433 3384 fiiisset
1450 3336 1519 3412 per

96 3440 294 3519 dominnm
316 3427 674 3546 nmtrnm-Papem-,·
694 3466 765 3516 nec
790 3440 990 3517 commode
1013 3456 1166 3545 possent
1188 3438 1331 3514 ibidem
1355 3437 1515 3529 habere,

94 3588 137 3648 ut
156 3559 577 3661 eisdemvdictum‘fnin
591 3586 638 3648 et
660 3586 915 3676 expectassent
928 3596 1056 3676 usque
1082 3567 1132 3643 ed
1165 3568 1297 3645 horem
1322 3567 1518 3643 comestio-

93 3702 171 3788 nis,
195 3702 283 3778 dicti
304 3703 449 3779 domini
469 3701 715 3781 commissarii
740 3702 1000 3792 continuantes
1025 3726 1147 3806 usqne
1170 3697 1435 3775 incrastinum
1460 3724 1518 3772 re·

94 3848 295 3911 cesserunt.
401 3868 405 3873 ·
440 3860 448 3877 ·
562 3886 564 3890 ι
671 3874 696 3886 1-

149 3962 243 4039 'Aeta
261 3961 416 4039 fuerent
433 3963 504 4040 ben
527 3963 705 4068 predictis
725 3964 787 4041 die
812 3980 851 4041 et
868 3965 953 4042 loco
981 3991 1050 4070 pcr
1073 3963 1192 4039 dictos
1214 3961 1388 4038 dominos
1415 3988 1517 4035 com-

94 4092 305 4183 missarios,
341 4090 581 4199 presentibus
619 4119 681 4170 me
725 4092 978 4170 Floriamonte
1019 4109 1057 4169 et
1095 4092 1176 4169 siiis
1214 4091 1367 4168 notariis
1404 4118 1515 4195 supra

93 4225 266 4328 proximo
285 4223 504 4312 nominatis,
522 4238 676 4328 excepto
694 4222 900 4320 Guillelmo
919 4222 1119 4328 Redulphi.
1208 4287 1209 4290 ,
1344 4249 1350 4255 ·

151 4484 343 4575 Post-hec,
356 4484 418 4564 die
435 4485 566 4564 Martis
576 4485 766 4593 sequenti,
783 4510 858 4592 que
877 4485 989 4564 faiitv
1010 4486 1090 4563 dies
1108 4485 1248 4563 mensis
1264 4484 1368 4574 Maii,
1385 4512 1516 4562 conve·

91 4631 233 4693 nerunt
249 4616 288 4692 in
306 4617 404 4695 dicta
423 4617 564 4725 capelle
582 4617 697 4696 saneti
714 4617 849 4724 Etsgii
867 4616 998 4725 prefati
1018 4617 1161 4695 domini
1179 4618 1438 4704 commissarii,
1453 4646 1527 4694 ex··

93 4763 200 4852 cepto
213 4745 370 4828 domino
384 4749 600 4858 bajocensi,
613 4777 725 4857 snpra
742 4765 930 4842 excusato,
946 4766 1089 4826 etcum
1107 4765 1221 4828 testes
1239 4751 1305 4857 qui
1325 4777 1435 4858 supra
1450 4750 1512 4856 ju-

92 4894 265 4955 raverant
285 4894 323 4956 et
347 4879 544 4958 examinati
569 4863 647 4960 non
670 4879 820 4959 fixerant
844 4907 915 4987 per
933 4880 1108 4959 dominos
1129 4880 1402 4961 commissarios
1427 4896 1510 4957 ante
