4148 6052
335 543 410 615 sar
726 517 918 611 esoces
943 535 1039 606 oss
1064 533 1363 606 rsurnruns.

334 682 554 761 auctoritate
586 678 771 765 notarius,
802 677 909 754 testis
937 702 1049 779 supra
1065 675 1235 781 juratus,
1258 674 1324 781 qui
1354 672 1419 749 die
1447 675 1553 750 Lune
1581 674 1762 779 proximo

334 809 520 916 preterita,
534 808 758 908 deposuerat
772 834 897 883 coram
922 803 1032 881 dictis
1047 802 1224 881 dominis.
1235 801 1510 895 commissoriis,
1526 803 1711 882 omnibus
1723 824 1765 883 et

338 938 494 1047 singulis
509 936 674 1013 articulis
693 936 765 1013 sibi
790 935 896 1013 lectis
920 952 958 1010 et
977 960 1044 1039 per
1066 961 1154 1009 eum
1174 933 1276 1022 visis,
1303 946 1341 1010 et
1357 961 1443 1010 cum
1462 962 1533 1040 per
1551 933 1671 1011 dictos
1686 935 1763 1014 do·

340 1072 463 1146 minos
483 1067 757 1144 commissarios
781 1067 995 1174 injunctum
1018 1061 1154 1154 luerat,
1177 1064 1216 1141 in
1232 1063 1369 1141 virtute
1383 1063 1591 1172 juramenti
1611 1066 1759 1171 prestiti

339 1227 407 1304 per
422 1196 617 1286 eumdem,
638 1197 742 1303 quod
761 1196 899 1272 dictam
921 1192 1202 1299 disposicionem
1221 1222 1344 1285 suam,
1366 1193 1532 1271 fideliter
1546 1194 1588 1271 in
1612 1195 1760 1302 scriptis

339 1329 544 1413 redactam,
571 1324 754 1402 hodierna
780 1325 841 1401 die
872 1322 1029 1400 defferet
1056 1322 1217 1412 eisdem,
1247 1324 1288 1401 in
1312 1323 1483 1429 ipsorum
1512 1324 1760 1404 dominorum

340 1455 532 1561 presencia
559 1454 800 1542 constitutus,
835 1453 973 1530 detulit
995 1453 1201 1560 quemdum
1233 1451 1400 1531 rotulum
1428 1454 1645 1562 pergameni
1670 1457 1761 1533 scri·

338 1603 468 1692 ptum,
493 1586 531 1661 in
548 1613 623 1690 quo
645 1583 801 1662 asseruit
821 1611 902 1662 esse
921 1582 1202 1688 deposicionem
1217 1611 1322 1660 suam
1340 1581 1565 1689 predictam
1581 1604 1620 1662 et
1634 1587 1759 1664 dictus

341 1716 487 1792 rotulus
511 1742 556 1791 eo
579 1733 753 1820 presente
772 1713 894 1791 lectus
916 1712 990 1790 fuit
1014 1742 1139 1791 coram
1165 1714 1274 1791 dictis
1302 1713 1467 1792 dominis
1493 1716 1757 1794 commissoriis

340 1846 554 1935 antedictis,
582 1861 620 1921 et
642 1872 710 1948 per
729 1844 990 1950 juramentum
1010 1871 1123 1921 suum
1145 1843 1322 1949 deposuit
1342 1845 1439 1921 sicut
1465 1845 1504 1920 in
1528 1844 1609 1950 ipso
1629 1846 1757 1923 rotulo

342 1978 568 2065 continetur,
600 2002 677 2051 non
706 2001 834 2080 prece,
860 2000 936 2049 non
962 1973 1117 2064 timore,
1147 2001 1217 2050 nec
1244 2001 1391 2063 amore,
1419 2002 1489 2051 nec
1513 1977 1661 2080 precio,
1691 2004 1759 2054 nec

342 2107 450 2196 odio,
472 2135 541 2183 noc
563 2104 725 2182 comodo
745 2102 943 2209 temporali
963 2101 1093 2180 habito
1118 2103 1177 2179 vel
1205 2103 1397 2196 habendo,
1426 2105 1496 2182 sed
1517 2133 1587 2211 pro
1604 2105 1757 2185 veritate

344 2234 514 2312 dicende.
536 2235 607 2313 Cui
628 2232 699 2309 luit
718 2232 932 2339 injunctum
951 2260 1019 2337 per
1036 2232 1155 2309 dictos
1175 2233 1350 2311 dominos
1366 2235 1642 2312 commissarios
1656 2238 1759 2342 quod

343 2393 422 2441 non
441 2364 623 2443 revelaret
640 2366 735 2441 hanc
754 2391 861 2439 suam
878 2361 1160 2466 deposicionem
1181 2390 1379 2470 quousque
1396 2367 1657 2443 attestaciones
1679 2365 1760 2443 fue·

343 2496 419 2572 rint
438 2493 638 2601 publicate.

398 2625 497 2702 Dicti
517 2640 643 2700 autem
661 2623 776 2701 rotuli
795 2640 906 2700 tenor
924 2624 1010 2701 talis
1029 2641 1086 2702 est
1104 2656 1112 2700 :

400 2756 442 2831 ln
462 2755 532 2831 Dei
551 2754 726 2846 nomine,
749 2781 872 2831 amen.
897 2755 974 2829 Hec
998 2772 1056 2831 est
1078 2755 1268 2859 deposicio
1294 2757 1370 2833 mei
1394 2757 1571 2835 Anthonii
1598 2761 1683 2866 Syci
1708 2762 1759 2841 de

344 2885 538 2972 Vercellis,
559 2883 759 2990 apostolica
779 2899 817 2960 et
842 2882 1028 2988 imperiali
1053 2884 1271 2993 auctoritate
1295 2886 1428 2962 notarii
1449 2886 1615 2994 publici,
1643 2917 1759 2996 quam

345 3011 413 3086 leci
443 3041 557 3118 super
574 3014 647 3089 hiis
666 3041 741 3120 que
757 3013 833 3090 vidi
853 3030 892 3089 et
920 3012 1043 3088 audivi
1072 3014 1119 3090 de
1143 3014 1257 3120 gestis
1277 3013 1433 3092 fratrum
1453 3033 1493 3093 ot
1513 3044 1759 3123 personarum

346 3139 489 3216 ordinis
513 3141 652 3217 milicie
671 3141 839 3247 Templi,
863 3142 1100 3247 temporibus
1119 3146 1326 3236 retroactis,
1353 3144 1451 3223 ultra
1470 3172 1576 3223 mare
1596 3165 1635 3225 et
1653 3148 1757 3236 citra,

347 3269 385 3343 in
399 3269 590 3373 presencia
604 3268 899 3345 reverendorum
920 3271 958 3344 in
979 3260 1129 3348 Christo
1148 3289 1296 3377 patrum
1316 3274 1550 3354 Mimatensis
1569 3293 1608 3353 et
1627 3279 1758 3355 Lemo·

345 3399 501 3476 vicensis
515 3400 795 3505 episcoporum,
812 3399 989 3505 adjuncto
1011 3401 1153 3478 eisdem
1167 3405 1379 3482 venerando
1396 3423 1504 3510 patre
1519 3407 1673 3485 domino
1685 3410 1759 3484 lda-

345 3528 436 3605 theo
454 3528 618 3605 Caraaoli
644 3527 906 3605 archidiacono
926 3530 1217 3638 Rothomagensi
1242 3562 1283 3608 ac
1303 3533 1448 3610 domini
1479 3538 1573 3641 Pape
1592 3538 1754 3623 notario,

347 3687 527 3734 unacum
552 3658 754 3735 venerabili
782 3686 824 3734 ac
848 3658 1011 3737 discreto
1034 3661 1114 3738 viro
1141 3662 1294 3740 domino
1324 3665 1587 3744 archidiacono
1600 3667 1758 3743 Triden-

246 3848 254 3861 .
347 3789 428 3866 tino
462 3817 503 3865 ae
537 3789 681 3864 domini
711 3790 808 3894 Papo
837 3790 1045 3895 capellano,
1075 3809 1113 3868 et
1139 3792 1325 3870 dictorum
1359 3795 1626 3904 episcoporum
1656 3815 1758 3875 nota·

346 3919 430 4009 riis,
467 3947 580 4024 super
611 3919 886 3996 examinacione
916 3921 1083 4024 ipsorum
1112 3924 1415 4028 Templariorum
1445 3945 1484 4003 et
1515 3956 1757 4032 personarum

347 4048 516 4155 ejusdem
537 4047 680 4126 ordinis
707 4049 875 4126 facienda
891 4079 1004 4157 super
1028 4054 1217 4130 erroribus
1237 4056 1422 4134 contentis
1445 4058 1485 4133 in
1504 4059 1675 4136 articulis
1695 4060 1759 4138 eis·

348 4178 435 4254 dem
454 4179 572 4255 missis
585 4208 605 4254 a
620 4180 717 4256 Sede
733 4178 943 4283 Apostolioa
956 4181 1014 4259 vel
1033 4182 1194 4260 directis.
1216 4185 1259 4260 ln
1275 4187 1407 4321 prpmis
1421 4216 1519 4265 anno
1533 4219 1554 4265 a
1570 4191 1758 4267 Nativitate

345 4306 497 4384 Domini
518 4308 720 4386 millesimo
741 4322 869 4399 111⁰x10,
887 4310 1091 4389 indictione
1109 4341 1227 4401 nona,
1241 4316 1361 4419 prima
1379 4317 1442 4393 die
1456 4320 1598 4395 mensis
1616 4318 1756 4407 Marcii,

344 4437 582 4538 pontificatus
602 4439 747 4515 domini
767 4439 990 4529 Clementis,
1010 4440 1134 4520 divina
1153 4445 1392 4548 providencia
1410 4476 1508 4553 pape
1521 4450 1648 4557 quinti
1664 4476 1757 4528 anuo

344 4584 462 4653 sexto,
495 4567 632 4645 auditis
663 4566 828 4645 articulis
853 4572 1070 4651 memoratis
1094 4573 1188 4649 mihi
1215 4574 1323 4653 lectis
1350 4593 1387 4654 et
1416 4577 1621 4685 diligenter
1650 4608 1756 4687 expo-

345 4695 439 4785 sitis,
470 4726 582 4800 super
608 4699 763 4775 articulo
784 4699 971 4805 loquente
999 4702 1047 4778 de
1071 4704 1255 4811 principio
1281 4734 1348 4783 seu
1380 4708 1571 4785 creacione
1598 4711 1752 4796 ordinis,

346 4825 502 4930 deposui
523 4826 627 4929 quod
642 4827 738 4903 ultra
757 4857 875 4917 mare,
902 4831 994 4909 dum
1015 4860 1101 4910 curn
1117 4834 1206 4940 ipsis
1228 4836 1473 4943 Templariis,
1492 4856 1582 4916 sunt
1602 4840 1751 4946 quadra·
