4080 6052
340 533 412 602 sse
697 470 918 651 'panosus
944 530 1038 603 nus
1064 530 1365 607 ruurmnns.
1418 469 1422 476 ’

336 699 429 777 quas
449 671 540 746 alias
562 668 844 747 observaciones
869 669 958 752 dicti
983 669 1127 747 ordinis
1153 671 1270 748 licitas
1298 689 1336 748 et
1355 673 1530 749 honestas
1548 671 1685 750 retudit
1704 675 1757 767 ei,

335 817 494 907 postque
523 817 760 877 recesserunt
785 782 877 877 dict—i
907 799 1040 876 fratres
1070 800 1136 906 qui
1167 802 1339 890 aderant,
1366 803 1486 879 nescit
1509 803 1540 879 si
1570 803 1621 880 de
1651 829 1757 882 man-

337 933 423 1008 dato
440 931 659 1038 recepturis,
676 930 765 1036 quia
783 931 863 1036 ipse
882 929 1004 1018 testis,
1026 930 1122 1008 sicut
1137 932 1247 1025 dixit,
1268 949 1447 1039 posuerat
1461 959 1500 1010 se
1520 954 1647 1010 coram
1665 960 1754 1040 qua-

337 1063 423 1137 dam
440 1061 611 1168 ymagine
625 1059 734 1136 beate
754 1060 869 1136 Maris
888 1059 1068 1136 existente
1085 1060 1124 1137 in
1138 1061 1243 1171 altari
1257 1063 1307 1139 ad
1323 1061 1529 1139 dicendum
1546 1064 1663 1141 Pater
1673 1064 1754 1142 Noa-

284 1184 288 1193 ’
336 1208 407 1279 ter,-
427 1208 585 1298 postque
607 1190 730 1267 dictus
758 1207 932 1296 receptor
953 1191 1095 1267 vocavit
1117 1216 1206 1268 eum
1224 1192 1332 1298 juxta
1356 1194 1563 1298 quamdam
1576 1197 1748 1286 arebam,

335 1322 373 1397 in
393 1351 467 1428 qua
485 1322 711 1399 tenebantur
730 1337 950 1398 ornamenta
970 1321 1094 1398 altaris
1112 1348 1225 1428 supra
1244 1348 1359 1429 quam
1379 1341 1459 1400 erat
1478 1325 1644 1429 quedam
1664 1353 1751 1403 crux

334 1453 472 1559 lignea,
493 1469 533 1528 et
556 1453 724 1557 precepit
747 1453 781 1527 ei
808 1451 914 1557 quod
935 1451 976 1526 in
1001 1451 1222 1557 despectum
1241 1454 1312 1531 Dei
1333 1471 1487 1560 spueret
1509 1479 1623 1560 supra
1643 1484 1750 1533 eam:

334 1600 372 1658 et
398 1580 568 1688 ipseluit
592 1580 897 1687 stupefactus‚et
915 1582 1055 1689 incepit
1074 1583 1186 1670 flere,
1211 1600 1250 1660 et
1274 1602 1445 1690 receptor
1468 1585 1562 1661 dixit
1589 1587 1749 1692 siquod

336 1711 652 1800 conturbaretur,
667 1711 820 1818 quisita
836 1711 1000 1789 debebat
1009 1711 1130 1790 facere
1144 1713 1354 1790 secundum
1369 1713 1643 1791 observancism
1657 1716 1748 1792 reli-

270 1948 272 1952 *
334 1844 455 1949 gioms
475 1868 626 1930 eorum,
646 1859 684 1920 et
699 1858 792 1918 tunc
807 1843 886 1947 ipse
905 1843 1012 1918 testis
1027 1841 1134 1919 linxit
1153 1869 1193 1920 se
1209 1869 1346 1948 spuere
1365 1870 1479 1950 super
1495 1870 1593 1936 eam,
1610 1871 1685 1922 uon
1699 1865 1749 1923 ta·

334 2003 422 2051 men
449 1973 571 2078 spuita
595 1973 687 2049 dixit
707 1973 741 2050 ei
767 1973 921 2078 insuper
945 1972 1067 2049 dictus
1097 1990 1268 2079 receptor
1296 1975 1402 2080 quod
1427 1989 1581 2081 negaret
1606 1977 1747 2067 Deum

266 2132 269 2137 ·
334 2120 373 2179 et
391 2105 467 2209 ipse
484 2103 589 2210 testis
607 2102 724 2181 nicbil
741 2102 936 2209 respondit
952 2130 1022 2179 nec
1038 2104 1202 2211 negavit,
1221 2121 1265 2181 ut
1281 2105 1388 2196 dixin
1406 2105 1655 2210 postmodum
1669 2130 1749 2211 pre·

334 2232 436 2346 cepit·
451 2234 485 2311 ei
505 2234 610 2340 quod
630 2234 861 2310 oscularetur
880 2262 969 2310 eum
986 2234 1027 2309 in
1046 2259 1136 2321 ano,
1158 2251 1197 2312 st
1214 2235 1294 2340 ipss
1312 2237 1419 2314 testis
1437 2230 1570 2312 levavit
1590 2235 1749 2342 aliquam

333 2363 459 2440 tulum
480 2363 607 2441 solum
632 2364 854 2441 mantellum
874 2364 992 2469 ipsius
1011 2364 1213 2470 receptoria
1232 2363 1378 2471 lingens
1399 2391 1439 2442 se
1460 2364 1621 2442 osculari
1643 2393 1746 2454 eum,

332 2495 399 2571 scd
418 2520 495 2572 non
516 2493 589 2573 fuit
605 2495 805 2573 osculatus.

388 2626 500 2713 Item,
516 2627 563 2702 ad
580 2628 759 2733 quintum
775 2640 815 2701 et
831 2647 944 2701 uvsu
962 2641 1179 2730 sequentes,
1194 2626 1241 2702 de
1263 2625 1591 2732 dogmatiaacione,
1606 2628 1749 2704 ooncul

331 2758 480 2833 cacione
496 2758 631 2846 crucis,
644 2773 742 2844 cato,
754 2755 1009 2843 sacramentis,
1022 2757 1126 2861 quod
1137 2755 1230 2870 layci
1243 2755 1478 2832 absolverent
1490 2783 1511 2831 a
1523 2758 1694 2863 peccatis,
1707 2775 1744 2833 et

333 2887 486 2973 osculis,
508 2886 703 2992 respondit
722 2912 762 2962 se
784 2884 902 2962 nichil
921 2885 1015 2962 scire
1031 2885 1103 2962 uisi
1124 2873 1229 2991 quod
1244 2912 1354 2991 supra
1375 2887 1569 2992 deposuit,
1582 2887 1744 2964 adiciens

332 3016 437 3117 quod
458 3017 496 3091 in
513 3018 574 3093 die
598 3017 756 3096 Veneris
772 3033 897 3092 sancta
918 3017 1063 3101 devote,
1078 3016 1285 3094 adorabant
1301 3043 1467 3104 crucem,
1488 3033 1526 3093 et
1545 3017 1648 3123 quod
1667 3019 1744 3126 ipse

331 3143 429 3220 bene
454 3146 631 3222 credebat
649 3146 888 3222 sacramentis
907 3146 1090 3234 Ecclesia,
1112 3162 1152 3223 et
1170 3149 1290 3224 credit
1308 3147 1413 3253 quod
1433 3146 1496 3223 dii
1517 3146 1650 3225 fratres
1669 3176 1746 3225 cre-

332 3274 482 3362 derent;
502 3277 570 3352 sed
588 3276 714 3353 minus
732 3275 804 3352 fuit
824 3277 1054 3381 appreciatus
1074 3277 1184 3352 illum
1208 3279 1272 3382 qui
1296 3278 1440 3384 recepit
1464 3304 1570 3369 eum,
1592 3296 1745 3384 propter

331 3405 484 3511 illaque
504 3407 671 3512 precepit
685 3406 740 3494 ei,
756 3406 875 3483 nescit
889 3422 1015 3484 tamen
1036 3407 1066 3482 si
1085 3408 1261 3483 credebat
1281 3408 1519 3484 sacramentis
1538 3408 1712 3484 Ecclesie.

386 3538 497 3627 Item,
525 3553 698 3614 contenta
724 3536 762 3611 in
788 3563 992 3624 xxxin-vui,
1011 3537 1067 3613 de
1092 3538 1325 3645 juramento,
1353 3536 1594 3643 professione,
1625 3536 1740 3612 clam·

330 3666 581 3743 destinacione
603 3684 641 3743 et
660 3667 890 3771 suspicione,
913 3668 1110 3773 respondit
1130 3697 1168 3744 se
1189 3669 1343 3744 credere
1363 3696 1447 3743 vera
1468 3693 1556 3743 esse.

382 3798 493 3887 ltem,
517 3798 564 3873 de
584 3798 767 3875 contentis
788 3797 828 3871 iu
845 3824 892 3873 xe
911 3813 949 3873 et
967 3824 1026 3874 xxi
1047 3781 1309 3903 sequentibus,
1332 3800 1378 3874 de
1400 3797 1556 3873 crimine
1577 3797 1742 3872 sodomi·

326 3928 416 4014 tico,
433 3927 554 4034 ydolis
574 3944 612 4003 et
626 3927 801 4013 cordulis,
822 3927 1017 4032 respondit
1034 3956 1073 4004 se
1091 3928 1207 4038 nichil
1229 3930 1337 4015 scire,
1362 3929 1435 4004 boc
1457 3945 1611 4033 excepto
1640 3929 1740 4034 quod

326 4057 396 4133 suit
410 4059 445 4134 ei
460 4059 618 4145 dictum,
642 4058 679 4132 in
695 4059 913 4163 recepcione
929 4085 1014 4144 sua,
1034 4058 1139 4164 quod
1158 4059 1205 4133 de
1223 4076 1331 4135 nocte
1346 4059 1487 4164 jaceret
1506 4087 1593 4133 cum
1614 4059 1741 4162 pannis

326 4189 403 4264 suis
424 4188 533 4266 lineis
553 4207 591 4265 et
609 4189 820 4294 cingeretur
837 4187 1001 4293 desuper
1020 4217 1096 4265 uno
1117 4189 1279 4294 cingulo.

382 4319 493 4407 ltem,
521 4321 567 4395 ad
586 4347 658 4397 unu
683 4336 721 4395 et
742 4345 868 4395 xxxrsn
885 4337 1084 4425 sequentes
1115 4320 1311 4426 respoudit
1333 4318 1438 4425 quod
1463 4319 1555 4393 citra
1579 4347 1682 4395 mare
1708 4337 1739 4394 et

325 4448 421 4526 ultra
433 4479 552 4539 mare,
568 4450 712 4556 ubique
727 4449 766 4524 in
787 4448 935 4535 ordine,
957 4450 1183 4536 servabatur,
1206 4451 1302 4527 sicut
1325 4449 1459 4536 credit,
1482 4449 1586 4525 idem
1609 4450 1739 4526 medus

324 4582 551 4684 recepcionis
569 4583 638 4687 qui
656 4579 728 4657 fuit
752 4597 918 4658 servatus
939 4581 977 4656 in
998 4608 1061 4670 eo,
1083 4610 1153 4657 nec
1172 4582 1240 4658 scit
1261 4581 1422 4687 qualiter
1440 4581 1602 4657 fuissent
1622 4580 1736 4687 puniti

324 4709 388 4811 qui
410 4708 618 4786 noluissent
637 4709 756 4787 lacere
775 4710 960 4817 predicta,
981 4739 1051 4787 nec
1069 4712 1135 4817 qui
1156 4740 1199 4788 ea
1218 4712 1460 4799 revelassent,
1487 4711 1621 4787 seder
1641 4711 1737 4817 jura·

324 4854 451 4914 mento
470 4838 694 4915 tenebantur
713 4869 789 4917 non
807 4841 987 4930 revelare,
1010 4870 1081 4918 nec
1099 4859 1272 4948 poterant
1292 4845 1372 4919 sine
1395 4842 1549 4919 licencia
1570 4839 1735 4920 confiteri
