4080 6052
291 543 366 615 eee
677 503 873 607 eneces
899 529 994 604 nes
1011 527 1323 603 rennuens:

292 681 526 760 aliis'coram
554 678 624 766 eis,
654 675 817 784 qualiter
846 671 916 779 ipsi
942 654 1088 748 demini
1117 698 1307 748 unacum
1335 668 1490 777 collegis
1509 670 1591 749 suis
1611 689 1720 751 erant

291 813 395 898 missi
421 829 460 888 et
479 809 654 916 deputati
679 835 747 914 per
775 803 974 883 dominum
1001 801 1140 909 Papam
1164 801 1213 878 nd
1237 800 1510 909 inquirendum
1531 802 1576 878 in
1601 831 1718 912 regno

290 943 445 1022 Francie
470 957 598 1018 contra
622 938 796 1017 ordinem
815 933 1121 1041 Templariorum
1146 958 1265 1041 super
1286 931 1452 1010 articulis
1477 933 1531 1010 eis
1555 962 1628 1042 per
1649 934 1717 1013 do-

292 1075 440 1153 minum
459 1073 598 1178 Papam·
615 1070 766 1160 missis,
778 1085 818 1146 et
834 1065 1269 1175 qualiteripsi-domini
1291 1093 1362 1171 per
1386 1048 1501 1142 suum
1520 1065 1716 1172 publicum

293 1202 482 1283 eitacionis
509 1202 679 1280 edictum
702 1201 905 1278 citaverant
927 1194 1060 1274 fratres
1079 1195 1171 1272 dicti
1191 1194 1336 1273 ordinis
1359 1195 1599 1302 qui-<dictum
1619 1197 1718 1275 ordi-
1749 1224 1754 1232 ·

293 1363 381 1412 nem
401 1331 543 1409 vellent
560 1330 785 1417 defendere,
806 1346 845 1406 et
862 1326 1030 1435 qualiter·
1043 1308 1155 1403 multi
1174 1323 1307 1403 fratres
1326 1340 1482 1431 propter
1499 1327 1575 1405 hoc
1594 1327 1718 1405 adeo

293 1495 380 1544 rum
404 1462 637 1571 presenciam
660 1477 841 1539 venerant
854 1476 901 1536 ¹et
923 1487 964 1537 ss
989 1456 1201 1536 defensioni
1222 1455 1312 1534 dicti
1332 1456 1477 1535 ordinis
1501 1456 1718 1537 obtulerant

295 1624 421 1674 coram
440 1594 511 1686 eis,
530 1592 763 1701 subjungens
779 1590 884 1700 quod
903 1590 974 1696 ipsi
987 1590 1067 1696 jam
1088 1587 1308 1667 audiverant
1328 1605 1367 1665 et
1387 1617 1431 1664 ex
1450 1590 1716 1669 verisimilibus

294 1725 518 1836 conjecturis
534 1724 776 1803 timebant-et
790 1720 995 1801 eredebant
1011 1720 1118 1829 quod
1137 1721 1315 1799 dominus
1326 1721 1635 1828 ¹archiepiscopus
1652 1724 1718 1801 Se-

295 1856 473 1934 nonensis
496 1883 584 1931 cum
607 1855 684 1932 suis
702 1852 954 1960 suffraganeis
978 1852 1124 1957 aliquos
1148 1879 1362 1957 processus,
1388 1852 1548 1929 crastina
1569 1853 1648 1945 die,
1674 1854 1713 1928 in

294 2014 364 2065 suo
392 1984 609 2092 provinciali
639 1983 796 2063 concilio
826 1983 991 2061 Parisios
1018 1997 1237 2071 convocato,
1266 1980 1386 2059 faeere
1413 1980 1564 2059 volebat
1574 2014 1581 2025 ··
1590 1999 1716 2062 contra

294 2117 437 2199 multos
454 2144 498 2193 ex
514 2114 691 2193 fratribus
707 2115 776 2225 qui
793 2113 1004 2193 defensioni
1022 2113 1275 2191 dicti'ordinis
1291 2142 1331 2190 se
1348 2111 1577 2205 obtulerant,
1595 2115 1713 2223 quod,

207 2333 215 2347 ¹
294 2264 339 2325 ut
368 2236 560 2338 dixerunt,
594 2262 693 2325 esset
721 2244 841 2323 facere
870 2262 915 2322 ut
940 2243 1074 2327 fratres
1102 2243 1174 2350 ipsi
1196 2244 1414 2321 necessario
1442 2244 1671 2325 desisterent
1696 2276 1716 2322 a

295 2376 513 2457 defensione
538 2376 722 2483 predicta,
749 2375 1049 2485 propterquod,
1074 2393 1120 2452 ut
1144 2373 1336 2467 dixerunt,
1361 2376 1566 2481 quamdam
1592 2377 1715 2486 appel·

294 2507 479 2589 lesionem
503 2507 770 2594 formaverunt,
791 2536 905 2612 quam
924 2506 1101 2582 volebant
1124 2506 1250 2612 legere
1273 2533 1399 2583 coram
1423 2505 1515 2613 ipsis
1535 2495 1714 2589 dominis:

295 2668 457 2745 cumque
478 2637 602 2714 dictus
622 2636 813 2714 dominus-
825 2635 1128 2741 archiepiscopus
1146 2635 1290 2712 diceret
1308 2636 1363 2712 eis
1380 2637 1487 2743 quod
1511 2638 1561 2715 de
1585 2668 1714 2718 corum

294 2768 611 2876 appellacionibus
627 2766 744 2846 nichil
762 2767 811 2844 ad
827 2766 953 2873 ipsum
970 2783 1009 2844 et
1024 2765 1185 2873 collegas
1201 2794 1290 2847 suos
1302 2768 1536 2874 pertinebat,
1555 2787 1594 2848 et
1609 2770 1713 2879 quod

294 2926 372 2976 nen
396 2897 586 2975 habebant
611 2927 653 2976 se
676 2898 927 2977 intromittere
949 2896 1001 2977 de
1026 2897 1190 2988 eisdem,
1210 2927 1298 2975 cum
1321 2927 1400 2977 non
1419 2901 1652 3007 appellarent
1670 2904 1714 2982 ab

296 3029 367 3114 eis,
385 3029 454 3104 sed
471 3027 502 3105 si
518 3027 615 3134 quid
630 3028 755 3106 dicere
771 3029 913 3107 vellent
925 3029 977 3106 ad
994 3029 1255 3108 defensionem
1272 3031 1417 3109 ordinis
1433 3034 1715 3140 Templi,·illud

294 3158 458 3236 libenter
481 3157 657 3234 audirent
683 3176 722 3235 et
744 3160 970 3265 reciperent,
994 3160 1116 3239 dictus
1138 3160 1253 3238 frater
1275 3163 1410 3240 Petrus
1433 3165 1641 3271 quamdam
1661 3196 1716 3244 ce·

295 3289 424 3368 dulam
449 3317 575 3367 coram
602 3288 656 3366 eis
680 3289 868 3381 exhibuit,
889 3290 1056 3397 porrexit
1074 3308 1113 3369 et
1131 3292 1303 3385 tradidit,
1326 3292 1435 3401 cujus
1457 3311 1569 3372 tenor
1591 3301 1716 3405 sequi·

293 3421 416 3496 turin
436 3420 507 3497 bec
524 3419 663 3496 verba:

350 3552 393 3628 In
412 3552 565 3629 nomine
585 3552 757 3640 Domini,
775 3581 896 3631 amen.
911 3552 1048 3632 Coram
1068 3554 1188 3648 vobis,
1210 3557 1421 3634 reverendis
1438 3555 1619 3662 patribus,
1643 3557 1712 3634 de-

294 3683 398 3761 mine
418 3684 696 3790 archiepiscopo
710 3685 957 3776 Narbonensi,
978 3716 1020 3763 ac
1033 3686 1198 3764 dominis
1213 3687 1480 3775 Lemovicensi,
1499 3687 1712 3768 blimatensi

294 3833 330 3891 et
360 3814 553 3922 Bajocensi
586 3814 784 3921 episcopis,
816 3817 971 3894 domino
1001 3819 1152 3897 Matheo
1182 3819 1229 3896 de
1256 3820 1408 3926 Neapoli
1442 3818 1585 3897 domini
1617 3820 1715 3928 Pape

292 3946 455 4035 notaio,
481 3946 646 4024 dominis
674 3947 927 4056 Magalonensi
953 3966 990 4026 et
1017 3950 1241 4028 Tridentino
1266 3951 1551 4040 archidiaconis,
1579 3981 1716 4060 propo

292 4093 389 4152 nunt
412 4093 450 4153 et
474 4077 605 4154 dicunt
628 4078 761 4156 Petrus
790 4079 839 4156 de
857 4080 1042 4169 Bononia,
1067 4083 1109 4158 R.
1123 4081 1184 4161 ¹de
1209 4082 1350 4159 Pruino
1374 4062 1601 4189 presbyteri,
1627 4085 1715 4162 Ber-

291 4206 448 4285 trandus
481 4208 529 4286 de
564 4207 728 4317 Sartiges
761 4226 800 4288 et
827 4209 1057 4290 Guillelmns
1087 4212 1135 4289 de
1167 4211 1433 4290 Chambonent
1469 4213 1626 4303 milites,
1668 4214 1713 4291 de

292 4335 424 4414 ordine
450 4339 588 4417 milicie
616 4340 786 4447 Templi,
818 4344 973 4420 nomine
997 4372 1067 4422 suo
1096 4361 1134 4420 et
1162 4345 1334 4422 omnium
1359 4345 1518 4423 fratrum
1543 4346 1713 4453 ejusdem

292 4467 435 4547 ordinis
451 4471 522 4549 sibi
543 4473 812 4550 adherencium
826 4491 979 4553 nuncet
995 4475 1038 4552 in
1056 4473 1248 4566 futurum,
1268 4477 1371 4584 quod
1384 4507 1430 4554 ex
1447 4477 1713 4556 verisimilibus

286 4602 516 4707 conjecturis
541 4620 581 4680 et
607 4607 727 4683 causis
753 4606 889 4684 timent
915 4624 954 4685 et
969 4608 1185 4716 gravissime
1213 4608 1389 4687 dubitant
1416 4637 1464 4686 ne
1488 4611 1712 4717 procedatur

291 4754 360 4835 per
378 4729 577 4807 dominum
602 4735 923 4844 archiepiscopum
942 4739 1202 4849 senonensem
1226 4758 1265 4817 st
1288 4742 1371 4849 ejus
1394 4742 1658 4851 suffraganeos.
1672 4756 1708 4818 et

290 4886 359 4967 per
378 4859 470 4941 alios
489 4861 787 4971 archiepiscopos
807 4886 849 4945 et
867 4870 1030 4975 prelatos
1048 4871 1154 4980 regni
1177 4872 1333 4950 Francia
1355 4872 1402 4951 de
1419 4870 1535 4965 facto,
1558 4901 1641 4955 oum
1660 4871 1707 4949 de
