4080 6052
332 519 400 591 iso
711 499 905 591 rnocts
930 515 1026 589 ons
1051 516 1351 590 rsuonmns.

327 658 424 734 sicut
443 676 480 733 et
499 657 580 734 aliis
605 654 807 735 inmediate
831 655 1021 765 predictis.
1044 656 1139 751 Qui,
1160 656 1290 734 habito
1316 657 1414 731 inter
1432 681 1472 730 se
1492 674 1638 733 etcum
1657 657 1739 737 aliis

328 787 596 892 prenominatis
616 802 695 864 nn*
713 786 890 864 tratribus
914 785 1071 862 consilio
1091 803 1130 863 et
1148 785 1422 864 deliberacione
1447 781 1658 891 prehabito,
1680 817 1741 866 re·

327 918 561 1022 spondenmt
579 917 684 1023 quod
702 918 809 995 nullo
829 917 943 994 modo
962 915 1131 1007 nollunt,
1156 944 1226 993 nec
1245 916 1448 993 intendunt
1466 915 1587 993 iacere
1605 945 1740 1023 procu·

327 1065 482 1136 ratores,
505 1076 574 1124 nec
592 1064 766 1153 possunt,
787 1045 995 1152 sed-placet
1007 1046 1062 1123 eis
1080 1048 1185 1152 quod
1204 1045 1336 1153 prefati
1358 1058 1437 1122 uxr*
1456 1045 1603 1136 fratres,
1624 1048 1668 1124 R.
1690 1050 1739 1126 de

328 1178 465 1254 Pruino
487 1194 524 1254 et
542 1180 581 1254 Ρ.
604 1178 651 1254 de
670 1178 857 1266 Bononia,
873 1174 1102 1254 Guille'lmus
1122 1178 1170 1253 de
1186 1176 1452 1254 Chambonnet
1469 1194 1508 1252 et
1526 1179 1567 1253 B.
1587 1178 1635 1253 de
1654 1177 1739 1255 San-

326 1309 437 1414 tiges,
458 1309 625 1414 predicta
645 1309 706 1385 die
727 1308 855 1386 Martis
873 1324 1084 1413 proponunt
1102 1324 1142 1383 et
1159 1307 1285 1384 dicant
1306 1335 1376 1413 pro
1395 1307 1526 1383 ordine
1547 1310 1653 1386 etad
1673 1309 1738 1386 de-

327 1437 535 1515 fensionem
546 1438 700 1514 ⁴ordinis
718 1436 907 1544 quidquid
924 1435 1022 1513 boni
1034 1452 1230 1543 poterunt,
1247 1437 1281 1513 si
1300 1454 1426 1513 tamen
1443 1435 1590 1541 aliquid
1615 1438 1738 1515 dicant

328 1568 432 1672 quod
449 1584 578 1644 contra
597 1568 769 1644 ordinem
789 1596 901 1644 suum
920 1582 1033 1656 esset,
1054 1593 1130 1643 non
1148 1565 1290 1643 habent
1303 1583 1426 1643 ratum
1445 1593 1514 1642 nec
1529 1565 1735 1645 habebunt.

384 1699 470 1773 Post
488 1698 575 1789 hec,
598 1699 729 1774 eadem
754 1697 816 1774 die
836 1696 1049 1787 Dominica,
1070 1724 1158 1772 cum
1179 1696 1287 1773 dictis
1307 1711 1386 1775 1111oe
1403 1695 1596 1783 fratribus,
1619 1725 1738 1775 acces-

328 1827 445 1903 simus
462 1829 510 1904 ad
526 1829 682 1905 domum
700 1828 860 1904 condam
877 1825 1039 1932 episcopi
1057 1825 1303 1911 Belvacensis,
1324 1827 1423 1903 inter
1442 1844 1604 1904 sanctam
1621 1826 1739 1905 Gene

327 1955 446 2032 veiam
466 1973 504 2031 et
524 1958 680 2033 domum
699 1954 857 2032 fratrum
870 1954 1173 2051 'Predicatorum
1194 1955 1262 2033 ubi
1283 1973 1389 2033 erant
1406 1983 1464 2033 xxx
1484 1956 1614 2036 fratres
1629 1985 1739 2063 supe·

329 2085 405 2160 rius
422 2085 621 2170 nominati,
639 2113 750 2191 quos,
768 2101 811 2161 ut
828 2084 921 2162 alios
937 2114 1066 2191 supra,
1085 2086 1345 2193 requisivimus
1363 2102 1401 2163 et
1417 2087 1735 2193 interrogavimus,

328 2231 366 2289 et
393 2213 446 2289 eis
473 2213 635 2291 diximus
663 2232 700 2291 et
727 2215 967 2321 exposuimus
994 2243 1068 2323 que
1093 2233 1132 2292 et
1155 2217 1252 2294 sicut
1280 2217 1361 2294 aliis
1385 2217 1616 2323 supradictis.
1643 2218 1734 2312 Qui,

189 2450 200 2469 .
255 2425 261 2435 ,
328 2343 455 2420 habito
480 2344 641 2421 interse
666 2363 815 2422 etcum
842 2346 952 2425 dictis
975 2357 1053 2424 1111or
1071 2345 1247 2426 tratribus
1273 2348 1444 2440 consilio,
1463 2349 1738 2454 responderunt

328 2489 366 2548 et
385 2473 559 2551 dixerunt
581 2477 686 2582 quod
711 2503 756 2552 ex
781 2477 899 2554 causis
922 2476 1012 2553 alias
1038 2478 1163 2566 dictis,
1184 2475 1360 2553 videlicet
1378 2478 1482 2581 quod
1500 2505 1577 2552 non
1599 2477 1739 2555 habent

328 2623 549 2681 consensum
562 2606 726 2710 Magistri
736 2605 793 2680 sui
810 2604 869 2679 vei
882 2605 1033 2709 majoris
1049 2604 1163 2707 partis
1181 2621 1399 2691 conventus,
1421 2632 1498 2680 non
1517 2605 1737 2694 intendunt,

327 2761 395 2808 nec
411 2752 585 2836 possunt,
604 2761 674 2809 nec
684 2732 815 2809 volunt
832 2731 950 2807 facere
967 2748 1226 2835 procuratores
1242 2731 1402 2838 aliquos,
1417 2735 1483 2810 sed
1496 2733 1594 2807 hene
1607 2735 1742 2811 volunt

328 2862 430 2965 quod
454 2863 703 2968 prenominati
731 2876 811 2939 1111⁰²
830 2860 960 2938 fratres
985 2860 1136 2937 instanti
1162 2862 1223 2938 die
1243 2862 1372 2940 Martis
1395 2880 1605 2968 proponant
1624 2881 1661 2938 et
1683 2866 1741 2941 di·

327 3007 411 3065 cant
430 3017 554 3067 coram
575 2991 868 3068 dictis-dominis
892 2991 1155 3067 commissoriis
1173 2992 1362 3098 quidquid
1380 2992 1469 3068 boni
1490 3009 1670 3098 poterunt
1690 2995 1737 3069 ad

328 3117 584 3196 defensionem
605 3121 695 3197 dicti
712 3120 870 3209 ordinis,
889 3137 1133 3224 protestantes
1152 3122 1257 3227 quod
1270 3122 1306 3235 si
1327 3122 1451 3199 dicant
1469 3121 1613 3226 aliquid
1633 3121 1736 3227 quod

327 3250 376 3324 sit
400 3267 525 3326 contra
551 3250 722 3328 ordinem
739 3249 797 3326 vel
814 3249 997 3327 honorem
1016 3250 1175 3340 ordinis,
1199 3278 1275 3326 non
1300 3250 1440 3328 habent
1456 3279 1525 3326 nec
1543 3250 1735 3329 habebunt

328 3396 461 3457 ratum.

385 3513 471 3588 Post
487 3514 572 3602 hec,
592 3514 723 3588 eadem
741 3513 819 3602 die,
840 3538 926 3588 curn
944 3511 1052 3587 dictis
1070 3525 1148 3587 11110'
1164 3511 1355 3602 iratribus,
1375 3513 1595 3588 accessimus
1613 3514 1660 3588 ad
1676 3514 1735 3588 do

327 3670 433 3719 mum
452 3614 658 3746 predictam
677 3641 813 3746 prioris
838 3642 885 3717 de
905 3640 1063 3746 Comay,
1086 3639 1152 3732 ubi
1174 3658 1278 3716 erant
1296 3640 1427 3719 fratres
1445 3643 1620 3747 predicti,
1642 3670 1734 3747 quos

328 3789 370 3846 ut
389 3770 480 3846 alios
500 3799 611 3874 supra
630 3770 890 3875 requisivimus
910 3785 949 3844 et
967 3769 1291 3875 interrogavimus,
1314 3788 1357 3847 et¹
1370 3773 1423 3849 eis
1445 3772 1606 3847 diximus
1626 3789 1663 3846 et
1682 3798 1735 3847 ex·

325 3901 518 4005 posuimus
534 3928 609 4005 que
630 3916 667 3976 et
683 3900 781 3976 sicut
796 3899 1007 3976 dixeramus
1021 3916 1059 3975 et
1072 3897 1278 3976 feceramus
1295 3900 1376 3977 aliis
1393 3900 1624 4005 supradictis.
1640 3900 1730 3992 Qui,

325 4031 454 4107 habito
474 4032 572 4106 inter
590 4057 629 4106 se
645 4045 683 4104 et
699 4058 785 4105 cum
806 4028 915 4106 dictis
932 4043 1010 4105 11110'
1026 4028 1202 4106 fratribus
1217 4031 1382 4119 consilio,
1403 4032 1677 4136 responderunt
1694 4031 1733 4105 id

326 4159 426 4235 idem
451 4161 554 4266 quod
576 4161 852 4265 responderunt
875 4158 1005 4237 fratres
1027 4159 1230 4237 inmediate
1253 4159 1509 4266 precedentes,
1536 4160 1733 4234 existentes

326 4285 364 4360 in
384 4288 480 4364 dicta
499 4292 612 4365 domo
631 4292 790 4366 condam
809 4289 970 4394 episcopi
990 4290 1232 4370 Belvacensis.

380 4417 469 4493 Acta
493 4418 645 4494 fuerunt
664 4420 735 4494 hec
760 4418 868 4494 dictis
893 4419 954 4494 die
974 4437 1012 4495 et
1032 4421 1140 4510 locis,
1170 4420 1407 4525 presentibus
1431 4419 1605 4526 magistro
1631 4421 1729 4497 Ami-

324 4544 396 4628 sio,
413 4573 473 4620 me
489 4545 738 4622 Floriamonte
753 4547 969 4638 Dondedei,
992 4566 1030 4624 et
1049 4550 1130 4627 aliis
1145 4552 1299 4628 notariis
1317 4579 1429 4657 supra
1451 4550 1587 4627 ultimo
1613 4550 1728 4660 nomi·
1752 4642 1757 4651 Ι

325 4670 440 4757 natis,
461 4688 575 4776 prout
595 4691 650 4748 est
670 4675 842 4779 superius
861 4676 1114 4780 specificatum
1134 4696 1172 4756 et
1191 4679 1428 4786 singulariter
1448 4680 1686 4757 deciaratum.
