4080 6052
701 524 896 635 Paocds
913 547 1016 621 sss
1042 548 1343 621 rsuptrsas.
1684 561 1730 632 55

318 691 376 770 vel
392 690 533 798 pluries
551 687 694 777 litteras
708 689 926 796 apostolicas
948 716 1016 766 scu
1039 667 1211 766 tenorem
1225 690 1406 795 ipsarum,
1425 708 1462 769 et
1484 692 1531 769 ad
1546 722 1733 803 exequen-

319 822 409 899 dum
422 819 642 897 mandatum
658 820 954 898 reverendorum
969 835 1120 925 patrum
1136 835 1174 897 et
1193 819 1452 913 dominorum,
1467 822 1732 931 archiepiscopi

317 949 1734 1058 Narbonensis‚Bajocensis,MimatensisetLemovicensisepiscoporumma·

279 1096 282 1102 '
315 1080 517 1187 gistrorum
539 1080 680 1157 Mathei
705 1080 753 1157 de
777 1080 933 1186 Neapoli
961 1097 1189 1157 sacrosancte
1207 1082 1373 1160 Romane
1401 1083 1554 1161 ecclesie
1579 1086 1731 1170 notarii,

272 1288 275 1295 ,
316 1210 539 1288 Tridentino
567 1227 606 1289 et
633 1209 905 1317 Magalonensis
937 1210 1302 1304 archidiaconorum,
1338 1213 1554 1290 auctoritate
1588 1233 1735 1322 aposto-

317 1339 388 1416 lica
406 1339 457 1416 ad
468 1339 736 1447 inquirendum
754 1357 882 1418 contra
900 1338 1074 1418 ordinem
1087 1340 1390 1445 Templariorum
1410 1360 1448 1420 et
1466 1359 1604 1420 statum
1618 1344 1734 1450 ipsius

298 1467 460 1546 ordinis
483 1470 768 1575 deputatam,
797 1470 879 1546 sine
907 1464 1124 1549 difficultate
1150 1468 1320 1575 qualibet
1346 1470 1553 1576 prebeatis,
1582 1473 1688 1551 nullo
1714 1504 1735 1550 a

318 1597 424 1675 nobis
453 1597 527 1675 alio
550 1614 740 1705 expectato
760 1596 954 1688 mandato,
975 1597 1150 1703 ipsosque
1164 1597 1398 1702 Templarios
1424 1599 1549 1676 eidem
1567 1598 1736 1679 Aurelia-

316 1728 422 1805 nensi
438 1728 612 1835 episcopo
622 1726 681 1803 vel
702 1725 1000 1832 certoamandato
1015 1726 1133 1830 ipsius
1158 1725 1362 1804 exhibeatis
1382 1718 1419 1804 ct
1432 1730 1673 1832 presentetis‚
1699 1751 1736 1808 et
1830 1751 1834 1759 ’

316 1855 363 1931 ad
377 1873 523 1934 certum
536 1847 757 1932 mandatum
768 1855 886 1960 ipsius
895 1852 972 1932 sub
980 1850 1057 1931 fida
1069 1853 1238 1931 custodia
1247 1855 1409 1933 Parisius
1421 1854 1628 1945 adducatis,
1642 1887 1736 1966 quo-

315 1984 416 2061 ciens
435 1986 482 2063 ab
501 1984 583 2090 ipso
601 1982 748 2061 fueritis
766 1980 948 2090 requisiti.
971 1982 1190 2063 Mandantes
1209 1998 1248 2096 et
1262 1983 1499 2089 injungentes
1518 1987 1734 2065 auctoritate
1793 2027 1795 2033 r

316 2112 483 2217 predicta
494 2113 855 2191 administratoribus
865 2129 904 2190 et
914 2111 1733 2217 curatoribusbonommTempliParisiensis,

317 2242 503 2346 quatenus
527 2240 633 2318 vobis
654 2270 723 2346 pro
749 2242 841 2346 ipsis
864 2240 936 2319 sub
959 2240 1036 2318 fida
1054 2240 1223 2318 custodia
1243 2239 1474 2319 adducendis
1490 2235 1536 2320 'et
1553 2242 1736 2322 reducen-

304 2368 379 2446 dis
397 2369 659 2445 convenienter
683 2369 904 2472 provideant
926 2368 973 2445 de
997 2369 1181 2472 expensis,
1209 2369 1446 2474 injungentes
1469 2370 1736 2450 nichilominus

318 2495 495 2573 omnibus
522 2513 560 2572 et
577 2493 734 2601 singulis
749 2493 965 2600 justiciariis
987 2494 1130 2570 domini
1149 2494 1274 2600 Regis,
1297 2510 1341 2570 ut
1360 2495 1466 2572 vobis
1484 2496 1523 2572 in
1547 2500 1737 2601 premissis

319 2643 357 2703 et
373 2625 553 2731 premissa
570 2624 811 2729 tangentibus
828 2623 1025 2707 efficaciter
1041 2638 1196 2727 pareant
1215 2637 1253 2698 et
1265 2620 1470 2699 intendant.
1486 2623 1626 2702 Datum
1639 2644 1676 2703 et
1690 2629 1737 2704 si·

317 2754 415 2862 gillis
435 2754 572 2833 nostris
591 2752 792 2861 sigillatum
814 2752 876 2829 die
894 2751 1023 2829 Martis
1040 2751 1079 2827 in
1094 2749 1235 2827 octabis
1252 2735 1353 2828 beati
1365 2751 1515 2829 Martini
1535 2754 1732 2859 hyemalis,

254 2915 256 2918 ⁴
303 2912 415 2963 anno
433 2883 587 2963 Domini
604 2882 806 2987 millesimo
825 2907 892 2960 ccc
910 2908 1024 2959 nono.

373 3012 463 3090 Acta
476 3012 632 3090 bierunt
644 3010 716 3088 hec
727 3038 844 3100 anno,
861 3010 1081 3101 indictione,
1097 3008 1330 3115 pontificatu,
1346 3008 1480 3087 diebus
1496 3027 1534 3088 et
1545 3011 1637 3088 locis
1649 3042 1735 3120 pre-

286 3229 288 3233 *
320 3141 442 3233 dictis,
471 3139 707 3246 presentibus
734 3168 796 3216 me
823 3140 1076 3217 Floriamonte
1103 3137 1320 3227 Dondedei,
1350 3139 1540 3217 Bernardo
1571 3142 1761 3235 Filholi,¹

319 3268 523 3349 Guillelmo
535 3268 737 3376 Radulphi‚
749 3269 939 3348 Bernardo
952 3267 1174 3358 Humbaldi,
1191 3270 1350 3375 Hugone
1360 3268 1501 3347 Nicolai
1513 3284 1552 3346 et
1563 3268 1732 3348 lohanne

319 3399 445 3478 Loreti
470 3398 623 3479 notariis
641 3397 872 3505 supradictis.

753 3709 786 3771 In
801 3713 855 3772 ista
865 3710 972 3796 pagina
985 3708 1076 3773 nichil
1088 3712 1228 3795 scriptam
1242 3723 1295 3772 est.

241 4052 244 4059 ’
375 4047 485 4126 Anno
507 4044 660 4125 Domini
680 4048 880 4128 millesimo
902 4051 1165 4129 trecentesimo
1184 4051 1352 4136 decimo,
1372 4045 1575 4122 indictione
1596 4061 1729 4120 octava⁴

319 4180 361 4256 In
380 4176 452 4256 Dei
468 4176 624 4254 nomine
644 4203 765 4254 amen.
785 4179 924 4255 Notum
940 4180 990 4256 sit
1004 4179 1186 4256 universis
1203 4206 1245 4253 ac
1261 4175 1432 4283 singulis,
1450 4173 1555 4280 quod
1571 4201 1658 4250 cum
1674 4203 1733 4251 re-
1799 4265 1808 4274 ,
1879 4238 1896 4271 ‚j

320 4306 470 4384 verendi
493 4307 534 4383 in
556 4305 706 4383 Christo
730 4323 874 4412 patres,
898 4305 1042 4384 domini
1055 4306 1126 4386 Dei
1144 4306 1263 4413 gracia
1285 4304 1534 4386 Narbonensis
1554 4303 1734 4408 archiepi-

321 4462 474 4541 scopus,
492 4434 702 4512 Baiocensis
722 4450 760 4511 et
775 4435 1006 4530 Mimatensis
1027 4453 1065 4514 et
1081 4435 1352 4513 Lemovicensis
1370 4432 1550 4539 episcopi,
1570 4459 1639 4521 nec
1659 4457 1735 4506 non

321 4561 550 4641 venerabiles
574 4564 648 4651 viri,
671 4562 815 4641 domini
826 4565 828 4568 ’
839 4566 1011 4645 Matheus
1042 4564 1089 4642 de
1117 4563 1271 4671 Neapoli
1289 4561 1442 4670 majoris
1457 4560 1574 4638 Caleti
1593 4559 1734 4649 Rotho-

276 4730 279 4737 ·
322 4693 506 4803 magensis
539 4693 639 4772 sedis
667 4693 868 4800 apostolice
900 4695 1084 4788 nonnus,
1111 4695 1301 4796 lohannes
1329 4692 1376 4770 de
1400 4693 1552 4772 Mantua
1574 4689 1734 4769 Triden-
1786 4699 1789 4705 '

322 4823 415 4913 tine,
445 4841 482 4905 et
510 4823 698 4902 lohannes
721 4821 769 4902 de
786 4825 914 4904 Monte
935 4827 1058 4904 Lauro
1072 4823 1343 4932 Magalonensis
1362 4820 1601 4901 ecclesiarum
1615 4818 1733 4897 archi-
