4080 6052
694 494 1015 590 recenseas
1041 517 1341 592 ruursruas.
1654 516 1728 593 ets

363 662 473 749 ltem,
490 657 693 767 requisitus
712 659 744 736 si
763 675 937 737 contenta
952 658 1043 738 intr
1057 659 1224 738 articulis
1236 661 1415 767 predictis
1430 660 1673 738 servabantur
1692 664 1729 737 in

307 792 438 869 ordine
458 789 623 896 Templi,
644 789 841 895 respondit
862 816 902 866 se
922 789 1082 880 nescire,
1103 790 1192 898 quia
1213 819 1409 898 nunquam
1429 790 1666 882 interfuerat,
1688 811 1730 868 ut

304 922 411 1010 dixit,
433 922 505 999 nisi
527 922 567 998 in
588 920 873 1028 recepcionibus
895 944 930 998 tt
950 920 1125 1011 fratrum,
1147 922 1346 1029 inquibus
1364 924 1522 1030 quidem
1542 924 1728 1028 recepcio·

304 1054 415 1131 nibus
434 1081 512 1130 non
531 1052 686 1130 fuerunt
704 1050 797 1129 facta
812 1069 986 1129 contenta
1000 1053 1039 1127 in
1060 1053 1148 1158 ipsis
1163 1079 1199 1130 1v
1221 1054 1402 1144 articulis,
1419 1055 1523 1161 quod
1538 1055 1618 1160 ipse
1632 1054 1730 1131 vide

302 1185 353 1260 rit
371 1185 431 1260 vel
449 1185 607 1262 sciverit.
630 1183 847 1290 Requisitus
864 1184 932 1290 qui
955 1200 1062 1261 erant
1084 1184 1176 1261 dicti
1199 1183 1346 1276 frames,
1369 1185 1453 1274 ubi,
1472 1187 1625 1292 quando
1649 1204 1686 1264 et
1708 1217 1728 1262 a

303 1314 444 1421 quibus
468 1313 622 1392 fuenmt
645 1313 788 1419 recepti
808 1313 1004 1419 atquibus
1022 1313 1283 1420 presentibus,
1304 1315 1500 1421 respondit
1525 1316 1630 1422 quod
1650 1317 1728 1422 ipse

304 1445 408 1522 idem
427 1447 550 1534 testis,
573 1444 732 1523 existens
750 1460 949 1549 preceptor
973 1443 1120 1553 Daylive
1154 1445 1202 1521 de
1228 1446 1402 1531 Pontivo,
1427 1446 1569 1551 recepit
1587 1462 1663 1522 tres
1686 1476 1729 1522 ex

304 1577 500 1680 predictis,
519 1576 694 1654 videlicet
718 1574 850 1652 naues
874 1574 1098 1653 Michaelem
1125 1577 1282 1668 Musset,
1304 1604 1422 1682 quem
1445 1576 1587 1681 recepit
1610 1576 1651 1651 in
1671 1607 1729 1652 ca-

303 1735 406 1783 mera
425 1707 563 1808 domus
579 1735 647 1784 sue
666 1706 715 1783 de
732 1706 932 1812 Oysimont
945 1705 1207 1784 Ambianensis
1225 1706 1400 1795 diocesis,
1418 1706 1572 1783 suerunt
1591 1733 1627 1785 ιν
1640 1711 1727 1785 anni

303 1837 342 1912 in
361 1836 457 1915 sesto
477 1837 684 1916 Natiuitatis
704 1837 860 1915 Domini
880 1838 1050 1943 proximo
1073 1838 1271 1944 preterito,
1292 1837 1532 1944 presentibus
1550 1836 1729 1917 [ratribus

304 1967 439 2073 agua
456 1986 586 2046 cutm
604 1968 757 2064 essese
779 1968 868 2045 utu
884 1968 957 2045 1001
976 1966 1024 2045 u
1039 1943 1500 2076 opimonsffiuuumo
1520 1969 1568 2046 de
1587 1968 1726 2059 elaea,

304 2097 505 2204 Radulpho
527 2098 576 2176 de
597 2100 766 2206 Frenayo
789 2099 855 2205 qui
875 2099 980 2185 vivit,
1000 2115 1046 2176 ut
1069 2098 1206 2190 credit3
1233 2100 1375 2206 recepit
1397 2101 1554 2205 insuper
1576 2097 1729 2177 fratrem

304 2229 514 2306 lohannem
549 2231 596 2307 de
629 2246 755 2306 sanem
779 2231 888 2306 tusto
915 2247 1093 2334 nepotem
1119 2258 1248 2321 suum,
1274 2232 1315 2307 in
1339 2231 1481 2336 capella
1510 2232 1646 2308 domus
1673 2261 1732 2308 vo

306 2375 385 2435 cata
404 2360 551 2451 Forest,
569 2359 740 2467 ejusdem
756 2351 914 2436 diocesis
932 2358 1209 2446 Ambianensis,
1226 2360 1265 2434 in
1282 2337 1412 2465 mense
1431 2360 1638 2437 Setembris
1651 2389 1731 2464 pro

305 2490 405 2566 ximo
424 2506 583 2567 venturo
602 2505 717 2567 erunt
733 2514 769 2568 tv
786 2489 889 2578 anni,
906 2487 1148 2595 presentibus
1168 2488 1269 2565 dicto
1286 2488 1420 2595 E'gidio
1440 2505 1569 2565 curato
1590 2488 1637 2565 de
1656 2488 1732 2595 Dy-
1846 2521 1850 2530 ·

305 2622 484 2712 simonte,
502 2637 540 2697 et
558 2617 982 2708 Andros-Meditatorio,
998 2618 1190 2696 Bernardo
1203 2617 1314 2696 Gafet
1332 2636 1372 2695 et
1390 2618 1609 2708 Michaelle,
1630 2647 1732 2724 pres-

304 2751 438 2857 bytero
468 2750 515 2827 de
540 2749 739 2858 Villaroys,
763 2749 967 2852 deffuncto.
986 2751 1100 2841 ltem,
1113 2749 1282 2855 recapit,
1301 2767 1347 2826 ut
1369 2749 1478 2838 dixit,
1499 2748 1652 2826 fratrem
1671 2752 1732 2826 Jo-

306 2882 470 2958 hannem
486 2880 536 2959 de
556 2881 692 2960 Resida
708 2880 834 2969 Valle,
855 2882 895 2956 in
916 2906 1063 2958 camera
1082 2880 1220 2957 domus
1239 2908 1306 2957 sue
1328 2880 1376 2957 de
1397 2880 1634 2988 Oysimonte,
1655 2896 1732 2955 tres

306 3013 392 3088 anni
410 3010 566 3088 suerunt
584 3013 624 3089 in
646 3011 741 3089 sesto
763 3011 971 3116 Epiphanie
992 3011 1147 3089 Domini
1167 3011 1339 3118 proximo
1359 3012 1554 3117 preterito,
1579 3038 1732 3116 presen-

306 3142 410 3219 tibus
430 3142 531 3219 dicto
544 3141 682 3248 Egidio
701 3158 829 3218 curato
849 3142 898 3219 de
918 3142 1156 3250 Oysimontc,
1177 3159 1215 3218 et
1227 3141 1405 3219 fratribus
1418 3144 1566 3220 Tboma
1580 3142 1627 3218 de
1647 3143 1732 3218 Jan-

308 3272 400 3349 valle
435 3271 672 3379 presbytero,
705 3272 870 3351 Roberto
904 3275 933 3349 F
935 3273 1114 3380 lamengi‚
1142 3273 1342 3379 Radulpbo
1366 3274 1419 3350 >de
1448 3275 1634 3378 Frenayo,
1665 3274 1729 3377 qui

307 3430 438 3480 omnes
457 3401 599 3492 vivunt,
627 3420 670 3479 ut
698 3403 806 3491 dixit,
833 3421 986 3511 excepto
1015 3405 1114 3482 dicto
1142 3404 1327 3495 Roberto,
1350 3404 1398 3480 de
1421 3393 1500 3510 quo
1526 3399 1674 3479 dubitat
1700 3404 1732 3476 si

306 3533 401 3610 vivat
423 3549 493 3610 aut
517 3533 568 3610 sit
594 3550 783 3611 mortuus.
812 3534 1032 3642 Requisitus
1056 3561 1172 3640 quem
1199 3533 1360 3610 modum
1383 3532 1539 3609 servavit
1563 3531 1603 3608 in
1630 3556 1732 3607 rece-

306 3664 439 3770 pcione
461 3663 651 3742 dictorum
668 3663 987 3754 triumlrntrmn,
1007 3664 1205 3771 respondit
1220 3665 1326 3771 quod
1344 3662 1432 3739 lecit
1455 3690 1521 3739 eos
1544 3661 1672 3768 jurare
1696 3678 1733 3736 et

308 3821 439 3870 rovere
464 3794 685 3880 aestimem
709 3794 989 3886 obedienciam,
1014 3812 1052 3873 et
1074 3796 1241 3872 viverent
1264 3794 1345 3872 sinc
1372 3793 1543 3899 proprio,
1565 3808 1603 3869 et
1628 3794 1732 3898 quod

310 3939 445 4037 essent
460 3922 714 3999 serviesclaai
738 3914 828 4000 dicti
855 3926 1000 4003 ordinis
1026 3926 1193 4031 Templi,
1220 3926 1268 4002 ad
1290 3923 1553 4030 recipiendum
1576 3925 1731 4000 Terram

309 4054 483 4129 Sanctam
503 4080 572 4157 pro
591 4077 701 4156 posse
720 4080 865 4128 eorum.
885 4055 989 4132 Dixit
1008 4054 1162 4160 insuper
1181 4054 1287 4159 quod
1306 4052 1469 4129 inlibris
1494 4080 1630 4130 eorum·
1646 4068 1734 4128 sunt

251 4247 257 4256 .
309 4201 408 4262 certa
439 4199 575 4261 statuta
597 4180 761 4288 qtaaliter
778 4181 900 4259 'uivere
926 4182 1068 4260 debent
1093 4184 1184 4261 dicti
1209 4182 1356 4274 boues,
1377 4184 1433 4259 ire
1453 4184 1502 4263 ad
1521 4181 1731 4269 ecclesiam,

310 4316 433 4391 dicere
460 4316 571 4392 horas
591 4340 681 4390 suas
704 4329 744 4388 et
767 4315 991 4405 conversari,
1014 4331 1051 4391 et
1074 4314 1237 4422 qualiter
1261 4313 1403 4391 debent
1427 4341 1467 4389 se
1493 4313 1667 4403 induere,
1697 4329 1735 4389 et

311 4447 407 4551 cingi
428 4445 583 4522 cordula
614 4472 727 4549 supra
756 4425 961 4535 camisiam,
984 4462 1023 4521 et
1049 4445 1202 4522 calciare
1232 4473 1272 4523 se
1302 4445 1447 4551 caligis,
1471 4443 1598 4521 etalia
1613 4443 1733 4520 facere

310 4603 385 4681 que
406 4576 597 4681 pertinent
620 4573 911 4682 adreligionem
932 4604 1083 4669 eorum,
1105 4595 1143 4655 et
1161 4578 1200 4653 in
1222 4577 1320 4655 dicta
1339 4577 1559 4682 recepcione
1579 4574 1737 4652 faciebat

311 4708 364 4785 eis
382 4706 457 4813 legi
474 4706 572 4791 dicta
589 4723 739 4796 statuta,
758 4723 798 4784 et
815 4707 1026 4814 specialiter
1043 4708 1107 4785 illa
1122 4736 1196 4816 qne
1211 4708 1453 4786 continebant
1468 4734 1605 4814 penam
1622 4707 1738 4812 impo-

312 4838 476 4943 nendam
509 4837 661 4941 eisdem·
686 4838 839 4942 quando
860 4838 1153 4947 delinquebant:
1183 4866 1260 4918 non
1288 4856 1414 4916 umen
1439 4817 1530 4916 lecit
1552 4838 1735 4941 abnegare

1581 4974 1629 5032 31.
