4080 6052
691 515 889 608 procus
915 533 1010 605 oss
1036 532 1334 606 ruurtrnus.
1647 535 1717 609 tm

307 693 607 787 preponerentur
626 674 769 767 eidem,
789 691 827 753 et
843 672 964 751 multe
981 699 1096 753 onera
1114 674 1317 763 sustinere,
1339 693 1378 752 et
1394 676 1500 781 quod
1515 675 1614 753 bene
1634 706 1722 754 con·

307 811 487 886 sideraret
513 808 542 885 si
571 805 781 885 eratfortis
808 823 846 882 et
873 821 1008 912 potens
1034 803 1082 882 ad
1108 806 1328 885 sustinenda
1356 805 1534 911 predicta.
1556 806 1643 899 Quo
1662 835 1721 883 re-

306 939 513 1044 spondente
533 938 639 1046 quod
656 937 763 1017 lortis
781 955 859 1015 erat
878 953 916 1015 et
935 935 1166 1016 voluntarius
1185 939 1232 1015 ad
1253 938 1472 1017 sustinenda
1490 937 1588 1015 dicta
1608 964 1722 1014 onera

305 1071 464 1158 ordinis,
487 1070 663 1147 dixerunt
685 1068 790 1174 quod
816 1067 932 1146 exiret
951 1068 991 1144 in
1010 1067 1176 1173 quodam
1205 1069 1389 1147 cimiterio
1415 1085 1454 1145 et
1480 1067 1721 1160 deliberaret;

305 1202 547 1305 postmodum
567 1217 791 1277 vocaverunt
810 1227 898 1278 eum
919 1200 1015 1276 iutra
1034 1198 1172 1277 dictam
1192 1199 1402 1290 ecelesiam,
1424 1217 1462 1276 et
1480 1199 1673 1305 pecierunt
1692 1203 1722 1278 si

307 1332 440 1409 eratin
456 1331 591 1407 eodem
607 1329 810 1436 proposito.
830 1330 917 1440 Quo
935 1329 1186 1435 respondente
1201 1331 1306 1436 quod
1323 1330 1391 1419 sic,
1406 1329 1578 1407 fecerunt
1591 1358 1721 1409 vovere

308 1479 345 1537 et
365 1465 493 1569 jurare
520 1487 632 1565 super
658 1461 849 1566 quendam
876 1459 1018 1535 librum
1046 1459 1269 1546 castitatem,
1299 1458 1573 1547 obedienciam,
1602 1460 1722 1537 vivere

307 1592 385 1667 sine
401 1590 553 1697 proprio
571 1607 609 1668 et
625 1617 769 1668 servare
792 1606 933 1668 secreta
949 1588 1109 1678 ordinis;
1128 1607 1305 1696 postque
1325 1589 1507 1694 imposuit
1528 1589 1599 1666 sibi
1619 1619 1724 1666 man·

305 1720 455 1811 tellum,
472 1721 573 1799 dicto
584 1721 793 1828 presbitero
810 1721 956 1799 dicente
970 1720 1159 1826 psalmum
1173 1720 1354 1796 Ecclesic:
1370 1721 1495 1811 Quam
1510 1719 1671 1813 bonum,
1687 1741 1725 1800 et
1823 1757 1826 1763 ·

306 1851 486 1956 quasdam
505 1852 711 1940 oraciones,
732 1868 770 1927 et
784 1867 1001 1957 aspergente
1021 1877 1156 1955 aquam
1174 1848 1411 1925 benedictam
1430 1876 1666 1954 supereum,
1686 1870 1725 1929 et

308 1980 430 2056 dictus
447 1997 617 2088 receptor
637 1998 674 2058 et
692 1979 823 2058 fratres
843 1996 1002 2059 astantes
1021 1978 1175 2057 luerunt
1194 1977 1348 2055 osculati
1370 2006 1458 2055 eum
1478 1979 1518 2054 in
1538 2008 1613 2057 ore.
1636 1981 1723 2074 Quo

308 2109 419 2199 lacto,
442 2129 677 2189 recesserunt
694 2112 741 2188 de
762 2111 860 2189 dicta
879 2111 1033 2217 capella,
1051 2128 1090 2189 et
1107 2111 1187 2216 ipse
1206 2111 1311 2188 testis
1330 2111 1402 2188 suit
1421 2111 1556 2188 ductus
1575 2109 1624 2189 ad
1643 2114 1726 2190 dor-

309 2241 520 2328 mitorium,
541 2259 585 2319 ut
610 2243 786 2319 indueret
812 2270 851 2319 se
877 2257 997 2319 vestes
1016 2241 1170 2320 ordinis.
1191 2242 1437 2318 Postmodum
1465 2243 1586 2320 dictus
1613 2244 1725 2323 frater

309 2372 348 2446 P.
377 2371 527 2463 Gaude,
556 2371 776 2459 scientibus,
805 2389 849 2448 ut
878 2371 1078 2477 presumit,
1100 2371 1181 2448 aliis
1209 2370 1400 2461 fratribus,
1431 2371 1537 2448 duxit
1561 2401 1650 2449 eum
1676 2379 1724 2455 ad

310 2502 511 2606 quamdam
535 2530 735 2594 cameram,
760 2521 799 2581 et
826 2530 908 2579 eam
932 2501 1093 2579 firmavit
1120 2501 1293 2588 interius,
1315 2517 1353 2577 et
1378 2500 1471 2578 dixit
1494 2503 1528 2579 ei
1553 2506 1658 2610 quod
1681 2534 1725 2584 ex

310 2659 386 2735 quo
411 2648 489 2708 erat
507 2631 677 2738 alligatus
701 2632 842 2724 ordini,
863 2650 901 2710 et
922 2631 1016 2710 ordo
1041 2631 1130 2723 sibi,
1152 2629 1348 2736 oportebat
1377 2631 1483 2737 quod
1509 2632 1589 2738 ipse
1617 2637 1728 2714 sciret

310 2776 446 2836 statum
476 2788 625 2854 eorum,
648 2778 686 2838 et
704 2761 842 2838 faceret
867 2790 942 2866 que
962 2761 1042 2866 ipse
1062 2762 1272 2866 preciperet
1291 2761 1337 2837 ei.
1359 2763 1406 2837 Et
1424 2762 1503 2865 ipse
1526 2763 1631 2841 testis
1650 2794 1726 2844 non

311 2918 530 2994 presumens
545 2892 585 2969 iu
600 2892 674 2969 hoc
689 2891 833 2996 aliquid
851 2889 955 2978 mali,
974 2891 1170 2996 respondit
1186 2890 1292 2996 quod
1305 2890 1468 2967 libenter
1486 2892 1559 2968 hoc
1573 2893 1725 2982 lacerem

312 3038 349 3097 et
367 3037 458 3096 tunc
487 3020 607 3098 dictus
626 3020 740 3097 frater
758 3022 797 3097 P.
821 3019 988 3125 precepit
1011 3020 1044 3097 ei
1065 3020 1170 3126 quod
1200 3019 1400 3126 abnegaret
1418 3021 1561 3111 Deum,
1583 3012 1727 3102 etcum

312 3151 391 3254 ipse
410 3149 515 3225 testis
539 3165 708 3254 stuperet
731 3149 778 3226 de
808 3149 909 3254 dicto
933 3166 1109 3255 precepto
1134 3165 1172 3226 et
1196 3148 1394 3254 incepisset
1416 3149 1523 3241 llere,
1546 3151 1668 3231 dictus
1686 3157 1725 3231 Ρ.

314 3279 406 3355 dixit
429 3281 463 3355 ei
488 3279 593 3385 quod
616 3278 813 3385 oportebat
837 3306 926 3356 eum
950 3279 1022 3357 hoc
1045 3276 1181 3366 facere,
1204 3278 1292 3385 quia
1316 3278 1366 3355 ita
1391 3278 1574 3357 faciebant
1596 3309 1728 3360 omnes

314 3409 378 3513 qui
399 3408 674 3514 recipiebantur
692 3409 732 3484 in
751 3409 852 3485 dicto
876 3409 1021 3487 ordine.
1042 3409 1143 3486 Dixit
1162 3409 1296 3495 eciam,
1317 3409 1527 3486 ut”videtur
1546 3411 1616 3516 ipsi
1630 3394 1749 3501 testi,=

313 3538 416 3644 quod
435 3540 508 3615 hoc
527 3538 689 3619 debebat
706 3539 788 3617 fieri
810 3538 1021 3618 seeundum
1041 3556 1178 3644 puncta
1197 3539 1357 3629 ordinis,
1380 3556 1417 3616 et
1436 3540 1506 3616 nisi
1527 3540 1600 3618 hoc
1618 3540 1730 3618 vellet

314 3668 449 3759 lacere,
471 3668 627 3746 haberet
645 3670 733 3747 satis
752 3670 840 3775 pati.
863 3669 962 3749 Cum
981 3684 1109 3749 autem
1130 3669 1253 3745 dictus
1271 3668 1378 3745 testis
1397 3668 1539 3746 diceret
1558 3671 1592 3747 ei
1612 3699 1728 3777 quare

315 3826 391 3873 nou
419 3796 560 3873 dixerat
584 3798 656 3875 sibi
683 3799 848 3902 predicta
873 3800 912 3874 in
937 3798 1129 3904 presencia
1156 3797 1316 3876 aliorum
1343 3797 1516 3886 fratrum,
1536 3801 1731 3906 respondit

315 3927 419 4033 quod
446 3955 523 4004 nou
547 3927 736 4032 placuerat
761 3929 815 4017 ei;
835 3947 874 4009 et
896 3945 987 4007 tunc
1010 3929 1090 4037 ipse
1113 3930 1235 4017 testis,
1255 3927 1361 4005 velde
1386 3928 1519 4007 dolens
1538 3948 1577 4009 et
1593 3931 1728 4024 tristis,
1832 3906 1837 3915 ⁴

316 4058 463 4136 racione
478 4056 684 4164 juramenti
704 4086 772 4164 per
790 4087 878 4136 eum
896 4059 1040 4164 prestiti
1062 4059 1111 4136 de
1128 4057 1344 4137 obediendo
1364 4074 1403 4135 et
1419 4058 1556 4135 timore
1577 4060 1728 4152 ductus,

318 4187 509 4295 abnegavit
529 4189 654 4266 Deum
675 4217 739 4265 ore
759 4217 836 4267 non
859 4190 984 4266 corde.
1005 4187 1251 4267 Postmodum
1275 4188 1441 4295 precepit
1463 4188 1497 4265 ei
1518 4190 1640 4269 dictus
1658 4189 1731 4267 fra·

317 4336 375 4395 ter
392 4321 432 4397 P.
455 4318 559 4426 quod
577 4337 730 4425 spueret
749 4347 861 4426 super
880 4320 1070 4427 quandam
1088 4348 1237 4397 crucem
1255 4319 1486 4397 metallinam
1503 4320 1542 4396 in
1561 4350 1635 4427 qua
1654 4340 1732 4399 erat

318 4477 451 4557 ymago
478 4450 672 4539 Crucifixi,
700 4480 815 4558 quam
839 4452 942 4531 idem
963 4451 1077 4530 irater
1102 4452 1142 4528 P.
1164 4451 1318 4529 extraxit
1344 4450 1526 4528 desubtus
1559 4471 1732 4558 supertu-
1826 4449 1829 4455 ’

319 4579 436 4656 nicale
463 4609 592 4674 suum,
613 4582 701 4689 quia
723 4583 795 4661 boc
814 4582 977 4662 debebat
994 4583 1112 4662 lacere
1133 4580 1343 4659 secundum
1363 4582 1460 4659 dicta
1478 4600 1613 4689 puncta
1633 4584 1733 4660 ordi-

319 4712 395 4800 nis;
415 4711 483 4789 sed
509 4712 589 4818 ipse
617 4713 722 4792 testis
749 4713 873 4793 uoluit
898 4743 1034 4822 spuere
1053 4743 1167 4822 super
1193 4742 1291 4801 eam,
1323 4715 1389 4792 sed
1414 4742 1531 4823 prope
1548 4715 1666 4822 ipsam
1690 4716 1730 4792 in

318 4859 428 4920 terra.
457 4841 701 4923 Postmodum
729 4845 822 4922 dixit
845 4846 879 4927 ei
904 4845 1026 4953 quod,
1055 4845 1263 4924 secundum
1288 4845 1385 4923 dicta
1408 4863 1546 4953 puncta
1572 4847 1730 4934 ordinis,

1515 4985 1564 5066 57.
