4080 6052
485 533 683 626 esoces
709 551 803 624 ors
830 485 1130 624 ranr‘msss.
1442 557 1517 626 aaa

158 691 372 796 Requisitus
404 693 433 769 si
463 692 514 768 sie
544 693 770 798 deposuerat
797 719 927 797 prece,
959 709 1152 798 precepto,
1182 693 1336 783 timore,
1369 723 1515 784 arnore,

102 821 207 907 odio,
230 820 287 896 vel
312 822 509 926 temporali
533 822 695 901 comodo
728 821 857 899 habito
885 820 943 897 vel
970 821 1168 911 habendo,
1196 822 1388 926 respondit
1415 826 1519 929 quod

100 978 191 1038 non,
208 950 275 1026 sed
288 979 357 1056 pro
370 952 522 1029 veritate
536 952 706 1031 dicenda.
728 952 800 1030 Cui
814 950 887 1027 fuit
901 950 1113 1057 injunctum
1130 950 1235 1056 quod
1246 980 1323 1028 non
1341 953 1520 1031 revelaret

100 1082 195 1159 hanc
221 1110 326 1159 suam
353 1082 635 1186 deposicionem
656 1110 856 1188 quousque
876 1081 1132 1158 attestaciones
1155 1079 1296 1158 suerint
1315 1082 1515 1187 publicato.

157 1345 285 1421 Frater
305 1344 478 1423 Nicolaus
501 1345 549 1423 de
574 1342 810 1450 Compendio
834 1342 1115 1420 suessionensis
1138 1341 1314 1429 diocesis,
1337 1344 1514 1430 serviens,

99 1491 296 1578 preceptor
322 1475 459 1552 domus
484 1474 633 1580 Templi
662 1473 709 1549 de
735 1473 832 1578 Boys
853 1472 1050 1560 Destruez,
1077 1472 1183 1547 testis
1211 1500 1323 1576 supra
1346 1472 1514 1576 juratus,

98 1604 439 1709 quinquagenarius
458 1605 516 1682 vel
536 1604 649 1692 circa,
680 1630 758 1680 uon
785 1600 972 1678 defferens
999 1600 1221 1677 mantellum
1245 1601 1405 1693 ordinis,
1422 1606 1516 1708 'quia

96 1733 303 1812 voluntarie
321 1733 515 1811 dimiserat
534 1734 658 1840 ipsum
679 1731 726 1809 ab
746 1748 832 1809 octo
855 1730 990 1808 diebus
1009 1732 1116 1820 citra,
1139 1747 1176 1805 et
1195 1731 1274 1805 radi
1290 1731 1426 1808 lecerat
1444 1734 1514 1809 sibi

97 1863 270 1952 barbam,
290 1892 375 1941 cum
394 1892 470 1968 quo
489 1863 712 1966 inquisitum
739 1858 876 1948 luerat,
899 1858 1095 1936 absolutus
1115 1876 1153 1936 et
1170 1860 1433 1939 reconciliatus
1448 1893 1516 1970 per

98 1992 298 2071 dominum
325 1991 645 2099 arehiepiscopum
677 1993 901 2068 Remensem
932 1991 970 2065 in
996 1989 1154 2066 concilio
1175 1991 1370 2081 Remensi,
1394 2012 1516 2099 prote·
1565 2046 1569 2053 .

98 2121 261 2223 stacione
288 2121 466 2227 premissa
494 2121 600 2227 quod
627 2149 704 2197 uon
730 2119 893 2196 intendit
916 2120 1092 2196 recedere
1116 2150 1135 2195 a
1160 2121 1402 2227 deposicione
1424 2125 1514 2201 lacta

97 2279 223 2327 coram
252 2251 351 2329 dicto
382 2251 539 2328 domiuo
569 2249 861 2354 archiepiscopo.
897 2249 1017 2326 Lectis
1049 2266 1085 2324 et
1115 2248 1316 2356 diligenter
1341 2256 1515 2359 expositis

97 2379 168 2457 sibi
189 2380 367 2458 omnibus
388 2398 425 2455 et
451 2379 606 2486 singulis
633 2378 819 2469 articulis,
843 2378 1037 2482 respondit
1060 2379 1165 2484 quod
1184 2408 1377 2486 nunquam
1396 2383 1525 2488 alium

95 2510 237 2589 viderat
254 2510 368 2618 recipi
386 2511 425 2587 in
443 2511 596 2597 ordiner
616 2538 685 2588 nec
701 2508 922 2587 interfuerat
938 2509 1108 2613 capitulis
1123 2537 1271 2600 eorum,
1292 2539 1360 2588 nec
1377 2514 1515 2590 sciehat

96 2669 164 2719 nec
185 2641 361 2721 credebat
379 2671 448 2719 nec
468 2641 610 2718 audivit
631 2640 702 2716 dici
723 2639 777 2718 de·
787 2640 973 2718 contentis
994 2640 1031 2714 in
1054 2641 1107 2716 eis
1124 2640 1194 2716 nisi
1211 2643 1313 2746 quod
1331 2645 1511 2748 sequitur.

96 2769 225 2851 Credit
243 2790 370 2851 tamen
392 2773 496 2879 quod
517 2800 649 2851 omues
669 2771 730 2848 alii
751 2771 881 2849 fratres
901 2772 1045 2848 ordinis
1066 2773 1323 2877 reciperentur
1344 2801 1514 2851 commu-

95 2902 194 2978 niter
208 2903 304 2979 sicut
321 2903 402 3009 ipse
418 2903 488 2981 luit
506 2920 677 3007 receptus
692 2931 759 3007 per
771 2901 925 2981 fratrem
940 2902 1179 3008 Radulphum
1199 2903 1245 2977 de
1265 2901 1363 2991 Gisi,
1379 2923 1511 2982 testem

94 3060 203 3137 supra
218 3033 408 3139 juratum,
432 3034 471 3109 in
498 3031 593 3109 sesto
619 3031 719 3111 beati
747 3033 942 3110 Michaelis
964 3034 1133 3137 proximo
1157 3035 1335 3138 preterito
1359 3034 1514 3113 fuerunt

95 3188 130 3239 rr
161 3164 248 3239 anni
276 3163 334 3239 vel
358 3164 475 3252 circa,
504 3164 543 3239 in
575 3191 720 3241 camera
752 3164 915 3269 quadarn
947 3164 1083 3240 domus
1112 3164 1262 3269 Templi
1290 3164 1338 3241 de
1362 3166 1512 3273 Valleya

94 3294 289 3372 Trecensis
303 3294 477 3381 diocesis,
492 3293 738 3400 presentibus*
748 3293 924 3371 fratribus
936 3294 1104 3370 lohanne
1121 3294 1277 3369 nacione
1290 3295 1508 3400 Burgondo,

93 3423 308 3530 presbytero
334 3423 547 3530 quondam,
576 3423 758 3504 Gaulrido
790 3423 836 3500 de
867 3424 1018 3512 Trachi,
1045 3425 1214 3500 lohaune
1240 3424 1287 3498 de
1314 3424 1508 3515 Vernolio,

91 3552 282 3632 Ponsardo
303 3555 350 3630 de
369 3554 469 3641 Gisi,
489 3555 682 3660 quondam
711 3554 979 3641 servientibus,
1005 3581 1025 3627 a
1048 3582 1123 3658 quo
1145 3570 1356 3658 receptore,
1375 3553 1512 3630 instru-

94 3701 173 3762 ctus
195 3712 262 3788 per
284 3685 470 3788 quosdam
491 3684 583 3761 alios
602 3684 752 3770 fratres,
779 3683 893 3788 peciit
912 3711 1047 3789 panem
1066 3701 1103 3760 et
1123 3713 1276 3791 aquam,
1294 3684 1508 3761 societatem

93 3828 131 3888 et
151 3839 354 3917 pauperem
372 3814 548 3889 vestitum
568 3812 712 3892 ordinis
728 3840 854 3889 amore
867 3813 958 3900 Dei,
979 3830 1015 3888 et
1029 3811 1101 3888 suit
1117 3814 1150 3889 ei
1170 3842 1390 3919 responsum
1406 3817 1509 3922 quod

92 3941 190 4018 bene
210 3941 436 4020 deliberaret
462 3942 493 4019 si
519 3958 644 4047 posset
663 3942 883 4048 subportare
907 3972 1019 4020 onera
1041 3944 1202 4036 ordinis,
1226 3963 1263 4021 et
1281 3946 1385 4053 quod
1405 3975 1509 4054 gran-

92 4072 181 4148 dem
200 4101 281 4149 rem
303 4072 455 4178 petebat
479 4089 516 4150 et
540 4072 804 4150 honorabilem
825 4074 912 4162 sibi,
943 4075 973 4150 si
997 4091 1123 4179 posset
1143 4075 1331 4183 aggregari
1350 4094 1425 4152 tam
1446 4106 1508 4154 no

41 4227 47 4242 ·
90 4200 159 4278 bili
177 4201 368 4308 religioni3
389 4219 426 4280 et
441 4201 602 4307 petitum
620 4202 668 4281 ab
688 4230 732 4281 eo
744 4204 781 4279 si
803 4204 966 4283 habebat
984 4205 1242 4281 infirmitatem
1263 4204 1459 4296 latentem,
1475 4209 1506 4283 si

92 4349 169 4411 erat
184 4333 425 4410 matrimonio
442 4332 500 4411 vel
524 4331 632 4409 alteri
651 4333 823 4439 religioni
844 4352 908 4411 aut
928 4335 1066 4411 debitis
1082 4335 1283 4442 obligatus,
1302 4352 1340 4412 et
1352 4337 1383 4412 si
1398 4337 1507 4413 dede-

90 4482 146 4539 rat
164 4463 308 4570 aliquid
326 4464 430 4570 quod
445 4464 677 4569 reciperetur
694 4464 733 4540 in
750 4464 852 4543 dicto
869 4466 1018 4554 ordine,
1037 4467 1119 4542 etsi
1137 4465 1285 4543 volebat
1301 4467 1439 4544 intrare
1458 4468 1506 4543 ad

92 4593 357 4698 decepcionem
380 4595 499 4700 ipsius
524 4595 667 4672 ordinis
688 4595 745 4672 vel
771 4594 938 4701 alicujus.
956 4595 1120 4701 alterius.
1148 4598 1233 4688 Quo
1254 4599 1505 4703 respondente

91 4723 195 4827 quod
211 4752 308 4815 non,
325 4742 363 4800 et
377 4754 445 4830 pro
468 4725 548 4831 ejus
566 4725 785 4831 recepcione
804 4724 963 4803 instante
983 4743 1041 4802 ter
1059 4727 1296 4833 interpolate,
1322 4727 1506 4807 delibera-

91 4853 196 4929 cione
219 4853 413 4959 prehabito
434 4884 521 4934 cum
546 4854 656 4933 dictis
680 4853 859 4933 fratribus
882 4854 929 4931 de
956 4856 1174 4961 recipiendo
1200 4859 1393 4946 eumdem,
1419 4859 1504 4933 serit
