4080 6052
318 542 390 612 ros
703 516 899 613 rnocts
923 538 1018 611 nes
1043 537 1345 612 rnurmess.

370 684 480 773 ltem,
517 683 579 781 ad·
596 704 718 757 cxxuu
725 707 794 759 -vu
826 679 1036 787 respondit,
1067 696 1112 755 ut
1136 707 1264 785 supra,
1288 707 1328 757 se
1358 678 1510 755 credere
1539 708 1629 757 vera
1659 711 1743 761 esse

285 869 289 876 -
316 814 420 919 quod
440 811 596 889 confessi
618 809 784 888 fuerunt.

370 946 480 1034 Item,
502 940 706 1048 requisitus
729 941 759 1019 si
787 941 840 1018 sic
869 932 1045 1045 deposuit
1072 967 1199 1045 prece,
1226 940 1371 1043 precio,
1402 967 1548 1026 amore,
1579 941 1736 1036 timore,

314 1074 402 1150 odio
421 1073 480 1151 vel
499 1072 662 1150 comodo
680 1070 894 1176 temporali,
911 1072 1017 1178 quod
1037 1070 1115 1176 ipse
1133 1069 1194 1146 vel
1214 1070 1310 1146 alius
1329 1097 1399 1175 pro
1418 1097 1464 1146 eo
1484 1068 1668 1149 babuerit
1679 1075 1737 1152 vol

312 1204 452 1282 habere
467 1221 608 1311 speret,
624 1202 820 1309 respondit
834 1204 942 1309 quod
958 1229 1052 1290 non,
1067 1204 1135 1278 sed
1148 1229 1216 1307 pro
1233 1202 1388 1278 veritate
1403 1201 1614 1292 dumtaxat,
1630 1213 1668 1279 e't
1680 1222 1736 1282 est

313 1337 508 1433 sciendum
529 1334 634 1442 quod
657 1334 849 1440 predictus
871 1333 980 1409 testis
1003 1348 1060 1409 est
1082 1332 1284 1419 litteratus,
1303 1349 1342 1408 et
1361 1331 1600 1440 intelligebat
1617 1351 1656 1411 et
1679 1334 1737 1413 lo·

313 1465 501 1572 quebatur
517 1465 710 1554 Latinum,
734 1481 771 1539 et
790 1461 863 1540 fuit
880 1462 952 1539 sibi
970 1479 1191 1569 preceptum
1209 1490 1278 1567 per
1297 1462 1416 1538 dictos
1437 1461 1615 1539 dominos
1633 1466 1737 1543 odm-

312 1596 501 1672 missarios
520 1596 559 1671 in
578 1595 715 1671 virtute
733 1593 879 1700 prestiti
903 1595 1110 1701 juramenti
1129 1623 1198 1699 per
1218 1622 1305 1671 eum
1327 1621 1373 1670 ne
1393 1593 1577 1669 revelaret
1594 1595 1731 1674 dictam

315 1726 594 1831 deposicionem
613 1754 721 1803 suam
738 1752 938 1832 quousque
959 1724 1218 1802 attestaciones
1235 1724 1377 1802 fuerint
1394 1723 1592 1829 publicate.

371 1856 459 1932 Acta
478 1854 632 1933 fuerunt
646 1859 717 1935 bec
737 1857 799 1933 die
821 1874 860 1932 et
877 1855 960 1932 loco
979 1855 1172 1963 predictis,
1191 1856 1429 1960 presentibus
1443 1856 1618 1962 magistro
1633 1855 1732 1935 Arni·

312 1989 367 2063 sio
386 2004 424 2063 et
440 2016 501 2064 me
514 1984 767 2065 Floriamonte
788 1986 1005 2075 Dondedei,
1022 1987 1214 2064 Bemardo
1230 1986 1397 2076 Filiboli,
1411 1987 1605 2065 Bemardo
1620 1989 1733 2067 llum-

312 2115 426 2205 baldi,
438 2116 645 2195 Guillelmo
656 2116 844 2223 Radulpbi
857 2134 897 2195 et
907 2118 1067 2224 Hugone
1079 2116 1218 2193 Nicolei
1228 2117 1381 2192 notariis
1396 2115 1512 2222 hujus
1523 2145 1729 2221 processus.

368 2380 456 2457 Post
475 2381 560 2469 hec,
583 2382 645 2459 die
671 2382 795 2460 Sabati
821 2382 992 2488 sequenti
1019 2410 1093 2487 que
1119 2380 1191 2458 luit
1214 2408 1315 2461 xvuu
1334 2381 1474 2457 mensis
1492 2381 1728 2472 Decembris,

312 2529 567 2588 convenerunt
589 2513 629 2588 in
655 2512 752 2589 dicta
778 2513 893 2589 domo
917 2510 1063 2588 abbatis
1091 2510 1139 2587 de
1163 2512 1318 2588 Fiscano
1344 2512 1432 2588 dicti
1458 2482 1730 2590 domini'oom

311 2643 486 2735 missorii,
510 2660 548 2720 et
565 2641 638 2719 fuit
657 2644 843 2720 adductus
863 2644 911 2718 ad
929 2643 1160 2748 presenciam
1185 2642 1408 2718 eorumdem
1426 2641 1543 2718 stater
1557 2641 1731 2722 Galterus

312 2775 359 2849 de
386 2774 495 2849 Buris
518 2772 715 2877 presbiter,
738 2772 984 2880 Lingonensis
1009 2772 1183 2861 diocesis,
1206 2773 1327 2860 etatis,
1349 2790 1394 2850 ut
1417 2772 1578 2864 dicebat,
1599 2799 1643 2849 ιι
1663 2801 1728 2848 an—

310 2928 449 2977 norum
464 2901 523 2977 vel
538 2903 648 2991 circa,
668 2902 733 3008 qui
752 2901 900 2978 dicebat
916 2901 1085 2980 soluisse
1103 2902 1257 2979 indicto
1275 2903 1408 2980 ordine
1428 2901 1726 3009 Templan'orum

310 3058 379 3138 per
397 3058 461 3109 vru
476 3059 592 3108 annos
612 3049 696 3108 ante
713 3034 927 3136 capcionem
945 3061 1097 3124 eorum,
1115 3049 1153 3110 et
1171 3034 1423 3111 examinatum
1442 3034 1556 3113 firisse
1572 3035 1612 3110 in
1629 3032 1745 3112 lactc·

309 3160 611 3265 Templaricrum
634 3192 702 3271 per
720 3163 900 3238 ballivum
921 3164 1238 3274 Senonensemet
1256 3166 1501 3269 postmodum
1520 3194 1590 3272 per
1609 3166 1728 3244 domi·

309 3321 402 3368 num
421 3294 740 3399 archiepiscopum
757 3295 1013 3371 Senonensem
1027 3297 1094 3401 qui
1108 3314 1199 3373 tunc
1216 3297 1378 3388 vivebat,
1394 3314 1432 3373 et
1447 3297 1725 3375 reconciliatum

307 3422 421 3500 luisse
455 3425 615 3501 Senonis
644 3454 712 3530 per
744 3426 944 3502 dominum
972 3426 1190 3533 episcopum
1223 3427 1541 3517 Aurelianensem‚
1574 3447 1722 3504 vacante

306 3570 396 3629 tunc
416 3555 504 3631 sede
526 3556 752 3643 Senonensi,
775 3574 813 3633 et
840 3557 880 3631 in
909 3557 1066 3634 concilio
1094 3559 1302 3635 Senonensi
1333 3556 1548 3635 montellum
1578 3556 1723 3633 ordinis

306 3686 549 3788 postmodum
569 3687 766 3763 dimisisse.
789 3688 909 3764 Lectis
930 3707 1056 3765 autern
1077 3706 1115 3764 et
1137 3689 1336 3796 diligenter
1359 3686 1528 3794 expositis
1547 3686 1620 3763 sibi
1642 3717 1722 3765 om-

306 3815 418 3892 nibus
435 3834 472 3892 et
491 3817 646 3924 singulis
667 3817 833 3894 articulis
851 3820 1087 3925 supradictis,
1105 3822 1299 3925 respondit
1319 3824 1366 3897 ad
1388 3848 1451 3897 eos
1470 3837 1513 3896 ut
1532 3821 1722 3927 sequitur:

360 3948 406 4023 Et
425 3948 565 4052 primo,
588 3948 634 4022 ad
655 3949 796 4052 primos
816 3967 978 4054 quatuor
998 3950 1189 4041 articulos,
1214 3953 1260 4026 de
1282 3951 1548 4058 abnegacione,
1572 3951 1668 4028 dixit
1686 3980 1721 4028 se

303 4079 445 4155 nescire
476 4080 569 4185 quid
595 4079 809 4156 servabatur
829 4080 868 4155 in
887 4097 968 4158 toto
995 4083 1127 4159 ordine
1150 4082 1197 4158 de
1219 4083 1402 4158 contentis
1421 4082 1461 4156 in
1480 4082 1572 4187 ipsis
1592 4083 1722 4158 articu-

303 4206 364 4295 lis,
388 4209 453 4284 sed
473 4211 650 4286 credebat
677 4239 791 4314 super
818 4211 890 4288 hoc
918 4213 1052 4288 servari
1073 4214 1178 4318 quod
1198 4231 1383 4290 servatum
1408 4212 1531 4289 suerat
1554 4213 1594 4287 in
1625 4241 1721 4289 rece

302 4339 434 4442 pcione
467 4369 532 4416 sua
560 4341 653 4417 lacta
677 4341 717 4415 in
751 4342 889 4447 capella
918 4343 1055 4419 domus
1085 4343 1232 4448 Templi
1263 4345 1310 4420 de
1337 4346 1447 4421 Buris
1477 4343 1719 4450 Lingonensis

304 4469 478 4557 diocesis,
501 4499 569 4575 per
588 4471 740 4548 fratrem
756 4472 794 4547 P.
814 4473 860 4547 de
883 4472 1055 4579 Scivreyo
1072 4490 1331 4578 preceptorem
1346 4491 1435 4550 tunc
1453 4473 1550 4550 dicte
1568 4475 1716 4561 domus,

302 4601 540 4699 presentibus
559 4630 622 4679 ιιιι
639 4604 698 4679 vel
716 4629 791 4680 ιιιιι
808 4601 986 4679 fratribus
1005 4603 1092 4680 dicti
1109 4605 1267 4692 ordinis,
1282 4633 1378 4710 quos
1394 4632 1526 4682 omnes
1545 4604 1716 4681 credebat

303 4752 383 4801 esse
404 4745 587 4819 mortuos,
612 4734 714 4808 etde
733 4735 864 4839 majori
885 4751 988 4841 parte
1010 4761 1143 4810 eorum
1164 4734 1256 4810 dixit
1276 4764 1314 4812 se
1336 4763 1416 4812 esse
1438 4753 1598 4825 certum,
1619 4732 1714 4808 vide-

302 4855 389 4933 licet
418 4855 594 4936 fratribus
622 4853 790 4938 Jobanne
819 4864 866 4939 de
896 4864 1006 4941 Buris
1036 4864 1261 4969 presbitero,
1289 4867 1449 4943 Martino
1482 4865 1529 4942 de
1555 4863 1710 4950 Niciaoo,
