4080 6052
695 528 891 623 rroots
917 546 1013 623 ons
1037 545 1337 621 murmuras.
1651 547 1723 621 ur

311 690 490 796 Postque
514 689 635 766 dictus
654 706 825 797 receptor
846 687 1015 797 inposuit
1035 686 1089 764 eis
1110 685 1324 775 mantellos,
1347 706 1385 764 et
1403 689 1482 792 ipse
1499 706 1670 792 receptor
1689 707 1727 766 et

309 820 438 899 fratres
457 834 626 909 astantes,
646 820 694 898 de
713 847 878 929 quorum
903 817 1121 897 nominibus
1141 846 1218 894 non
1237 817 1467 907 recordatur,
1487 816 1643 894 fuerunt
1663 846 1726 895 eos

307 949 460 1026 osculati
473 950 512 1026 in
530 976 607 1042 ore,
626 967 664 1026 et
675 950 832 1058 quidam
844 949 957 1027 frater
970 946 1156 1055 presbiter
1165 949 1326 1038 ordinis,
1337 949 1402 1056 qui
1417 949 1560 1035 aderat,
1577 948 1728 1026 dicebat

306 1079 487 1184 quasdam
507 1077 710 1172 oraciones,
729 1070 848 1161 nescit
855 1110 959 1189 quas,
977 1077 1186 1157 ethabebat
1199 1109 1334 1185 aquam
1352 1079 1606 1165 benedictam,
1624 1097 1726 1185 post·

305 1209 465 1289 modum
499 1209 621 1287 dictus
648 1227 819 1317 receptor
848 1211 1021 1290 instruxit
1048 1237 1137 1286 eum
1167 1227 1261 1316 quot
1285 1212 1396 1288 Pater
1425 1226 1540 1286 noster
1562 1209 1725 1285 debebat

307 1337 431 1416 dicere
446 1368 514 1445 pro
533 1340 637 1418 horis
656 1341 746 1429 suis,
762 1356 801 1419 et
820 1341 978 1447 qualiter
998 1339 1160 1417 debebat
1178 1367 1218 1416 se
1238 1367 1369 1447 regere
1389 1341 1429 1414 in
1446 1338 1609 1427 ecclesia,
1627 1356 1664 1414 et
1685 1340 1725 1414 in

308 1468 437 1559 domo,
453 1486 490 1545 et
506 1485 617 1559 extra,
638 1487 676 1545 et
687 1470 806 1546 multa
826 1471 896 1547 alia
911 1471 1010 1547 bona
1030 1487 1068 1546 et
1082 1470 1240 1546 honesta
1255 1469 1348 1544 dixit
1360 1470 1394 1545 ei
1410 1485 1448 1544 et
1463 1467 1543 1544 aliis
1561 1467 1722 1546 duobus.
1767 1512 1776 1529 ·
1811 1568 1818 1584 ·

306 1598 391 1674 Post
410 1627 484 1703 que
497 1598 659 1705 'quidam
685 1600 732 1676 de
756 1600 941 1677 militibus
966 1599 1108 1677 ordinis
1132 1599 1355 1687 astantibus,
1375 1598 1483 1706 cujus
1506 1626 1583 1675 non
1612 1597 1727 1676 habet

305 1727 490 1818 noticiam,
501 1730 612 1805 traxit
628 1730 752 1835 ipsum
768 1746 903 1808 testem
923 1747 1024 1806 retro
1042 1728 1173 1817 altare,
1190 1728 1359 1834 predicto
1374 1745 1567 1833 receptore
1588 1744 1627 1803 et
1645 1727 1731 1805 aliis

304 1857 370 1962 qui
388 1858 543 1934 aderant
560 1859 843 1937 remanentibus
861 1860 902 1934 in
922 1858 1005 1936 loco
1022 1858 1061 1933 in
1083 1885 1160 1964 quo
1182 1875 1303 1945 erant,
1316 1875 1354 1934 et
1374 1857 1497 1934 dictus
1512 1856 1621 1934 miles
1639 1884 1725 1963 pre-

306 1986 403 2090 cepit
422 1988 456 2063 ei
480 1988 587 2094 quod
610 1988 812 2096 abnegaret
827 1988 971 2077 Deum3
991 2016 1067 2095 quo
1087 1987 1337 2094 respondente
1355 2014 1394 2064 se
1412 1985 1518 2063 nullo
1539 1986 1653 2064 modo
1671 1985 1724 2062 sa-

306 2133 472 2205 cturum,
481 2119 648 2225 precepit
657 2120 691 2195 ei
705 2118 809 2226 quod
823 2117 1023 2225 abnegaret
1035 2118 1070 2196 la
1081 2118 1264 2224 propheta
1275 2117 1374 2226 [sic],
1389 2118 1517 2224 etipse
1530 2117 1725 2222 respondit

306 2246 410 2354 quod
434 2249 624 2326 nesciebat
642 2249 736 2355 quid
754 2252 827 2328 hoc
850 2267 944 2343 erat,
968 2250 1036 2326 sed
1059 2250 1089 2326 si
1111 2266 1190 2325 erat
1212 2248 1384 2326 diabolus
1410 2246 1616 2353 abnegabat
1635 2275 1724 2323 eum

307 2395 344 2453 et
368 2363 493 2456 omnia
518 2407 631 2485 opera
656 2380 754 2488 ejus;
779 2380 1024 2487 postmodum
1052 2378 1219 2487 precepit
1243 2380 1277 2454 ei
1305 2380 1409 2485 quod
1431 2394 1584 2484 spueret
1611 2405 1725 2481 super

306 2509 495 2615 quandam
514 2538 680 2615 crucem,
702 2512 821 2589 nescit
843 2513 873 2588 si
898 2509 1061 2618 ligneam
1086 2509 1145 2586 vel
1164 2508 1410 2600 metallinam,
1433 2534 1507 2614 que
1528 2522 1606 2584 erat
1619 2505 1723 2612 juxta

306 2638 449 2716 dictum
474 2638 605 2726 altare,
629 2641 768 2748 etipse
794 2642 989 2748 respondit
1013 2640 1116 2747 quod
1141 2639 1248 2716 nullo
1267 2639 1385 2717 modo
1407 2640 1480 2716 hoc
1506 2637 1660 2726 iaceret,
1688 2657 1725 2714 et

306 2796 392 2845 cum
424 2768 517 2847 alter
551 2771 691 2849 diceret
717 2771 822 2878 quod
848 2772 966 2847 immo
998 2769 1194 2876 oportebat
1227 2797 1316 2847 eum
1345 2795 1497 2876 spuere,
1532 2768 1726 2875 respondit

305 2899 383 3002 ipse
402 2901 509 2979 testis
526 2901 647 3008 quod,
669 2902 739 2978 nisi
758 2901 965 2979 dimitteret
984 2930 1088 2989 eum,
1104 2900 1183 3006 ipse
1204 2900 1378 2977 clamaret
1397 2901 1435 2975 in
1452 2916 1599 2976 tanturn
1620 2898 1723 3004 quod

305 3045 410 3134 pater
428 3057 520 3106 suus
534 3048 573 3106 et
592 3031 769 3109 dominus
788 3033 835 3108 de
853 3032 1052 3120 Mereorio,
1074 3031 1140 3137 qui
1161 3031 1259 3106 dicta
1278 3031 1338 3107 die
1359 3045 1443 3107 ante
1462 3030 1613 3107 missam
1634 3056 1722 3106 eum

305 3157 442 3235 fecerat
450 3159 621 3247 militem,
637 3180 674 3237 et
686 3162 794 3239 multi
811 3161 873 3238 alii
885 3162 1042 3253 nobiles,
1056 3162 1121 3267 qui
1140 3178 1246 3236 erant
1264 3177 1364 3236 extra
1382 3160 1517 3237 dictam
1529 3161 1720 3267 capellam,

306 3290 481 3366 audirent
490 3307 527 3367 et
540 3291 735 3382 intrarent3
751 3310 790 3369 et
807 3310 896 3369 tunc
917 3293 1038 3370 dictus
1057 3291 1166 3368 miles
1186 3291 1277 3368 dixit
1296 3292 1330 3368 ei
1348 3292 1452 3399 quod
1472 3291 1593 3368 saltim
1611 3321 1723 3397 spue-

304 3437 362 3499 net
386 3447 500 3525 super
518 3437 656 3498 terram
672 3422 778 3528 juxta
805 3423 942 3499 dictam
966 3451 1135 3510 crucem,
1163 3439 1201 3498 et
1229 3422 1308 3528 ipse
1337 3423 1453 3527 spuit;
1478 3422 1721 3528 postmodum

306 3550 397 3628 dixit
426 3551 459 3627 ei
487 3551 608 3630 dictus
634 3553 743 3631 miles
762 3555 868 3661 quod
892 3554 922 3631 si
951 3554 1108 3631 haberet
1134 3554 1295 3629 calorem
1326 3552 1551 3639 naturalem,
1578 3567 1724 3657 poterat

306 3680 537 3756 commisceri
568 3683 761 3765 carnaliter
781 3713 867 3761 cum
887 3682 1064 3760 fratribus
1074 3665 1236 3768 ordinis,
1256 3681 1504 3787 quodtamen
1522 3709 1598 3758 non
1618 3678 1720 3770 lecit,

306 3835 375 3884 nec
393 3807 468 3885 fuit
484 3811 703 3916 requisitus,
722 3840 792 3888 nec
811 3813 954 3889 audivit
971 3813 1043 3888 dici
1062 3812 1166 3918 quod
1184 3812 1225 3887 in
1245 3811 1377 3887 ordine
1399 3811 1507 3889 fieret
1524 3812 1571 3889 ab
1591 3811 1724 3918 aliqui-

305 3937 378 4015 bus
398 3936 575 4016 fratribus
594 3940 746 4018 ordinis.
769 3943 826 4019 De
846 3941 976 4018 osculo
995 3942 1194 4019 inhonesto
1213 3942 1271 4017 vel
1291 3940 1482 4047 de-aliqua
1502 3942 1572 4019 alia
1590 3969 1631 4018 re
1651 3942 1724 4018 illi-

306 4070 375 4145 cita
397 4096 474 4146 non
495 4067 568 4146 tuit
592 4070 713 4148 dictus
735 4072 844 4149 miles
863 4071 921 4148 vel
941 4071 1075 4178 aliquis
1095 4073 1205 4160 alius,
1225 4071 1265 4146 iu
1285 4069 1384 4147 dicta
1399 4071 1618 4178 recepcione
1639 4100 1720 4160 sua,

305 4199 453 4278 locutus
473 4201 614 4293 eidem,
635 4231 704 4279 nec
722 4202 829 4291 vidit,
852 4229 922 4278 nec
941 4203 1045 4280 scivit
1069 4203 1099 4280 si
1124 4202 1214 4278 dicti
1239 4202 1316 4279 duo
1340 4201 1536 4308 presbiteri
1564 4201 1725 4308 abnega·

305 4348 440 4407 verunt
456 4332 514 4407 vel
533 4332 703 4411 lecerunt
731 4335 855 4441 aliqua
878 4333 1017 4411 illicita.
1046 4333 1260 4440 Requisitus
1285 4333 1314 4411 si
1340 4332 1459 4410 credit
1477 4334 1583 4441 quod
1603 4333 1643 4409 in
1667 4360 1726 4409 re-

306 4461 545 4564 cepcionibus
575 4463 734 4540 aliorum
759 4465 807 4543 de
835 4464 967 4541 ordine
988 4481 1197 4543 servaretur
1221 4463 1472 4540 communiter
1500 4461 1575 4543 ille,
1588 4464 1726 4540 modus

306 4590 372 4694 qui
391 4589 513 4668 fuerat
529 4612 693 4671 servatus
712 4595 751 4671 in
770 4624 836 4672 sua
855 4595 981 4702 quoad
1005 4594 1069 4672 illa
1094 4594 1238 4683 illicita,
1262 4594 1458 4701 respondit
1480 4594 1585 4701 quod
1609 4596 1725 4702 magis

305 4721 425 4796 credit
450 4722 554 4827 quod
578 4752 655 4800 non
680 4753 793 4830 quam
814 4726 918 4832 quod
942 4727 1009 4815 sic,
1032 4726 1120 4833 quia
1145 4723 1316 4801 interfuit
1339 4724 1512 4832 pluribus
1536 4725 1722 4832 capitulis,
1789 4754 1792 4762 ·

306 4852 602 4930 etnescivitnec
620 4856 761 4934 audivit
779 4856 853 4933 dici
870 4857 976 4964 quod
993 4857 1161 4964 predicta
1182 4856 1309 4933 illicita
1332 4855 1619 4966 injungerentur
1642 4857 1725 4969 fieri

389 4988 492 5050 enoris
514 5011 565 5053 ors
586 5012 848 5056 reuertens-1,
1248 5063 1250 5066 ,
1537 4993 1576 5054 53
