4080 6052
330 547 401 621 aaa
712 528 1354 625 procas-nssrsurnlaas.

327 691 491 778 cionem,
509 717 577 795 per
601 691 696 768 duos
716 718 833 768 annos
855 689 913 766 vel
938 688 1060 795 quasi,
1087 688 1127 763 in
1152 688 1291 795 capella
1312 715 1378 765 sua
1395 685 1660 778 Ambianensi,
1680 691 1742 795 qui

199 798 203 806 ¹
327 819 498 896 similiter
520 818 691 914 absolvit,
719 822 891 926 imposita
914 819 985 896 sibi
1007 819 1217 926 penitencia
1241 817 1345 925 quod
1363 845 1432 923 per
1456 845 1581 895 unum
1604 845 1741 896 annum

326 966 492 1055 portaret
518 968 574 1027 ter
593 951 632 1027 in
653 951 863 1029 ebdomada
887 949 1021 1040 cilicia,
1044 965 1082 1027 et
1099 976 1294 1056 nunquam
1316 947 1455 1027 faceret
1473 947 1560 1025 fieri
1576 948 1735 1054 predicta

326 1079 467 1166 illicita,
490 1108 560 1156 nec
579 1097 676 1157 esset
695 1081 735 1157 in
753 1082 836 1159 loco
851 1081 890 1156 in
909 1108 986 1187 quo
1006 1079 1152 1157 fierent.

379 1210 593 1315 Requisitus
611 1209 642 1287 si
660 1211 712 1288 sic
728 1212 951 1317 deposuerat
966 1237 1088 1316 prece,
1104 1226 1294 1314 precepto,
1311 1208 1461 1297 timore,
1482 1235 1623 1297 amore,
1641 1207 1733 1300 odio,

321 1340 379 1417 vel
411 1341 609 1448 temporali
638 1343 797 1420 comodo
832 1342 962 1420 habito
993 1340 1052 1419 vel
1080 1339 1277 1432 babendo,
1302 1338 1497 1445 respondit
1520 1339 1626 1447 quod
1647 1358 1737 1430 non;

324 1458 390 1547 sed
414 1501 483 1577 pro
508 1472 661 1548 veritate
691 1471 864 1565 dicenda,
891 1488 930 1549 et
950 1471 1068 1549 salute
1089 1470 1212 1547 anime
1237 1498 1324 1562 sue,
1351 1471 1411 1546 cui
1435 1468 1510 1546 fuit
1532 1470 1739 1578 injunctum

321 1627 389 1704 per
410 1601 527 1679 dictos
547 1602 721 1680 dominos
742 1601 1034 1690 commissarios,
1060 1601 1099 1677 in
1121 1601 1258 1677 virtute
1277 1600 1489 1709 juramenti·
1506 1600 1650 1707 prestiti
1670 1629 1736 1706 per

322 1731 518 1818 eumdem,
545 1734 649 1837 quod
672 1760 749 1810 non
773 1730 953 1810 revelaret
974 1732 1070 1808 banc
1090 1760 1196 1808 suam
1223 1730 1521 1836 deposicionem,
1545 1757 1730 1838 quousque

322 1863 579 1939 attestaciones
592 1860 733 1941 fiserint
749 1861 949 1969 publicata.

375 1991 464 2068 Acta
483 1992 638 2069 fuerunt
656 1993 727 2069 bec
747 1992 807 2068 die
827 2010 864 2069 et
880 1990 963 2071 loco
982 1991 1177 2098 predictis,
1202 1990 1732 2098 presente-magistroAmisio,

321 2149 382 2196 me
400 2122 653 2200 Floriamonte
668 2122 884 2216 Dondedei,
901 2139 941 2200 et
960 2122 1040 2201 aliis
1054 2122 1208 2201 notariis
1227 2150 1339 2228 supra
1358 2121 1495 2201 ultimo
1513 2122 1719 2200 nominatis.

375 2384 573 2477 Posthac,
592 2385 653 2461 die
673 2386 829 2465 Veneris
851 2385 1041 2492 sequenti,
1054 2377 1132 2492 'que
1152 2383 1226 2461 luit
1243 2408 1367 2464 xxvuu
1388 2382 1470 2461 dies
1490 2382 1583 2460 dicti
1604 2382 1735 2461 mensis

319 2514 500 2602 Januarii,
516 2513 590 2621 fuit
607 2515 791 2593 adductus
810 2515 858 2592 ad
877 2516 1108 2623 presenciam
1129 2514 1353 2593 eorumdem
1372 2513 1620 2591 dominorum
1642 2543 1734 2592 corn

319 2646 591 2739 missariorum,
610 2647 650 2723 in
665 2647 780 2723 domo
802 2646 1190 2753 fratrum-Mirum,
1213 2673 1328 2753 quam
1346 2645 1454 2753 juxta
1475 2673 1609 2723 eorum
1625 2644 1735 2723 eccle

198 2873 201 2877 ,
318 2776 411 2852 siam
441 2778 632 2855 consuevit
654 2778 862 2854 inhabitare
891 2776 1068 2855 dominus
1100 2775 1296 2882 episcopus
1325 2775 1600 2867 Laudunensis,
1623 2773 1730 2850 frater

200 2993 202 2995 ,
316 2903 505 2982 lohannes
518 2906 564 2982 de
585 2924 710 2984 sancto
721 2908 828 2985 lusto
845 2907 1023 2997 serviens,
1044 2905 1275 2983 Belvacensis
1293 2904 1470 2994 diocesis,
1504 2905 1603 3000 testis
1621 2931 1730 3009 supra

313 3033 479 3139 juratus,
503 3052 545 3111 ut
565 3035 770 3142 deponeret
790 3037 932 3113 dictum
957 3064 1087 3127 suum,
1112 3034 1335 3111 mantellum
1361 3034 1507 3113 ordinis
1527 3051 1565 3112 et
1578 3032 1731 3111 barbam

321 3162 522 3253 defferens,
543 3164 649 3241 etatis
665 3191 750 3242 ιιιιιιι
770 3194 956 3243 annorum
971 3166 1028 3242 vel
1044 3164 1155 3252 circa,
1178 3194 1263 3241 cum
1278 3191 1356 3270 quo
1375 3162 1499 3242 fuerat
1517 3165 1734 3272 inquisitum

318 3321 386 3397 per
406 3293 604 3370 dominum
626 3295 946 3401 archiepiscopum
966 3297 1212 3381 Remensem‚
1239 3311 1277 3371 et
1299 3293 1493 3373 absolutus
1512 3314 1550 3371 et
1572 3297 1736 3373 reconci-

317 3423 428 3500 liatus
448 3452 514 3529 per
533 3454 621 3500 eum
639 3426 676 3499 in
696 3424 854 3501 concilio
871 3425 1057 3501 Remensi.
1079 3424 1200 3501 Lectis
1218 3441 1344 3500 autem
1365 3440 1402 3500 et
1419 3424 1615 3530 diligenter
1623 3451 1730 3529 expo

316 3554 395 3631 sitis
413 3555 483 3631 sibi
508 3554 684 3632 omnibus
708 3572 745 3630 et
767 3554 923 3661 singulis
948 3555 1129 3643 articulis,
1157 3554 1353 3661 respondit
1375 3554 1419 3631 ad
1441 3581 1517 3644 eos,
1545 3570 1583 3628 et
1605 3554 1728 3658 primo

317 3685 364 3760 ad
383 3686 525 3790 primos
544 3712 624 3775 ιιιιι,
650 3686 921 3791 protestacione
942 3687 1137 3791 premissa,
1164 3687 1269 3793 quod
1292 3714 1370 3762 non
1394 3683 1608 3761 intendebat
1630 3711 1729 3760 rece·

318 3814 406 3891 dere
426 3845 445 3890 a
466 3816 704 3922 deposicione
717 3833 754 3892 et
769 3814 999 3893 consessione
1017 3845 1084 3921 per
1100 3845 1189 3892 eum
1206 3816 1310 3893 lactis
1325 3845 1450 3894 coram
1467 3815 1566 3894 dicto
1580 3815 1733 3891 domino

198 3946 200 3951 ’
317 3946 594 4053 archiepiscopo
613 3947 804 4037 Remensi,
826 3946 930 4053 quod
946 3946 1134 4023 nesciebat
1149 3947 1177 4023 si
1195 3962 1368 4023 contenta
1388 3947 1426 4022 in
1445 3946 1556 4022 dictis
1575 3944 1732 4021 articulis

318 4094 421 4152 erant
447 4106 531 4154 vera
563 4078 619 4155 vel
646 4107 739 4167 non,
767 4080 954 4185 quianon
982 4077 1202 4156 interfuerat
1232 4077 1440 4184 recepcioni
1467 4076 1626 4184 alicujus
1647 4075 1731 4151 alte·

316 4205 411 4291 rius,
434 4235 502 4284 nec
520 4209 691 4313 capitulis
712 4238 861 4296 eorum,
882 4239 951 4286 nec
972 4209 1110 4286 sciebat
1133 4207 1230 4285 bene
1252 4208 1356 4314 quod
1379 4206 1552 4282 crederet
1578 4207 1624 4283 de
1653 4234 1732 4283 con-

316 4337 429 4412 tentis
449 4340 486 4413 in
507 4339 597 4445 ipsis
615 4340 795 4426 articulis,
817 4339 998 4447 quianon
1017 4357 1169 4417 steterat
1188 4340 1227 4415 in
1246 4339 1393 4427 ordine,
1416 4338 1487 4415 nisi
1505 4366 1576 4444 per
1598 4364 1730 4413 annum

317 4497 402 4543 cum
423 4468 597 4559 dimidio,
619 4472 676 4547 vcl
697 4472 806 4562 circa,
825 4488 908 4546 ante
928 4472 1142 4578 capcionem
1166 4499 1317 4558 eorum3
1340 4468 1462 4546 luerat
1486 4487 1616 4547 tamen
1645 4495 1730 4543 rece

317 4615 404 4698 ptus
426 4599 464 4673 in
489 4601 651 4704 quadam
677 4603 738 4678 die
763 4602 959 4680 Dominica
984 4603 1078 4678 circa
1105 4600 1243 4679 festum
1262 4601 1465 4678 Nativitatis
1485 4601 1596 4678 beate
1623 4599 1727 4678 Maris
1780 4634 1782 4638 >

316 4724 464 4802 lucrant
482 4755 535 4804 1111
554 4733 657 4821 anni,
675 4733 732 4808 vel
748 4732 859 4823 circa,
878 4760 946 4839 per
964 4732 1117 4810 fratrem
1130 4732 1377 4839 Baudoynum
1391 4731 1449 4807 ⁴de
1472 4747 1601 4809 sancto
1632 4734 1726 4808 lusto

314 4874 572 4962 preceptorem
593 4859 639 4936 de
660 4863 831 4955 Pontivo,
854 4864 1081 4943 avunculum
1100 4893 1231 4955 suum,
1251 4864 1288 4939 in
1310 4862 1451 4968 capella
1470 4864 1610 4941 domus
1630 4865 1724 4939 Tem·
