4080 6052
337 523 410 593 arc
719 498 914 591 eneces
940 516 1035 587 ons
1062 515 1362 589 venemo-as.

335 661 573 737 ordinacione
609 658 718 735 beati·
740 659 920 736 Bernardi
951 656 1053 763 cingi
1079 656 1268 734 debebant
1300 685 1416 764 super
1450 654 1655 732 camissias
1684 687 1761 735 cum

334 790 474 896 quihus
483 789 673 896 jacebant,
695 807 892 898 tangerent
906 788 1025 893 capita
1039 786 1254 893 ydolorum.
1274 787 1482 866 Dicebatur
1499 786 1559 862 eis
1578 787 1687 892 quod
1702 806 1761 866 sta·

335 921 402 996 tim
427 948 496 1024 pro
521 918 695 1024 professis
717 920 962 1006 habebantur,
991 916 1156 994 sednon
1175 917 1316 1023 juravit
1341 918 1522 994 ordinem
1549 944 1633 993 non
1652 919 1753 996 exire.

334 1048 573 1126 Clandestine
593 1049 880 1154 recipiebantur,
904 1078 947 1126 ex
972 1075 1049 1153 quo
1073 1065 1151 1123 erat
1169 1047 1331 1153 suspicio
1353 1064 1485 1124 contra
1502 1074 1585 1124 eos.
1606 1048 1681 1124 Non
1694 1079 1753 1126 au·

335 1180 430 1254 divit·
442 1181 546 1285 quod
562 1178 697 1285 aliquis
716 1196 905 1257 recusaret
924 1179 963 1254 in
982 1178 1201 1283 recepcione
1225 1207 1291 1254 sua
1310 1178 1431 1255 facere
1451 1176 1588 1253 illicita
1613 1179 1659 1255 de
1679 1183 1753 1287 qui-

334 1309 406 1384 hus
438 1336 550 1415 snpra
577 1308 771 1413 deposuit,
803 1338 871 1386 nec
899 1307 1006 1415 quod
1035 1307 1075 1383 in
1102 1307 1252 1413 speciali
1278 1307 1523 1384 inhiberetur
1549 1311 1658 1414 quod
1686 1338 1754 1387 non

335 1438 541 1514 revelarent
578 1437 734 1515 modum
766 1439 995 1545 reccpcionis
1025 1465 1176 1529 eorum;
1204 1437 1272 1514 sed
1298 1467 1366 1543 per
1396 1456 1680 1516 sacramentum
1710 1443 1755 1516 in-

329 1568 559 1674 jungebatur
579 1568 631 1643 eis
651 1569 754 1674 quod
774 1596 851 1645 non
871 1567 1079 1645 revelarent
1098 1586 1238 1645 secreta
1258 1567 1541 1674 capituliorum.
1565 1570 1644 1646 Non
1666 1570 1752 1648 inhi-

333 1696 493 1773 bebatur
511 1698 616 1803 quod
640 1726 716 1774 non
741 1697 1012 1775 confiterentur
1038 1697 1109 1774 nisi
1139 1698 1394 1775 sacerdotibus
1422 1698 1581 1775 ordinis.
1611 1701 1749 1779 Fratres

334 1828 491 1903 scientes
517 1855 662 1904 errores
681 1827 835 1904 fuerunt
854 1827 1101 1933 negligentes,
1123 1827 1212 1932 quia
1231 1856 1307 1904 non
1328 1846 1580 1904 correxerunt
1602 1856 1663 1906 eos
1684 1858 1747 1906 nec

334 1958 653 2034 denunciaverunt
671 1956 846 2032 Ecclesia.
875 1956 1106 2032 Elcmosinas
1131 1973 1169 2032 ct
1191 1956 1487 2063 hospitalitatem
1509 1957 1606 2035 vidit
1629 1986 1751 2036 conve·

333 2087 480 2162 nienter
500 2084 580 2161 fieri
604 2103 641 2162 et
661 2085 795 2162 servari
814 2086 853 2160 in
879 2085 1056 2162 domibus
1076 2084 1220 2161 ordinis
1241 2087 1280 2163 in
1297 2086 1441 2192 quibus
1457 2084 1536 2163 fuit
1553 2115 1752 2166 commora-

332 2232 410 2303 tus3
432 2244 501 2290 nec
528 2215 671 2292 audivit
700 2217 753 2291 eis
776 2215 917 2321 precipi
947 2216 1052 2321 quod
1073 2231 1147 2321 per
1172 2214 1274 2293 nefas
1302 2217 1563 2322 acquirerent,
1593 2246 1664 2295 nec
1688 2219 1750 2295 dici

333 2347 435 2449 quod
466 2345 638 2421 excubias
660 2362 847 2450 ponerent
866 2346 904 2420 in
927 2344 1098 2450 capitulis
1117 2372 1265 2433 eorum,
1288 2348 1477 2452 necquod
1496 2346 1680 2425 familiam
1699 2379 1753 2426 ex·

332 2474 526 2578 pellerent.
546 2475 653 2552 Clam
667 2493 793 2552 tamen
808 2504 851 2552 ea
869 2492 998 2552 tenere
1019 2475 1250 2554 dicebantur.
1266 2477 1382 2570 Quod
1401 2505 1568 2584 magnus
1588 2481 1754 2588 Magister

333 2633 420 2680 cum
448 2623 633 2682 conventu
661 2606 870 2682 ordinasset
896 2633 1040 2699 servare
1067 2605 1229 2683 debehat
1250 2608 1362 2698 ordo,
1389 2637 1467 2685 non
1494 2627 1625 2686 tamen
1643 2640 1753 2717 qnan-

335 2734 459 2840 doque
484 2734 711 2812 servabatur.
733 2735 875 2813 Contra
899 2763 1011 2838 quem
1034 2736 1208 2813 ordinem
1235 2737 1389 2841 grandia
1415 2739 1614 2828 scandala,
1638 2743 1751 2846 suspi-

335 2865 391 2939 cio
413 2882 450 2940 et
467 2865 618 2941 infamia
638 2883 726 2943 sunt
746 2881 872 2942 exorta
891 2847 1046 2971 propter
1063 2864 1246 2971 predicta,
1267 2897 1340 2972 que
1361 2870 1487 2947 credit
1504 2871 1618 2949 baisse
1638 2872 1750 2948 mani·

332 2991 425 3069 festa
443 2993 619 3073 fratribus
646 2995 804 3083 ordinis,
827 3023 903 3071 non
930 2995 1128 3084 extraneis;
1154 3013 1191 3072 et
1215 2996 1356 3073 audivit
1380 2998 1455 3074 dici
1482 3027 1662 3107 magnum
1679 3003 1751 3078 hla-

332 3122 489 3226 gistrum
511 3141 549 3200 et
568 3125 659 3200 alios
673 3125 820 3230 aliquos
837 3153 999 3213 errores,
1021 3127 1139 3202 nescit
1158 3155 1270 3231 quos,
1293 3127 1361 3203 sed
1380 3131 1500 3237 magis
1519 3132 1639 3207 credit
1653 3133 1752 3236 quod

334 3250 419 3328 illos
432 3281 526 3357 quos
547 3255 624 3358 ipse
646 3256 836 3330 consessus
853 3273 922 3343 est,
942 3255 1056 3333 luisse
1073 3257 1259 3333 consessos
1275 3276 1402 3336 contra
1419 3261 1610 3349 ordinem;
1632 3265 1680 3338 ad
1695 3293 1753 3337 cu·

329 3384 393 3487 jus
414 3383 684 3460 deffensionem
706 3415 744 3461 se
764 3414 839 3460 non
860 3385 1047 3462 obtulerat
1063 3417 1131 3463 nec
1149 3389 1408 3492 questionatus
1424 3391 1560 3475 fueram
1583 3393 1650 3467 sed
1669 3421 1752 3496 pre

333 3514 448 3588 dictas
478 3514 767 3619 abnegacionem
794 3533 831 3590 et
856 3516 1089 3620 spuicionem
1121 3536 1251 3623 sponte
1282 3520 1469 3597 consessus
1495 3549 1617 3595 coram
1645 3522 1747 3595 dicto

332 3643 487 3719 domino
503 3645 756 3719 Lemovicensi
774 3645 964 3750 episcope,
982 3649 1047 3752 qni
1059 3648 1266 3724 absolverat
1282 3668 1318 3725 et
1331 3650 1626 3726 reconciliaverat
1639 3679 1749 3725 eum-

332 3772 438 3859 dem;
460 3790 496 3847 et
516 3772 587 3848 luit
605 3792 690 3849 ante
712 3774 793 3880 ejus
815 3774 1094 3879 deposicionem
1116 3795 1342 3883 protestatus
1358 3781 1463 3885 quod
1481 3809 1557 3856 non
1577 3781 1750 3857 intende-

331 3900 393 3975 bat
414 3904 587 3979 recedere
609 3935 629 3981 a
650 3905 889 4010 deposicione
911 3936 978 4010 per
996 3910 1118 4013 ipsum
1139 3910 1231 3985 lacta
1256 3940 1379 3986 coram
1401 3913 1557 3988 domino
1577 3912 1748 4016 episcopo

331 4052 550 4110 memorato.

385 4166 635 4269 Requisitussi
652 4167 703 4241 sic
716 4167 940 4273 deposuerat
954 4199 1079 4275 prece,
1098 4190 1288 4277 precepto,
1309 4174 1460 4261 timore,
1477 4203 1624 4260 amore,
1641 4173 1746 4257 odio,

329 4290 385 4364 vel
402 4297 560 4370 comodo
581 4298 777 4402 temporali
794 4299 921 4377 habito
944 4301 1001 4376 vel
1016 4301 1211 4389 habendo,
1230 4305 1425 4409 respondit
1445 4306 1552 4409 quod
1569 4334 1663 4390 non,
1686 4303 1746 4378 sed

330 4450 397 4522 pro
418 4426 567 4501 veritate
600 4429 769 4504 dicenda.
799 4429 869 4506 Cui
896 4429 967 4506 luit
992 4431 1204 4536 injunctum
1226 4435 1329 4539 quod
1353 4462 1429 4511 non
1451 4435 1638 4511 revelaret
1656 4437 1745 4511 hanc

329 4579 431 4625 suam
454 4554 732 4658 deposicionem
756 4587 955 4664 quousque
977 4564 1234 4639 attestaciones
1256 4563 1396 4639 luerint
1417 4565 1629 4666 publicata.

384 4809 509 4882 Frater
529 4813 635 4917 llugo
665 4814 699 4890 la
724 4819 894 4923 Hugonia
917 4818 1095 4908 serviens,
1130 4823 1402 4900 Lemovicensis
1429 4825 1621 4914 diocesis,
1650 4827 1741 4902 testis
