4080 6052
548 533 625 605 aas
935 511 1248 606 sanctonas
1272 526 1578 602 ratramnus

546 671 723 749 ascelt-
743 698 832 747 ourn
853 669 1067 777 aliissupra
1089 668 1308 754 nom'matis,
1333 667 1453 745 multa
1476 686 1727 773 proposuerat
1749 694 1826 776 pro
1845 672 1977 755 delen·

543 803 655 879 siono
668 801 853 909 predicta,
873 820 1010 908 que-so
1029 799 1354 909 adnotatam
1367 799 1638 905 probaturam,
1659 817 1699 878 et
1716 804 1872 883 vm
1890 804 1975 885 lut—

546 949 604 1008 rat
620 932 737 1009 eciam
753 960 822 1038 per
838 932 1148 1012 dictosdonriaos
1155 930 1435 1011 commissarios
1446 930 1496 1007 ad
1512 928 1720 1007 videndum
1736 931 1844 1010 idern
1859 933 1975 1017 buter

547 1063 589 1138 R.
605 1063 751 1169 juratos
770 1077 900 1149 testes,
922 1088 990 1167 per
1013 1061 1114 1168 ipsos
1139 1060 1313 1138 dominos
1339 1061 1614 1137 commissarios
1633 1060 1673 1136 in
1694 1060 1794 1138 dicta
1814 1063 1973 1170 inquisi-

544 1194 655 1271 cione
678 1208 933 1298 receptos-,aet
951 1192 1308 1296 ordinatorumque
1329 1206 1553 1297 pleccptunr
1573 1189 1698 1268 luerat
1720 1218 1796 1298 per·
1815 1194 1969 1275 eoadem

543 1324 723 1403 domium
738 1322 1022 1400 commissarios
1033 1326 1081 1399 nt
1098 1337 1338 1399 memoratus
1345 1318 1463 1397 trater
1480 1321 1711 1427 Reginaldus
1727 1339 1768 1399 et
1785 1327 1904 1403 ceteri
1923 1329 1970 1405 ad

544 1452 685 1529 dictam
701 1452 974 1549 deffensionem
992 1452 1184 1557 assumpti,
1199 1450 1418 1529 accederent
1434 1451 1482 1526 ad
1493 1453 1728 1557 presenciam
1744 1456 1967 1536 eorumden

546 1583 791 1660 dominorum
814 1582 1172 1669 commissariorum,
1198 1581 1270 1658 suli
1299 1597 1383 1656 tuta
1404 1597 1446 1659 et
1468 1580 1550 1657 fida
1573 1583 1761 1670 mstodia,
1788 1586 1969 1690 proriam

545 1728 585 1788 et
603 1712 919 1820 quandocumque
942 1711 1098 1801 vallent,
1119 1740 1190 1818 pm
1217 1709 1450 1788 deffensione
1471 1712 1620 1788 ordinis
1642 1711 1859 1817 srqtradicti..
1877 1715 1968 1808 an

544 1843 672 1920 omnia
687 1843 861 1920 volebant
877 1844 993 1920 iidem
1013 1842 1158 1921 domini
1169 1840 1420 1918 commissarii
1437 1856 1526 1918 nota
1545 1869 1626 1919 esse
1644 1842 1792 1920 eisdem
1808 1843 1966 1925 domino

544 1974 828 2080 archiepiscopo
850 1974 1062 2052 &none-i
1088 1972 1247 2079 ejusque
1278 1970 1523 2077 suffraganeis
1549 1986 1589 2047 et
1615 1972 1793 2062 concilio,
1822 2002 1894 2079 pro
1922 2002 1965 2056 oe

389 2130 394 2140 ·
544 2103 754 2206 specialiter
768 2105 859 2210 quia
874 2103 1097 2181 dicebantur
1113 2102 1295 2180 eumdem
1310 2100 1463 2179 {ranem
1481 2105 1526 2179 R.
1545 2101 1594 2177 ad
1610 2130 1717 2179 suam
1733 2106 1964 2209 messarim

545 2260 731 2321 evocmsa,
757 2236 806 2313 ad
828 2234 1105 2340 perficiendum
1129 2235 1342 2340 inquestam
1366 2258 1441 2338 quc
1466 2248 1596 2308 contra
1619 2232 1764 2338 ipsum,
1787 2250 1963 2342 tanqum

543 2380 672 2441 canna
688 2365 917 2471 singularem
940 2365 1094 2442 lratrem
1113 2363 1231 2469 ipsius
1249 2363 1411 2450 ordinis,
1431 2361 1627 2439 dicebatur
1644 2362 1820 2441 inchoas
1840 2363 1961 2444 litim

542 2495 623 2571 Non
640 2495 883 2574 intendentes
895 2497 986 2573 dicti
995 2495 1149 2609 ’domini
1165 2493 1427 2580 commissarii,
1446 2510 1490 2569 ut
1507 2492 1698 2584 dixerunt,
1716 2511 1876 2600 propter
1889 2523 1965 2603 pre

542 2626 653 2704 missa
670 2627 842 2733 aliquam·
851 2626 1123 2703 inhibicidnem
1139 2624 1260 2701 lacere
1279 2623 1443 2701 dominis
1459 2624 1739 2729 archiepiscopo
1755 2624 1964 2705 senonensi

541 2757 700 2860 ejusque
719 2757 960 2863 suffraganeis
979 2774 1020 2832 et
1037 2753 1195 2831 concilio
1214 2754 1449 2845 memoratis,
1470 2782 1541 2830 nec
1559 2781 1695 2830 eorum
1713 2753 1879 2832 officium
1896 2757 1963 2832 im·

541 2885 689 2990 pedire,
709 2888 776 2962 sed
795 2889 843 2963 ad
862 2914 997 2963 eorum
1015 2886 1258 2962 dominorum
1277 2884 1619 2961 commissariorum
1634 2884 1957 2973 exoneracionem,

542 3029 580 3087 et
594 3029 638 3087 ut
650 3016 908 3117 predictorum
929 3018 1174 3093 dominorum
1187 3015 1320 3092 veritas
1335 3017 1389 3093 eis
1404 3015 1688 3122 igno[tcs]ceret,
1704 3018 1960 3126 significabant

395 3246 398 3253 Ι
539 3141 722 3246 predicta,
744 3161 787 3220 ut
805 3145 963 3248 predicti
983 3146 1128 3221 domini
1147 3146 1448 3252 archiepiscopus
1473 3147 1716 3238 senonensis,
1738 3148 1960 3257 suffraganei

540 3273 599 3347 sui
619 3290 657 3348 at
676 3274 892 3365 concilium,
912 3278 977 3383 qni
997 3278 1107 3382 periti
1128 3294 1249 3365 erant,
1269 3277 1522 3354 deliberarent
1537 3279 1638 3354 inter
1655 3306 1695 3355 se
1713 3279 1879 3384 qualiter
1896 3283 1961 3359 ba-

539 3401 673 3479 berent
686 3408 890 3510 procedere
908 3409 947 3483 in
963 3407 1211 3513 inquisicione
1222 3424 1351 3484 contra
1370 3408 1513 3484 dictum
1526 3408 1677 3484 fratrem
1690 3407 1955 3512 Reginaldum,

496 3571 500 3578 ·
540 3534 605 3638 qui
627 3536 673 3610 de
693 3563 828 3615 eorum
848 3566 927 3615 esse
947 3538 1137 3644 provincia
1156 3537 1362 3614 dicebatur.

595 3666 683 3740 Post
705 3667 791 3754 bec,
818 3670 950 3745 eadem
977 3668 1039 3745 die
1066 3669 1105 3744 in
1130 3669 1311 3773 vesperis,
1339 3670 1571 3773 congregatis
1593 3664 1765 3773 predictis
1789 3666 1957 3744 dominis

539 3794 817 3885 commissariis,
840 3799 1001 3904 exceptis
1025 3798 1191 3875 dominis
1215 3797 1444 3875 Narbonensi
1466 3814 1505 3873 ct
1523 3796 1732 3904 bajocensi,
1753 3797 1857 3901 apud
1877 3824 1958 3874 san·

537 3939 633 3999 ctam
652 3925 880 4002 Genovefam
900 3930 939 4003 in
959 3928 1099 4033 capella
1117 3927 1286 4032 predicta
1305 3928 1420 4003 sancti
1440 3928 1581 4034 Elligii,
1602 3942 1788 4007 venerunt
1807 3929 1856 4004 ad
1874 3956 1957 4034 pre·

536 4056 698 4131 sanciam
716 4058 938 4134 eorumdem
957 4059 1199 4135 dominorum
1216 4057 1558 4134 commissariorum
1575 4074 1740 4163 exparte
1758 4057 1954 4134 antedicto

536 4210 621 4258 rum
635 4186 877 4265 dominorum
890 4188 1157 4293 archiepiscopi
1170 4188 1399 4264 Senonensis
1411 4187 1567 4294 ejusque
1583 4187 1907 4294 sulbaganenrum
1919 4203 1953 4262 et

535 4314 698 4404 concilii,
724 4335 767 4395 ut
791 4318 981 4406 dicabant,
1002 4317 1233 4397 venerabiles
1251 4318 1318 4394 viri
1343 4321 1477 4395 Petrus
1496 4318 1544 4394 de
1562 4319 1686 4395 Massa
1705 4316 1950 4406 Senonensis,

535 4442 694 4522 Michael
720 4450 1017 4527 Malicnnductus
1041 4448 1290 4537 Ebmicansis,
1318 4464 1359 4527 et
1382 4448 1571 4527 lohannes
1594 4447 1775 4527 Coccardi
1800 4447 1952 4524 Pitbue·

533 4576 668 4662 rensis,
688 4581 966 4658 Aurelianensis
983 4581 1191 4658 diocesium
1209 4580 1452 4657 ecclesiarum
1466 4581 1652 4669 curonici3
1672 4596 1711 4656 et
1725 4578 1898 4684 repetitis
1913 4577 1949 4652 in

533 4728 680 4779 summa
693 4712 967 4815 suprascriptis,
982 4694 1056 4817 qiae
1078 4711 1252 4788 dicebant
1266 4711 1382 4789 luisse
1399 4711 1531 4787 eadem
1551 4711 1613 4786 die
1639 4708 1844 4815 significata
1863 4705 1945 4810 ipsis

532 4831 689 4912 domino
716 4838 991 4946 archiepiscopo
1022 4844 1234 4921 Senonensi
1261 4844 1419 4951 ejusque
1448 4840 1694 4947 suffraganeis
1722 4857 1762 4917 et
1790 4833 1942 4915 concilio
