<?xml version="1.0" encoding="UTF-8"?>
<!DOCTYPE html PUBLIC "-//W3C//DTD XHTML 1.0 Transitional//EN"
    "http://www.w3.org/TR/xhtml1/DTD/xhtml1-transitional.dtd">
<html xmlns="http://www.w3.org/1999/xhtml" xml:lang="en" lang="en">
 <head>
  <title>
</title>
<meta http-equiv="Content-Type" content="text/html;charset=utf-8" />
  <meta name='ocr-system' content='tesseract 3.04.00' />
  <meta name='ocr-capabilities' content='ocr_page ocr_carea ocr_par ocr_line ocrx_word'/>
</head>
<body>
  <div class='ocr_page' id='page_1' title='image "./procsdestemplie02defegoog_0644.png"; bbox 0 0 4080 6052; ppageno 0'>
   <div class='ocr_carea' id='block_1_1' title="bbox 193 546 1348 651">
    <p class='ocr_par' dir='ltr' id='par_1_1' title="bbox 193 546 1348 651">
     <span class='ocr_line' id='line_1_1' title="bbox 193 546 1348 651; baseline -0.011 -1"><span class='ocrx_word' id='word_1_1' title='bbox 193 546 199 557; x_wconf 84' lang='lat'>&#39;</span> <span class='ocrx_word' id='word_1_2' title='bbox 324 581 396 651; x_wconf 78' lang='lat' dir='ltr'>eac</span> <span class='ocrx_word' id='word_1_3' title='bbox 707 552 903 645; x_wconf 84' lang='lat' dir='ltr'>rnocns</span> <span class='ocrx_word' id='word_1_4' title='bbox 929 569 1023 641; x_wconf 82' lang='lat' dir='ltr'>nas</span> <span class='ocrx_word' id='word_1_5' title='bbox 1050 566 1348 639; x_wconf 82' lang='lat' dir='ltr'>nsnrmnus.</span> 
     </span>
    </p>
   </div>
   <div class='ocr_carea' id='block_1_2' title="bbox 199 704 1771 2910">
    <p class='ocr_par' dir='ltr' id='par_1_2' title="bbox 199 704 1771 2387">
     <span class='ocr_line' id='line_1_2' title="bbox 199 704 1747 822; baseline -0.011 -27"><span class='ocrx_word' id='word_1_6' title='bbox 199 741 205 751; x_wconf 93' lang='grc'>·</span> <span class='ocrx_word' id='word_1_7' title='bbox 321 737 358 794; x_wconf 88' lang='lat' dir='ltr'>et</span> <span class='ocrx_word' id='word_1_8' title='bbox 378 717 506 793; x_wconf 89' lang='lat' dir='ltr'>illicita</span> <span class='ocrx_word' id='word_1_9' title='bbox 526 744 600 822; x_wconf 93' lang='lat' dir='ltr'>que</span> <span class='ocrx_word' id='word_1_10' title='bbox 622 714 797 820; x_wconf 84' lang='lat' dir='ltr'>deposuit</span> <span class='ocrx_word' id='word_1_11' title='bbox 817 710 1056 789; x_wconf 87' lang='lat' dir='ltr'>intervenisse</span> <span class='ocrx_word' id='word_1_12' title='bbox 1076 708 1115 784; x_wconf 92' lang='lat' dir='ltr'>in</span> <span class='ocrx_word' id='word_1_13' title='bbox 1131 736 1208 784; x_wconf 91' lang='lat' dir='ltr'>sua.</span> <span class='ocrx_word' id='word_1_14' title='bbox 1231 709 1301 784; x_wconf 88' lang='lat' dir='ltr'>Per</span> <span class='ocrx_word' id='word_1_15' title='bbox 1319 722 1609 783; x_wconf 82' lang='lat' dir='ltr'>sacramentum</span> <span class='ocrx_word' id='word_1_16' title='bbox 1630 704 1747 810; x_wconf 84' lang='lat' dir='ltr'>injun-</span> 
     </span>
     <span class='ocr_line' id='line_1_3' title="bbox 319 836 1745 958; baseline -0.011 -32"><span class='ocrx_word' id='word_1_17' title='bbox 319 850 475 958; x_wconf 82' lang='lat' dir='ltr'><strong>gebatur</strong></span> <span class='ocrx_word' id='word_1_18' title='bbox 500 847 554 924; x_wconf 87' lang='lat' dir='ltr'>eis</span> <span class='ocrx_word' id='word_1_19' title='bbox 577 872 624 922; x_wconf 91' lang='lat' dir='ltr'>ne</span> <span class='ocrx_word' id='word_1_20' title='bbox 653 845 860 922; x_wconf 80' lang='lat' dir='ltr'>revelarent</span> <span class='ocrx_word' id='word_1_21' title='bbox 882 857 1020 920; x_wconf 86' lang='lat' dir='ltr'>secreta</span> <span class='ocrx_word' id='word_1_22' title='bbox 1044 839 1295 945; x_wconf 88' lang='lat' dir='ltr'>capitulorum</span> <span class='ocrx_word' id='word_1_23' title='bbox 1323 865 1393 914; x_wconf 90' lang='lat' dir='ltr'>nec</span> <span class='ocrx_word' id='word_1_24' title='bbox 1414 836 1586 913; x_wconf 87' lang='lat' dir='ltr'>modum</span> <span class='ocrx_word' id='word_1_25' title='bbox 1607 862 1745 912; x_wconf 86' lang='lat' dir='ltr'>suere·</span> 
     </span>
     <span class='ocr_line' id='line_1_4' title="bbox 320 966 1742 1084; baseline -0.007 -31"><span class='ocrx_word' id='word_1_26' title='bbox 320 979 518 1084; x_wconf 88' lang='lat' dir='ltr'>cepcionis.</span> <span class='ocrx_word' id='word_1_27' title='bbox 546 979 627 1054; x_wconf 92' lang='lat' dir='ltr'>Non</span> <span class='ocrx_word' id='word_1_28' title='bbox 654 975 895 1053; x_wconf 83' lang='lat' dir='ltr'>inhibebatur</span> <span class='ocrx_word' id='word_1_29' title='bbox 920 973 973 1049; x_wconf 91' lang='lat' dir='ltr'>eis</span> <span class='ocrx_word' id='word_1_30' title='bbox 996 970 1102 1079; x_wconf 91' lang='lat' dir='ltr'>quod</span> <span class='ocrx_word' id='word_1_31' title='bbox 1128 997 1204 1047; x_wconf 91' lang='lat' dir='ltr'>non</span> <span class='ocrx_word' id='word_1_32' title='bbox 1228 968 1505 1046; x_wconf 87' lang='lat' dir='ltr'>confiterentur</span> <span class='ocrx_word' id='word_1_33' title='bbox 1531 966 1607 1053; x_wconf 86' lang='lat' dir='ltr'>nisi</span> <span class='ocrx_word' id='word_1_34' title='bbox 1629 994 1742 1044; x_wconf 87' lang='lat' dir='ltr'>sacer-</span> 
     </span>
     <span class='ocr_line' id='line_1_5' title="bbox 320 1098 1739 1204; baseline -0.007 -20"><span class='ocrx_word' id='word_1_35' title='bbox 320 1107 473 1185; x_wconf 90' lang='lat' dir='ltr'>dotibus</span> <span class='ocrx_word' id='word_1_36' title='bbox 493 1106 646 1182; x_wconf 86' lang='lat' dir='ltr'>ordinis.</span> <span class='ocrx_word' id='word_1_37' title='bbox 672 1109 820 1183; x_wconf 77' lang='lat' dir='ltr'>Fratres</span> <span class='ocrx_word' id='word_1_38' title='bbox 838 1102 998 1182; x_wconf 88' lang='lat' dir='ltr'>scientes</span> <span class='ocrx_word' id='word_1_39' title='bbox 1017 1129 1164 1179; x_wconf 87' lang='lat' dir='ltr'>errores</span> <span class='ocrx_word' id='word_1_40' title='bbox 1188 1100 1343 1176; x_wconf 90' lang='lat' dir='ltr'>luerunt</span> <span class='ocrx_word' id='word_1_41' title='bbox 1368 1098 1636 1204; x_wconf 83' lang='lat' dir='ltr'>negligentes,</span> <span class='ocrx_word' id='word_1_42' title='bbox 1656 1098 1739 1203; x_wconf 79' lang='lat' dir='ltr'>quio</span> 
     </span>
     <span class='ocr_line' id='line_1_6' title="bbox 323 1214 1739 1315; baseline -0.006 -3"><span class='ocrx_word' id='word_1_43' title='bbox 323 1266 396 1315; x_wconf 92' lang='lat' dir='ltr'>non</span> <span class='ocrx_word' id='word_1_44' title='bbox 423 1253 665 1314; x_wconf 83' lang='lat' dir='ltr'>correxerunt</span> <span class='ocrx_word' id='word_1_45' title='bbox 693 1214 851 1313; x_wconf 85' lang='lat' dir='ltr'>cosnec</span> <span class='ocrx_word' id='word_1_46' title='bbox 882 1235 1202 1312; x_wconf 77' lang='lat' dir='ltr'>denunciaverunt</span> <span class='ocrx_word' id='word_1_47' title='bbox 1227 1229 1405 1309; x_wconf 77' lang='lat' dir='ltr'>Ecclesia.</span> <span class='ocrx_word' id='word_1_48' title='bbox 1440 1229 1681 1306; x_wconf 87' lang='lat' dir='ltr'>Elemosinas</span> <span class='ocrx_word' id='word_1_49' title='bbox 1706 1245 1739 1304; x_wconf 89' lang='lat' dir='ltr'>et</span> 
     </span>
     <span class='ocr_line' id='line_1_7' title="bbox 319 1358 1739 1474; baseline -0.003 -29"><span class='ocrx_word' id='word_1_50' title='bbox 319 1369 610 1474; x_wconf 81' lang='lat' dir='ltr'>hospitalitatem</span> <span class='ocrx_word' id='word_1_51' title='bbox 628 1368 721 1444; x_wconf 91' lang='lat' dir='ltr'>vidit</span> <span class='ocrx_word' id='word_1_52' title='bbox 741 1366 1006 1444; x_wconf 91' lang='lat' dir='ltr'>convenienter</span> <span class='ocrx_word' id='word_1_53' title='bbox 1023 1363 1106 1441; x_wconf 85' lang='lat' dir='ltr'>fieri</span> <span class='ocrx_word' id='word_1_54' title='bbox 1128 1382 1167 1439; x_wconf 92' lang='lat' dir='ltr'>et</span> <span class='ocrx_word' id='word_1_55' title='bbox 1182 1363 1317 1439; x_wconf 86' lang='lat' dir='ltr'>servari</span> <span class='ocrx_word' id='word_1_56' title='bbox 1337 1361 1381 1439; x_wconf 91' lang='lat' dir='ltr'>in</span> <span class='ocrx_word' id='word_1_57' title='bbox 1399 1361 1589 1438; x_wconf 85' lang='lat' dir='ltr'>domibus</span> <span class='ocrx_word' id='word_1_58' title='bbox 1605 1358 1739 1441; x_wconf 75' lang='lat' dir='ltr'>ordinis</span> 
     </span>
     <span class='ocr_line' id='line_1_8' title="bbox 279 1486 1771 1604; baseline -0.003 -33"><span class='ocrx_word' id='word_1_59' title='bbox 279 1550 282 1556; x_wconf 88' lang='lat'><em>-</em></span> <span class='ocrx_word' id='word_1_60' title='bbox 321 1498 357 1571; x_wconf 89' lang='lat' dir='ltr'>in</span> <span class='ocrx_word' id='word_1_61' title='bbox 385 1498 524 1604; x_wconf 87' lang='lat' dir='ltr'>quibus</span> <span class='ocrx_word' id='word_1_62' title='bbox 545 1496 664 1574; x_wconf 88' lang='lat' dir='ltr'>extitit</span> <span class='ocrx_word' id='word_1_63' title='bbox 688 1512 952 1573; x_wconf 83' lang='lat' dir='ltr'>commoratus.</span> <span class='ocrx_word' id='word_1_64' title='bbox 980 1496 1062 1571; x_wconf 91' lang='lat' dir='ltr'>Non</span> <span class='ocrx_word' id='word_1_65' title='bbox 1087 1493 1218 1570; x_wconf 80' lang='lat' dir='ltr'>fuitei</span> <span class='ocrx_word' id='word_1_66' title='bbox 1246 1493 1390 1569; x_wconf 87' lang='lat' dir='ltr'>dictum</span> <span class='ocrx_word' id='word_1_67' title='bbox 1414 1493 1525 1599; x_wconf 92' lang='lat' dir='ltr'>quod</span> <span class='ocrx_word' id='word_1_68' title='bbox 1552 1519 1622 1597; x_wconf 88' lang='lat' dir='ltr'>per</span> <span class='ocrx_word' id='word_1_69' title='bbox 1643 1486 1737 1567; x_wconf 82' lang='lat' dir='ltr'>nefas</span> <span class='ocrx_word' id='word_1_70' title='bbox 1768 1588 1771 1592; x_wconf 8' lang='grc' dir='ltr'><strong>Δ</strong></span> 
     </span>
     <span class='ocr_line' id='line_1_9' title="bbox 318 1619 1735 1732; baseline -0.005 -30"><span class='ocrx_word' id='word_1_71' title='bbox 318 1629 527 1732; x_wconf 85' lang='lat' dir='ltr'>acquireret</span> <span class='ocrx_word' id='word_1_72' title='bbox 546 1627 682 1703; x_wconf 86' lang='lat' dir='ltr'>ordini.</span> <span class='ocrx_word' id='word_1_73' title='bbox 704 1627 821 1720; x_wconf 89' lang='lat' dir='ltr'>Quod</span> <span class='ocrx_word' id='word_1_74' title='bbox 841 1653 998 1732; x_wconf 85' lang='lat' dir='ltr'>magnus</span> <span class='ocrx_word' id='word_1_75' title='bbox 1017 1625 1193 1732; x_wconf 84' lang='lat' dir='ltr'>Magister</span> <span class='ocrx_word' id='word_1_76' title='bbox 1218 1642 1304 1698; x_wconf 85' lang='lat' dir='ltr'>cum</span> <span class='ocrx_word' id='word_1_77' title='bbox 1327 1638 1521 1698; x_wconf 89' lang='lat' dir='ltr'>conventu</span> <span class='ocrx_word' id='word_1_78' title='bbox 1548 1619 1735 1697; x_wconf 80' lang='lat' dir='ltr'>ordinabat</span> 
     </span>
     <span class='ocr_line' id='line_1_10' title="bbox 318 1732 1732 1863; baseline -0.004 -32"><span class='ocrx_word' id='word_1_79' title='bbox 318 1758 485 1835; x_wconf 87' lang='lat' dir='ltr'>servabat</span> <span class='ocrx_word' id='word_1_80' title='bbox 504 1774 605 1834; x_wconf 89' lang='lat' dir='ltr'>totus</span> <span class='ocrx_word' id='word_1_81' title='bbox 621 1758 733 1844; x_wconf 84' lang='lat' dir='ltr'>orde,</span> <span class='ocrx_word' id='word_1_82' title='bbox 755 1774 881 1833; x_wconf 90' lang='lat' dir='ltr'>contra</span> <span class='ocrx_word' id='word_1_83' title='bbox 902 1783 1016 1862; x_wconf 90' lang='lat' dir='ltr'>quem</span> <span class='ocrx_word' id='word_1_84' title='bbox 1030 1755 1183 1863; x_wconf 80' lang='lat' dir='ltr'>grandia</span> <span class='ocrx_word' id='word_1_85' title='bbox 1199 1732 1386 1840; x_wconf 85' lang='lat' dir='ltr'>scairdala,</span> <span class='ocrx_word' id='word_1_86' title='bbox 1409 1753 1576 1859; x_wconf 87' lang='lat' dir='ltr'>suspicio</span> <span class='ocrx_word' id='word_1_87' title='bbox 1594 1768 1631 1828; x_wconf 92' lang='lat' dir='ltr'>et</span> <span class='ocrx_word' id='word_1_88' title='bbox 1648 1750 1732 1826; x_wconf 81' lang='lat' dir='ltr'>insa·</span> 
     </span>
     <span class='ocr_line' id='line_1_11' title="bbox 316 1883 1733 1994; baseline -0.004 -31"><span class='ocrx_word' id='word_1_89' title='bbox 316 1889 390 1964; x_wconf 89' lang='lat' dir='ltr'>mia</span> <span class='ocrx_word' id='word_1_90' title='bbox 406 1907 494 1966; x_wconf 89' lang='lat' dir='ltr'>sunt</span> <span class='ocrx_word' id='word_1_91' title='bbox 515 1906 650 1965; x_wconf 84' lang='lat' dir='ltr'>exorta.</span> <span class='ocrx_word' id='word_1_92' title='bbox 670 1888 801 1966; x_wconf 90' lang='lat' dir='ltr'>Credit</span> <span class='ocrx_word' id='word_1_93' title='bbox 819 1888 924 1994; x_wconf 90' lang='lat' dir='ltr'>quod</span> <span class='ocrx_word' id='word_1_94' title='bbox 943 1886 1145 1964; x_wconf 87' lang='lat' dir='ltr'>confessata</span> <span class='ocrx_word' id='word_1_95' title='bbox 1171 1914 1239 1994; x_wconf 91' lang='lat' dir='ltr'>per</span> <span class='ocrx_word' id='word_1_96' title='bbox 1256 1914 1344 1962; x_wconf 88' lang='lat' dir='ltr'>eum</span> <span class='ocrx_word' id='word_1_97' title='bbox 1368 1902 1501 1962; x_wconf 89' lang='lat' dir='ltr'>esseut</span> <span class='ocrx_word' id='word_1_98' title='bbox 1521 1902 1608 1962; x_wconf 84' lang='lat' dir='ltr'>nota</span> <span class='ocrx_word' id='word_1_99' title='bbox 1626 1883 1733 1959; x_wconf 85' lang='lat' dir='ltr'>lratri·</span> 
     </span>
     <span class='ocr_line' id='line_1_12' title="bbox 315 2016 1732 2126; baseline -0.002 -31"><span class='ocrx_word' id='word_1_100' title='bbox 315 2019 387 2096; x_wconf 90' lang='lat' dir='ltr'>bus</span> <span class='ocrx_word' id='word_1_101' title='bbox 407 2019 569 2108; x_wconf 85' lang='lat' dir='ltr'>ordinis,</span> <span class='ocrx_word' id='word_1_102' title='bbox 589 2021 656 2095; x_wconf 88' lang='lat' dir='ltr'>sed</span> <span class='ocrx_word' id='word_1_103' title='bbox 681 2047 756 2096; x_wconf 91' lang='lat' dir='ltr'>non</span> <span class='ocrx_word' id='word_1_104' title='bbox 778 2019 971 2097; x_wconf 82' lang='lat' dir='ltr'>extraneis.</span> <span class='ocrx_word' id='word_1_105' title='bbox 992 2016 1146 2096; x_wconf 77' lang='lat' dir='ltr'>Audiuit</span> <span class='ocrx_word' id='word_1_106' title='bbox 1165 2019 1237 2095; x_wconf 88' lang='lat' dir='ltr'>dici</span> <span class='ocrx_word' id='word_1_107' title='bbox 1258 2044 1440 2124; x_wconf 85' lang='lat' dir='ltr'>magnum</span> <span class='ocrx_word' id='word_1_108' title='bbox 1465 2019 1685 2126; x_wconf 86' lang='lat' dir='ltr'>Magistrum</span> <span class='ocrx_word' id='word_1_109' title='bbox 1701 2034 1732 2092; x_wconf 86' lang='lat' dir='ltr'>et</span> 
     </span>
     <span class='ocr_line' id='line_1_13' title="bbox 316 2148 1730 2256; baseline 0 -33"><span class='ocrx_word' id='word_1_110' title='bbox 316 2148 407 2226; x_wconf 89' lang='lat' dir='ltr'>alios</span> <span class='ocrx_word' id='word_1_111' title='bbox 425 2150 570 2255; x_wconf 89' lang='lat' dir='ltr'>aliquos</span> <span class='ocrx_word' id='word_1_112' title='bbox 592 2177 752 2238; x_wconf 88' lang='lat' dir='ltr'>errores,</span> <span class='ocrx_word' id='word_1_113' title='bbox 776 2149 894 2225; x_wconf 88' lang='lat' dir='ltr'>nescit</span> <span class='ocrx_word' id='word_1_114' title='bbox 912 2176 1024 2256; x_wconf 86' lang='lat' dir='ltr'>quos,</span> <span class='ocrx_word' id='word_1_115' title='bbox 1051 2148 1166 2227; x_wconf 83' lang='lat' dir='ltr'>fuisse</span> <span class='ocrx_word' id='word_1_116' title='bbox 1185 2148 1374 2226; x_wconf 86' lang='lat' dir='ltr'>confessos</span> <span class='ocrx_word' id='word_1_117' title='bbox 1393 2166 1527 2225; x_wconf 85' lang='lat' dir='ltr'>contra</span> <span class='ocrx_word' id='word_1_118' title='bbox 1549 2148 1730 2235; x_wconf 83' lang='lat' dir='ltr'>ordinem,</span> 
     </span>
     <span class='ocr_line' id='line_1_14' title="bbox 316 2279 1403 2387; baseline 0 -32"><span class='ocrx_word' id='word_1_119' title='bbox 316 2282 362 2356; x_wconf 90' lang='lat' dir='ltr'>ad</span> <span class='ocrx_word' id='word_1_120' title='bbox 379 2283 486 2387; x_wconf 87' lang='lat' dir='ltr'>cujus</span> <span class='ocrx_word' id='word_1_121' title='bbox 507 2279 779 2358; x_wconf 82' lang='lat' dir='ltr'>deffensionem</span> <span class='ocrx_word' id='word_1_122' title='bbox 799 2309 838 2357; x_wconf 92' lang='lat' dir='ltr'>se</span> <span class='ocrx_word' id='word_1_123' title='bbox 858 2309 934 2357; x_wconf 91' lang='lat' dir='ltr'>non</span> <span class='ocrx_word' id='word_1_124' title='bbox 954 2280 1159 2371; x_wconf 88' lang='lat' dir='ltr'>obtulerat,</span> <span class='ocrx_word' id='word_1_125' title='bbox 1184 2281 1279 2357; x_wconf 90' lang='lat' dir='ltr'>sicut</span> <span class='ocrx_word' id='word_1_126' title='bbox 1299 2280 1403 2356; x_wconf 82' lang='lat' dir='ltr'>dixit.</span> 
     </span>
    </p>

    <p class='ocr_par' dir='ltr' id='par_1_3' title="bbox 309 2409 1729 2910">
     <span class='ocr_line' id='line_1_15' title="bbox 370 2409 1728 2517; baseline 0 -31"><span class='ocrx_word' id='word_1_127' title='bbox 370 2410 586 2516; x_wconf 85' lang='lat' dir='ltr'>Requisitus</span> <span class='ocrx_word' id='word_1_128' title='bbox 602 2410 630 2487; x_wconf 87' lang='lat' dir='ltr'>si</span> <span class='ocrx_word' id='word_1_129' title='bbox 648 2411 699 2488; x_wconf 93' lang='lat' dir='ltr'>sic</span> <span class='ocrx_word' id='word_1_130' title='bbox 712 2411 937 2517; x_wconf 85' lang='lat' dir='ltr'>deposuerat</span> <span class='ocrx_word' id='word_1_131' title='bbox 947 2438 1074 2517; x_wconf 88' lang='lat' dir='ltr'>prece,</span> <span class='ocrx_word' id='word_1_132' title='bbox 1089 2428 1284 2517; x_wconf 89' lang='lat' dir='ltr'>precepto,</span> <span class='ocrx_word' id='word_1_133' title='bbox 1297 2409 1455 2496; x_wconf 88' lang='lat' dir='ltr'>timore,</span> <span class='ocrx_word' id='word_1_134' title='bbox 1473 2436 1622 2501; x_wconf 86' lang='lat' dir='ltr'>amore,</span> <span class='ocrx_word' id='word_1_135' title='bbox 1636 2410 1728 2498; x_wconf 91' lang='lat' dir='ltr'>odio,</span> 
     </span>
     <span class='ocr_line' id='line_1_16' title="bbox 312 2540 1727 2649; baseline 0.001 -34"><span class='ocrx_word' id='word_1_136' title='bbox 312 2541 370 2616; x_wconf 90' lang='lat' dir='ltr'>vel</span> <span class='ocrx_word' id='word_1_137' title='bbox 395 2541 589 2646; x_wconf 89' lang='lat' dir='ltr'>temporali</span> <span class='ocrx_word' id='word_1_138' title='bbox 614 2542 814 2619; x_wconf 87' lang='lat' dir='ltr'>commodo</span> <span class='ocrx_word' id='word_1_139' title='bbox 837 2541 966 2619; x_wconf 89' lang='lat' dir='ltr'>habito</span> <span class='ocrx_word' id='word_1_140' title='bbox 986 2542 1042 2618; x_wconf 92' lang='lat' dir='ltr'>vel</span> <span class='ocrx_word' id='word_1_141' title='bbox 1064 2541 1258 2631; x_wconf 87' lang='lat' dir='ltr'>babendo,</span> <span class='ocrx_word' id='word_1_142' title='bbox 1285 2542 1486 2647; x_wconf 90' lang='lat' dir='ltr'>respondit</span> <span class='ocrx_word' id='word_1_143' title='bbox 1509 2540 1617 2649; x_wconf 89' lang='lat' dir='ltr'>quod</span> <span class='ocrx_word' id='word_1_144' title='bbox 1640 2569 1727 2629; x_wconf 90' lang='lat' dir='ltr'>non,</span> 
     </span>
     <span class='ocr_line' id='line_1_17' title="bbox 309 2671 1729 2779; baseline 0.001 -34"><span class='ocrx_word' id='word_1_145' title='bbox 309 2672 378 2746; x_wconf 90' lang='lat' dir='ltr'>sed</span> <span class='ocrx_word' id='word_1_146' title='bbox 409 2700 474 2777; x_wconf 90' lang='lat' dir='ltr'>pro</span> <span class='ocrx_word' id='word_1_147' title='bbox 495 2671 647 2748; x_wconf 88' lang='lat' dir='ltr'>veritate</span> <span class='ocrx_word' id='word_1_148' title='bbox 678 2672 849 2748; x_wconf 84' lang='lat' dir='ltr'>dicenda.</span> <span class='ocrx_word' id='word_1_149' title='bbox 878 2673 947 2750; x_wconf 89' lang='lat' dir='ltr'>Cui</span> <span class='ocrx_word' id='word_1_150' title='bbox 980 2671 1051 2749; x_wconf 87' lang='lat' dir='ltr'>luit</span> <span class='ocrx_word' id='word_1_151' title='bbox 1073 2673 1288 2777; x_wconf 88' lang='lat' dir='ltr'>injunctum</span> <span class='ocrx_word' id='word_1_152' title='bbox 1314 2672 1420 2779; x_wconf 90' lang='lat' dir='ltr'>quod</span> <span class='ocrx_word' id='word_1_153' title='bbox 1447 2700 1528 2749; x_wconf 92' lang='lat' dir='ltr'>non</span> <span class='ocrx_word' id='word_1_154' title='bbox 1560 2672 1729 2750; x_wconf 82' lang='lat' dir='ltr'>revelaret</span> 
     </span>
     <span class='ocr_line' id='line_1_18' title="bbox 315 2801 1723 2910; baseline 0 -34"><span class='ocrx_word' id='word_1_155' title='bbox 315 2802 409 2876; x_wconf 91' lang='lat' dir='ltr'>banc</span> <span class='ocrx_word' id='word_1_156' title='bbox 431 2830 535 2878; x_wconf 90' lang='lat' dir='ltr'>suam</span> <span class='ocrx_word' id='word_1_157' title='bbox 561 2802 840 2907; x_wconf 90' lang='lat' dir='ltr'>deposicionem</span> <span class='ocrx_word' id='word_1_158' title='bbox 863 2830 1063 2909; x_wconf 87' lang='lat' dir='ltr'>quousque</span> <span class='ocrx_word' id='word_1_159' title='bbox 1086 2802 1345 2879; x_wconf 82' lang='lat' dir='ltr'>attestaciones</span> <span class='ocrx_word' id='word_1_160' title='bbox 1369 2801 1517 2880; x_wconf 85' lang='lat' dir='ltr'>fuerint</span> <span class='ocrx_word' id='word_1_161' title='bbox 1537 2802 1723 2910; x_wconf 82' lang='lat' dir='ltr'>publicato.</span> 
     </span>
    </p>
   </div>
   <div class='ocr_carea' id='block_1_3' title="bbox 312 3063 1726 3303">
    <p class='ocr_par' dir='ltr' id='par_1_4' title="bbox 312 3063 1726 3303">
     <span class='ocr_line' id='line_1_19' title="bbox 371 3063 1726 3168; baseline 0.004 -31"><span class='ocrx_word' id='word_1_162' title='bbox 371 3063 498 3137; x_wconf 89' lang='lat' dir='ltr'>Frater</span> <span class='ocrx_word' id='word_1_163' title='bbox 512 3063 732 3168; x_wconf 87' lang='lat' dir='ltr'>Radulphus</span> <span class='ocrx_word' id='word_1_164' title='bbox 750 3063 796 3139; x_wconf 93' lang='lat' dir='ltr'>de</span> <span class='ocrx_word' id='word_1_165' title='bbox 812 3063 1038 3141; x_wconf 85' lang='lat' dir='ltr'>Tavernisco</span> <span class='ocrx_word' id='word_1_166' title='bbox 1054 3065 1232 3152; x_wconf 90' lang='lat' dir='ltr'>serviens,</span> <span class='ocrx_word' id='word_1_167' title='bbox 1252 3065 1472 3142; x_wconf 81' lang='lat' dir='ltr'>Patisiensis</span> <span class='ocrx_word' id='word_1_168' title='bbox 1490 3067 1668 3156; x_wconf 89' lang='lat' dir='ltr'>diocesis,</span> <span class='ocrx_word' id='word_1_169' title='bbox 1680 3084 1726 3143; x_wconf 85' lang='lat' dir='ltr'>te</span> 
     </span>
     <span class='ocr_line' id='line_1_20' title="bbox 312 3192 1725 3303; baseline 0.005 -37"><span class='ocrx_word' id='word_1_170' title='bbox 312 3192 377 3266; x_wconf 87' lang='lat' dir='ltr'>stis</span> <span class='ocrx_word' id='word_1_171' title='bbox 404 3220 514 3297; x_wconf 90' lang='lat' dir='ltr'>supra</span> <span class='ocrx_word' id='word_1_172' title='bbox 531 3193 695 3297; x_wconf 88' lang='lat' dir='ltr'>juratus,</span> <span class='ocrx_word' id='word_1_173' title='bbox 724 3212 920 3299; x_wconf 91' lang='lat' dir='ltr'>preceptor</span> <span class='ocrx_word' id='word_1_174' title='bbox 947 3196 1084 3270; x_wconf 88' lang='lat' dir='ltr'>domus</span> <span class='ocrx_word' id='word_1_175' title='bbox 1106 3194 1204 3272; x_wconf 88' lang='lat' dir='ltr'>Ville</span> <span class='ocrx_word' id='word_1_176' title='bbox 1224 3195 1293 3271; x_wconf 93' lang='lat' dir='ltr'>Dei</span> <span class='ocrx_word' id='word_1_177' title='bbox 1313 3196 1419 3301; x_wconf 86' lang='lat' dir='ltr'>juxta</span> <span class='ocrx_word' id='word_1_178' title='bbox 1441 3196 1601 3303; x_wconf 86' lang='lat' dir='ltr'>Strapis,</span> <span class='ocrx_word' id='word_1_179' title='bbox 1628 3199 1725 3275; x_wconf 87' lang='lat' dir='ltr'>aliter</span> 
     </span>
    </p>
   </div>
   <div class='ocr_carea' id='block_1_4' title="bbox 303 3322 1725 5000">
    <p class='ocr_par' dir='ltr' id='par_1_5' title="bbox 303 3322 1725 5000">
     <span class='ocr_line' id='line_1_21' title="bbox 312 3322 1725 3434; baseline 0.005 -38"><span class='ocrx_word' id='word_1_180' title='bbox 312 3340 436 3397; x_wconf 82' lang='lat' dir='ltr'>vocata</span> <span class='ocrx_word' id='word_1_181' title='bbox 455 3322 502 3399; x_wconf 91' lang='lat' dir='ltr'>de</span> <span class='ocrx_word' id='word_1_182' title='bbox 518 3323 617 3400; x_wconf 89' lang='lat' dir='ltr'>Malo</span> <span class='ocrx_word' id='word_1_183' title='bbox 638 3325 818 3428; x_wconf 84' lang='lat' dir='ltr'>Repastu,</span> <span class='ocrx_word' id='word_1_184' title='bbox 834 3324 1073 3402; x_wconf 83' lang='lat' dir='ltr'>Carnutensis</span> <span class='ocrx_word' id='word_1_185' title='bbox 1092 3327 1267 3417; x_wconf 82' lang='lat' dir='ltr'>diocesis,</span> <span class='ocrx_word' id='word_1_186' title='bbox 1285 3328 1556 3434; x_wconf 84' lang='lat' dir='ltr'>quinquaginta</span> <span class='ocrx_word' id='word_1_187' title='bbox 1573 3348 1659 3405; x_wconf 85' lang='lat' dir='ltr'>octo</span> <span class='ocrx_word' id='word_1_188' title='bbox 1673 3357 1725 3404; x_wconf 87' lang='lat' dir='ltr'>an·</span> 
     </span>
     <span class='ocr_line' id='line_1_22' title="bbox 314 3453 1723 3562; baseline 0.005 -37"><span class='ocrx_word' id='word_1_189' title='bbox 314 3481 448 3528; x_wconf 87' lang='lat' dir='ltr'>uorum</span> <span class='ocrx_word' id='word_1_190' title='bbox 469 3453 526 3528; x_wconf 91' lang='lat' dir='ltr'>vel</span> <span class='ocrx_word' id='word_1_191' title='bbox 545 3454 656 3541; x_wconf 88' lang='lat' dir='ltr'>circa,</span> <span class='ocrx_word' id='word_1_192' title='bbox 681 3483 755 3528; x_wconf 89' lang='lat' dir='ltr'>non</span> <span class='ocrx_word' id='word_1_193' title='bbox 775 3454 961 3530; x_wconf 81' lang='lat' dir='ltr'>defferens</span> <span class='ocrx_word' id='word_1_194' title='bbox 981 3457 1201 3532; x_wconf 90' lang='lat' dir='ltr'>mantellum</span> <span class='ocrx_word' id='word_1_195' title='bbox 1225 3458 1387 3543; x_wconf 91' lang='lat' dir='ltr'>ordinis,</span> <span class='ocrx_word' id='word_1_196' title='bbox 1410 3459 1493 3562; x_wconf 86' lang='lat' dir='ltr'>quia</span> <span class='ocrx_word' id='word_1_197' title='bbox 1518 3457 1642 3562; x_wconf 81' lang='lat' dir='ltr'>ipsum</span> <span class='ocrx_word' id='word_1_198' title='bbox 1667 3489 1723 3533; x_wconf 88' lang='lat' dir='ltr'>ve-</span> 
     </span>
     <span class='ocr_line' id='line_1_23' title="bbox 311 3584 1718 3689; baseline 0.004 -34"><span class='ocrx_word' id='word_1_199' title='bbox 311 3600 445 3686; x_wconf 87' lang='lat' dir='ltr'>tustate</span> <span class='ocrx_word' id='word_1_200' title='bbox 467 3601 730 3689; x_wconf 88' lang='lat' dir='ltr'>consumptum</span> <span class='ocrx_word' id='word_1_201' title='bbox 752 3584 959 3661; x_wconf 81' lang='lat' dir='ltr'>voluntarie</span> <span class='ocrx_word' id='word_1_202' title='bbox 981 3586 1187 3678; x_wconf 88' lang='lat' dir='ltr'>dimiserat,</span> <span class='ocrx_word' id='word_1_203' title='bbox 1216 3605 1253 3663; x_wconf 93' lang='lat' dir='ltr'>et</span> <span class='ocrx_word' id='word_1_204' title='bbox 1278 3589 1358 3664; x_wconf 86' lang='lat' dir='ltr'>radi</span> <span class='ocrx_word' id='word_1_205' title='bbox 1383 3587 1513 3663; x_wconf 86' lang='lat' dir='ltr'>lecerat</span> <span class='ocrx_word' id='word_1_206' title='bbox 1535 3585 1605 3662; x_wconf 89' lang='lat' dir='ltr'>sibi</span> <span class='ocrx_word' id='word_1_207' title='bbox 1634 3587 1718 3661; x_wconf 87' lang='lat' dir='ltr'>bar-</span> 
     </span>
     <span class='ocr_line' id='line_1_24' title="bbox 310 3713 1721 3823; baseline 0.004 -36"><span class='ocrx_word' id='word_1_208' title='bbox 310 3713 414 3802; x_wconf 88' lang='lat' dir='ltr'>bam,</span> <span class='ocrx_word' id='word_1_209' title='bbox 444 3743 529 3789; x_wconf 89' lang='lat' dir='ltr'>cum</span> <span class='ocrx_word' id='word_1_210' title='bbox 561 3744 636 3818; x_wconf 88' lang='lat' dir='ltr'>quo</span> <span class='ocrx_word' id='word_1_211' title='bbox 662 3715 883 3821; x_wconf 89' lang='lat' dir='ltr'>inquisitum</span> <span class='ocrx_word' id='word_1_212' title='bbox 912 3717 1048 3807; x_wconf 87' lang='lat' dir='ltr'>luerat,</span> <span class='ocrx_word' id='word_1_213' title='bbox 1082 3719 1276 3794; x_wconf 84' lang='lat' dir='ltr'>absolutus</span> <span class='ocrx_word' id='word_1_214' title='bbox 1309 3737 1346 3795; x_wconf 90' lang='lat' dir='ltr'>et</span> <span class='ocrx_word' id='word_1_215' title='bbox 1374 3716 1632 3796; x_wconf 86' lang='lat' dir='ltr'>reconciliatus</span> <span class='ocrx_word' id='word_1_216' title='bbox 1658 3747 1721 3823; x_wconf 92' lang='lat' dir='ltr'>per</span> 
     </span>
     <span class='ocr_line' id='line_1_25' title="bbox 310 3845 1721 3952; baseline 0.005 -34"><span class='ocrx_word' id='word_1_217' title='bbox 310 3845 507 3920; x_wconf 87' lang='lat' dir='ltr'>dominum</span> <span class='ocrx_word' id='word_1_218' title='bbox 528 3845 847 3952; x_wconf 88' lang='lat' dir='ltr'>archiepiscopum</span> <span class='ocrx_word' id='word_1_219' title='bbox 865 3850 1089 3924; x_wconf 86' lang='lat' dir='ltr'>Remensem</span> <span class='ocrx_word' id='word_1_220' title='bbox 1110 3850 1147 3923; x_wconf 93' lang='lat' dir='ltr'>in</span> <span class='ocrx_word' id='word_1_221' title='bbox 1169 3850 1325 3927; x_wconf 87' lang='lat' dir='ltr'>concilio</span> <span class='ocrx_word' id='word_1_222' title='bbox 1347 3851 1543 3936; x_wconf 85' lang='lat' dir='ltr'>Remensi,</span> <span class='ocrx_word' id='word_1_223' title='bbox 1566 3849 1671 3926; x_wconf 90' lang='lat' dir='ltr'>lectis</span> <span class='ocrx_word' id='word_1_224' title='bbox 1688 3869 1721 3925; x_wconf 91' lang='lat' dir='ltr'>et</span> 
     </span>
     <span class='ocr_line' id='line_1_26' title="bbox 309 3975 1720 4087; baseline 0.006 -38"><span class='ocrx_word' id='word_1_225' title='bbox 309 3975 508 4082; x_wconf 82' lang='lat' dir='ltr'>diligenter</span> <span class='ocrx_word' id='word_1_226' title='bbox 529 3978 703 4082; x_wconf 87' lang='lat' dir='ltr'>expositis</span> <span class='ocrx_word' id='word_1_227' title='bbox 724 3977 791 4053; x_wconf 90' lang='lat' dir='ltr'>sibi</span> <span class='ocrx_word' id='word_1_228' title='bbox 813 3978 991 4054; x_wconf 89' lang='lat' dir='ltr'>omnibus</span> <span class='ocrx_word' id='word_1_229' title='bbox 1011 3997 1048 4055; x_wconf 91' lang='lat' dir='ltr'>et</span> <span class='ocrx_word' id='word_1_230' title='bbox 1068 3980 1224 4086; x_wconf 85' lang='lat' dir='ltr'>singulis</span> <span class='ocrx_word' id='word_1_231' title='bbox 1245 3981 1430 4082; x_wconf 77' lang='lat' dir='ltr'>articulis,</span> <span class='ocrx_word' id='word_1_232' title='bbox 1452 3983 1720 4087; x_wconf 83' lang='lat' dir='ltr'>protestacione</span> 
     </span>
     <span class='ocr_line' id='line_1_27' title="bbox 309 4106 1720 4218; baseline 0.005 -39"><span class='ocrx_word' id='word_1_233' title='bbox 309 4106 486 4208; x_wconf 81' lang='lat' dir='ltr'>premissa</span> <span class='ocrx_word' id='word_1_234' title='bbox 511 4108 614 4210; x_wconf 93' lang='lat' dir='ltr'>quod</span> <span class='ocrx_word' id='word_1_235' title='bbox 637 4136 711 4183; x_wconf 90' lang='lat' dir='ltr'>non</span> <span class='ocrx_word' id='word_1_236' title='bbox 739 4109 902 4183; x_wconf 89' lang='lat' dir='ltr'>intendit</span> <span class='ocrx_word' id='word_1_237' title='bbox 925 4110 1101 4186; x_wconf 87' lang='lat' dir='ltr'>recedere</span> <span class='ocrx_word' id='word_1_238' title='bbox 1123 4140 1142 4184; x_wconf 94' lang='lat' dir='ltr'>a</span> <span class='ocrx_word' id='word_1_239' title='bbox 1169 4113 1410 4216; x_wconf 87' lang='lat' dir='ltr'>deposicionc</span> <span class='ocrx_word' id='word_1_240' title='bbox 1433 4140 1503 4218; x_wconf 90' lang='lat' dir='ltr'>per</span> <span class='ocrx_word' id='word_1_241' title='bbox 1523 4140 1613 4189; x_wconf 88' lang='lat' dir='ltr'>eum</span> <span class='ocrx_word' id='word_1_242' title='bbox 1634 4113 1720 4189; x_wconf 82' lang='lat' dir='ltr'>facta</span> 
     </span>
     <span class='ocr_line' id='line_1_28' title="bbox 307 4236 1720 4363; baseline 0.007 -55"><span class='ocrx_word' id='word_1_243' title='bbox 307 4264 429 4310; x_wconf 87' lang='lat' dir='ltr'>coram</span> <span class='ocrx_word' id='word_1_244' title='bbox 460 4236 560 4312; x_wconf 91' lang='lat' dir='ltr'>dicto</span> <span class='ocrx_word' id='word_1_245' title='bbox 589 4237 743 4313; x_wconf 87' lang='lat' dir='ltr'>domino</span> <span class='ocrx_word' id='word_1_246' title='bbox 771 4238 1069 4344; x_wconf 87' lang='lat' dir='ltr'>archiepiscopo,</span> <span class='ocrx_word' id='word_1_247' title='bbox 1099 4243 1294 4345; x_wconf 87' lang='lat' dir='ltr'>respondit</span> <span class='ocrx_word' id='word_1_248' title='bbox 1323 4270 1361 4318; x_wconf 87' lang='lat' dir='ltr'>se</span> <span class='ocrx_word' id='word_1_249' title='bbox 1389 4244 1527 4321; x_wconf 86' lang='lat' dir='ltr'>vidisse</span> <span class='ocrx_word' id='word_1_250' title='bbox 1557 4245 1720 4363; x_wconf 47' lang='lat' dir='ltr'>et.audi·</span> 
     </span>
     <span class='ocr_line' id='line_1_29' title="bbox 307 4367 1719 4473; baseline 0.011 -38"><span class='ocrx_word' id='word_1_251' title='bbox 307 4367 396 4440; x_wconf 89' lang='lat' dir='ltr'>visse</span> <span class='ocrx_word' id='word_1_252' title='bbox 425 4368 495 4442; x_wconf 90' lang='lat' dir='ltr'>dici</span> <span class='ocrx_word' id='word_1_253' title='bbox 523 4370 625 4472; x_wconf 89' lang='lat' dir='ltr'>qnod</span> <span class='ocrx_word' id='word_1_254' title='bbox 653 4370 691 4442; x_wconf 92' lang='lat' dir='ltr'>in</span> <span class='ocrx_word' id='word_1_255' title='bbox 714 4370 996 4473; x_wconf 89' lang='lat' dir='ltr'>recepcionibus</span> <span class='ocrx_word' id='word_1_256' title='bbox 1020 4370 1176 4447; x_wconf 83' lang='lat' dir='ltr'>fratrum</span> <span class='ocrx_word' id='word_1_257' title='bbox 1199 4374 1342 4448; x_wconf 88' lang='lat' dir='ltr'>ordinis</span> <span class='ocrx_word' id='word_1_258' title='bbox 1361 4374 1547 4450; x_wconf 82' lang='lat' dir='ltr'>faciebant</span> <span class='ocrx_word' id='word_1_259' title='bbox 1573 4402 1638 4451; x_wconf 88' lang='lat' dir='ltr'>eos</span> <span class='ocrx_word' id='word_1_260' title='bbox 1660 4375 1719 4450; x_wconf 83' lang='lat' dir='ltr'>ab</span> 
     </span>
     <span class='ocr_line' id='line_1_30' title="bbox 305 4499 1718 4612; baseline 0.011 -44"><span class='ocrx_word' id='word_1_261' title='bbox 305 4525 437 4602; x_wconf 84' lang='lat' dir='ltr'>negare</span> <span class='ocrx_word' id='word_1_262' title='bbox 463 4499 638 4586; x_wconf 88' lang='lat' dir='ltr'>lbesum,</span> <span class='ocrx_word' id='word_1_263' title='bbox 666 4517 703 4575; x_wconf 91' lang='lat' dir='ltr'>et</span> <span class='ocrx_word' id='word_1_264' title='bbox 728 4501 800 4575; x_wconf 89' lang='lat' dir='ltr'>hoc</span> <span class='ocrx_word' id='word_1_265' title='bbox 825 4500 918 4575; x_wconf 91' lang='lat' dir='ltr'>vidit</span> <span class='ocrx_word' id='word_1_266' title='bbox 945 4499 1067 4605; x_wconf 90' lang='lat' dir='ltr'>primo</span> <span class='ocrx_word' id='word_1_267' title='bbox 1099 4502 1136 4576; x_wconf 92' lang='lat' dir='ltr'>in</span> <span class='ocrx_word' id='word_1_268' title='bbox 1163 4530 1201 4578; x_wconf 88' lang='lat' dir='ltr'>se</span> <span class='ocrx_word' id='word_1_269' title='bbox 1228 4505 1323 4607; x_wconf 90' lang='lat' dir='ltr'>ipsc,</span> <span class='ocrx_word' id='word_1_270' title='bbox 1351 4504 1414 4609; x_wconf 90' lang='lat' dir='ltr'>qui</span> <span class='ocrx_word' id='word_1_271' title='bbox 1447 4504 1520 4580; x_wconf 84' lang='lat' dir='ltr'>luit</span> <span class='ocrx_word' id='word_1_272' title='bbox 1549 4524 1718 4612; x_wconf 86' lang='lat' dir='ltr'>receptus</span> 
     </span>
     <span class='ocr_line' id='line_1_31' title="bbox 306 4625 1716 4737; baseline 0.012 -41"><span class='ocrx_word' id='word_1_273' title='bbox 306 4625 342 4697; x_wconf 88' lang='lat' dir='ltr'>in</span> <span class='ocrx_word' id='word_1_274' title='bbox 363 4628 501 4729; x_wconf 86' lang='lat' dir='ltr'>capella</span> <span class='ocrx_word' id='word_1_275' title='bbox 523 4630 658 4706; x_wconf 86' lang='lat' dir='ltr'>domus</span> <span class='ocrx_word' id='word_1_276' title='bbox 679 4630 824 4735; x_wconf 87' lang='lat' dir='ltr'>Templi</span> <span class='ocrx_word' id='word_1_277' title='bbox 854 4632 900 4707; x_wconf 91' lang='lat' dir='ltr'>de</span> <span class='ocrx_word' id='word_1_278' title='bbox 922 4633 1094 4737; x_wconf 84' lang='lat' dir='ltr'>Soysiaco</span> <span class='ocrx_word' id='word_1_279' title='bbox 1126 4634 1328 4709; x_wconf 85' lang='lat' dir='ltr'>Meldensis</span> <span class='ocrx_word' id='word_1_280' title='bbox 1354 4635 1530 4722; x_wconf 89' lang='lat' dir='ltr'>diocesis,</span> <span class='ocrx_word' id='word_1_281' title='bbox 1553 4637 1594 4712; x_wconf 88' lang='lat' dir='ltr'>in</span> <span class='ocrx_word' id='word_1_282' title='bbox 1623 4656 1716 4713; x_wconf 87' lang='lat' dir='ltr'>octa·</span> 
     </span>
     <span class='ocr_line' id='line_1_32' title="bbox 303 4753 1714 4868; baseline 0.012 -42"><span class='ocrx_word' id='word_1_283' title='bbox 303 4753 360 4828; x_wconf 90' lang='lat' dir='ltr'>bis</span> <span class='ocrx_word' id='word_1_284' title='bbox 381 4756 516 4832; x_wconf 79' lang='lat' dir='ltr'>Pasclre</span> <span class='ocrx_word' id='word_1_285' title='bbox 539 4760 704 4837; x_wconf 87' lang='lat' dir='ltr'>instantis</span> <span class='ocrx_word' id='word_1_286' title='bbox 726 4780 835 4837; x_wconf 85' lang='lat' dir='ltr'>erunt</span> <span class='ocrx_word' id='word_1_287' title='bbox 854 4789 980 4839; x_wconf 83' lang='lat' dir='ltr'>xxxnu</span> <span class='ocrx_word' id='word_1_288' title='bbox 1001 4765 1086 4838; x_wconf 89' lang='lat' dir='ltr'>anni</span> <span class='ocrx_word' id='word_1_289' title='bbox 1108 4764 1165 4839; x_wconf 92' lang='lat' dir='ltr'>vel</span> <span class='ocrx_word' id='word_1_290' title='bbox 1190 4765 1298 4850; x_wconf 89' lang='lat' dir='ltr'>circa,</span> <span class='ocrx_word' id='word_1_291' title='bbox 1322 4792 1389 4868; x_wconf 87' lang='lat' dir='ltr'>per</span> <span class='ocrx_word' id='word_1_292' title='bbox 1405 4764 1560 4843; x_wconf 82' lang='lat' dir='ltr'>fratrem</span> <span class='ocrx_word' id='word_1_293' title='bbox 1581 4769 1714 4845; x_wconf 86' lang='lat' dir='ltr'>loban-</span> 
     </span>
     <span class='ocr_line' id='line_1_33' title="bbox 303 4885 1708 5000; baseline 0.009 -43"><span class='ocrx_word' id='word_1_294' title='bbox 303 4913 388 4958; x_wconf 90' lang='lat' dir='ltr'>nem</span> <span class='ocrx_word' id='word_1_295' title='bbox 423 4885 469 4960; x_wconf 93' lang='lat' dir='ltr'>de</span> <span class='ocrx_word' id='word_1_296' title='bbox 497 4889 627 4963; x_wconf 90' lang='lat' dir='ltr'>Turno</span> <span class='ocrx_word' id='word_1_297' title='bbox 655 4893 862 4992; x_wconf 89' lang='lat' dir='ltr'>quondam,</span> <span class='ocrx_word' id='word_1_298' title='bbox 893 4894 1166 4970; x_wconf 85' lang='lat' dir='ltr'>thesaurarium</span> <span class='ocrx_word' id='word_1_299' title='bbox 1194 4912 1282 4969; x_wconf 83' lang='lat' dir='ltr'>tunc</span> <span class='ocrx_word' id='word_1_300' title='bbox 1307 4897 1456 5000; x_wconf 88' lang='lat' dir='ltr'>Templi</span> <span class='ocrx_word' id='word_1_301' title='bbox 1483 4897 1708 4980; x_wconf 87' lang='lat' dir='ltr'>Parisiensis,</span> 
     </span>
    </p>
   </div>
   <div class='ocr_carea' id='block_1_5' title="bbox 0 0 2044 6052">
    <p class='ocr_par' dir='ltr' id='par_1_6' title="bbox 0 0 2044 6052">
     <span class='ocr_line' id='line_1_34' title="bbox 0 0 2044 6052; baseline 0 9"><span class='ocrx_word' id='word_1_302' title='bbox 0 0 2044 6052; x_wconf 95' lang='lat' dir='ltr'> </span> 
     </span>
    </p>
   </div>
  </div>
 </body>
</html>
