4080 6052
521 531 594 607 ssa
907 508 1102 621 rsocts
1129 524 1222 597 ons
1249 523 1550 596 ruuenrcns.

520 686 692 781 poterant
710 670 880 747 confiteri
900 671 971 747 nisi
991 667 1167 746 fratribus
1186 664 1442 742 sacerdotibus
1462 663 1624 751 ordinis,
1642 680 1680 740 et
1696 664 1728 740 si
1745 665 1814 771 qui
1835 680 1945 744 erant

523 831 669 881 errores
694 802 759 908 qui
785 800 922 878 scirent
948 801 987 876 in
1013 798 1146 878 ordine
1168 795 1316 872 luerent
1339 795 1571 904 negligentes
1594 795 1633 872 in
1658 796 1886 903 corrigendo
1906 813 1944 874 et

524 930 783 1010 denunciando
802 929 979 1007 Ecclesie.

579 1065 688 1147 Item,
708 1059 755 1135 de
776 1059 959 1137 contentis
980 1060 1017 1134 in
1037 1084 1157 1136 nxxvu
1174 1073 1212 1133 et
1229 1083 1316 1135 xvur
1336 1054 1599 1161 sequentibus,
1616 1054 1664 1131 de
1684 1055 1801 1132 modo
1820 1083 1944 1163 recep

523 1194 657 1278 cionis,
679 1191 710 1268 si
738 1190 830 1266 citra
854 1218 956 1266 mare
982 1207 1019 1266 et
1043 1188 1142 1264 ultra
1165 1213 1267 1262 mare
1294 1202 1518 1276 servaretur,
1540 1185 1737 1291 respondit
1764 1214 1807 1263 se
1827 1187 1941 1265 nichil

524 1324 616 1401 scire
637 1322 708 1398 nisi
728 1320 834 1427 quod
854 1349 966 1426 supra
982 1319 1168 1425 deposuit.

580 1454 695 1541 Item,
718 1466 891 1525 contenta
915 1449 955 1524 in
980 1475 1075 1527 xcvu
1100 1464 1138 1523 et
1162 1472 1182 1525 c
1208 1445 1403 1552 respondit
1428 1445 1532 1550 quod
1559 1472 1635 1521 non
1661 1443 1840 1523 credebat
1864 1474 1942 1524 esse

525 1610 627 1667 vera,
648 1581 737 1686 quia
758 1579 829 1657 sibi
856 1596 1076 1685 preceptum
1101 1577 1224 1654 luerat
1247 1576 1353 1684 quod
1376 1574 1513 1654 faceret
1534 1576 1632 1653 bene
1658 1577 1883 1655 elemosinas
1906 1595 1942 1654 et

526 1726 689 1787 servaret
713 1709 1025 1817 hospitalitatem,
1051 1725 1089 1784 et
1116 1706 1221 1813 quod
1244 1704 1360 1782 nichil
1385 1705 1594 1813 acquireret
1617 1706 1774 1815 injuste,
1798 1708 1885 1814 quia
1909 1709 1941 1785 si

527 1842 737 1948 acquireret
761 1856 800 1916 et
824 1839 872 1915 de
897 1841 970 1917 boc
996 1840 1112 1915 eciam
1132 1836 1376 1914 confiteretur
1392 1837 1432 1913 in
1452 1854 1589 1924 morte,
1605 1865 1689 1953 'non
1708 1837 1819 1916 fieret
1834 1839 1942 1917 resti·

526 1973 627 2049 tucio
659 1989 857 2078 postquam
881 1970 1014 2048 luisset
1040 1969 1163 2045 ordini
1196 1967 1442 2074 acquisitum,
1472 1984 1510 2044 et
1537 1967 1631 2046 vidit
1658 1968 1855 2076 religiosos
1881 1998 1945 2047 cu·

521 2103 749 2208 juscumque
780 2118 897 2178 status
928 2101 1026 2178 bene
1060 2099 1176 2206 recipi
1212 2099 1252 2174 in
1285 2098 1418 2175 ordine
1444 2099 1675 2204 supradicto,
1702 2116 1741 2176 et
1768 2099 1945 2207 precipie

526 2230 638 2307 batur
665 2231 720 2308 eis
743 2232 848 2337 quod
876 2231 915 2307 in
946 2230 1008 2306 die
1033 2231 1131 2313 lovis
1158 2245 1282 2306 sancta
1309 2228 1573 2336 recolligerent
1597 2229 1637 2305 in
1666 2228 1848 2309 domibus
1871 2231 1946 2310 suis

527 2389 590 2438 xur
609 2390 810 2468 pauperes,
833 2378 870 2438 et
889 2361 1067 2449 lavarent,
1090 2377 1128 2436 et
1147 2359 1407 2437 oscularentur
1427 2386 1558 2435 eorum
1579 2359 1707 2465 pedes.

583 2491 693 2580 Item,
711 2491 758 2567 ad
775 2519 809 2569 cr
830 2508 868 2568 et
887 2519 1019 2568 omnes
1040 2490 1131 2568 alios
1147 2505 1349 2598 sequentes
1369 2489 1564 2595 respondit
1581 2519 1620 2567 se
1640 2490 1829 2568 audivisse
1844 2494 1944 2599 quod

529 2620 625 2697 clam
650 2621 878 2699 tenebantur
901 2622 1061 2728 capitula
1090 2621 1248 2698 exclusis
1276 2620 1453 2698 omnibus
1482 2620 1712 2698 secularibus
1744 2621 1946 2728 aliquando

527 2752 692 2829 multum
715 2753 935 2860 tempestive
960 2751 1020 2828 vel
1046 2752 1093 2827 de
1123 2768 1255 2838 nocte,
1279 2766 1322 2828 ut
1347 2749 1477 2828 lratrcs
1506 2753 1573 2857 qui
1603 2751 1872 2829 conveniebant
1894 2753 1945 2828 ci·

531 2881 610 2959 cius
633 2883 809 2958 recedere
836 2898 1004 2988 possent,
1026 2899 1065 2957 et
1088 2880 1264 2957 credebat
1286 2880 1391 2987 quod
1415 2881 1455 2957 in
1475 2882 1608 2959 ordine
1634 2896 1822 2959 servarent
1839 2882 1944 2987 quod

530 3036 688 3113 magnus
717 3012 891 3116 Magister
922 3041 1008 3088 cum
1035 3027 1220 3088 conventu
1249 3038 1320 3091 suo
1350 3010 1562 3099 ordinabat,
1587 3028 1625 3087 et
1648 3012 1756 3118 quod
1778 3011 1945 3089 scandala

531 3152 656 3212 essent
686 3156 840 3242 propter
868 3140 1034 3242 predicta
1061 3156 1189 3217 contra
1217 3140 1391 3216 ordinem
1418 3157 1559 3226 exorta,
1588 3156 1626 3216 et
1654 3141 1848 3218 audiverat
1876 3140 1947 3218 dici

530 3265 636 3371 quod
656 3294 813 3375 magnus
838 3268 1013 3375 Magister
1039 3268 1231 3345 confessus
1249 3269 1372 3345 fuerat
1391 3270 1496 3376 quod
1515 3270 1749 3377 abnegabant
1767 3273 1893 3350 Deum
1913 3290 1949 3348 et

532 3395 655 3502 aliqua
681 3397 751 3472 alia
777 3398 823 3473 de
851 3397 931 3473 aliis
952 3399 1136 3474 contentis
1157 3399 1198 3473 in
1218 3398 1326 3474 dictis
1351 3399 1527 3476 articulis.
1549 3401 1755 3505 Respondit
1772 3429 1812 3476 se
1831 3401 1946 3477 nichil

532 3528 623 3604 scire
644 3527 740 3604 ultra
760 3528 823 3603 illa
843 3557 917 3635 que
936 3558 1047 3632 supra
1068 3529 1254 3635 deposuit.

588 3659 700 3748 Item,
716 3658 919 3765 requisitus
934 3659 964 3735 si
980 3660 1032 3735 sic
1044 3659 1268 3765 deposuerat
1285 3688 1409 3764 prece,
1427 3680 1620 3768 precepto,
1634 3664 1783 3749 timore,
1799 3688 1945 3749 amore,

532 3789 637 3878 odio,
660 3790 819 3865 comodo
844 3789 1042 3895 temporali
1069 3789 1196 3868 habito
1218 3789 1276 3866 vel
1295 3790 1492 3884 habendo,
1514 3793 1710 3899 respondit
1728 3792 1835 3898 quod
1855 3820 1946 3877 non,

532 3919 599 3996 sed
616 3947 684 4025 pro
696 3921 849 3996 veritate
865 3921 1041 4009 dicenda,
1056 3920 1115 3997 cui
1130 3921 1202 3999 fuit
1215 3922 1433 4027 impositum
1446 3951 1514 4030 per
1529 3923 1650 4000 dictos
1665 3923 1844 4000 dominos
1856 3950 1948 4000 com·

532 4051 739 4140 missarios,
761 4053 799 4127 in
813 4053 951 4128 virtute
963 4052 1169 4158 juramenti
1184 4052 1329 4158 prestiti
1346 4079 1415 4157 per
1431 4076 1520 4130 eunt
1533 4114 1541 4142 ‚
1556 4054 1661 4160 quod
1677 4081 1755 4130 non
1772 4054 1948 4130 revelaret

532 4183 629 4257 bunc
654 4212 760 4259 suam
787 4184 1065 4287 depositionem
1086 4211 1284 4289 quousque
1311 4185 1567 4261 attestationes
1591 4184 1732 4261 luerint
1750 4185 1945 4290 publicato.

592 4438 747 4514 Eisdem
768 4440 829 4517 die
851 4458 888 4518 et
911 4441 994 4519 loco
1019 4440 1092 4519 fuit
1111 4442 1294 4527 adductus
1320 4444 1368 4519 ad
1387 4446 1616 4550 presenciam
1639 4447 1866 4523 eorumdem
1885 4447 1946 4522 do·

534 4569 727 4645 minorum
752 4573 1095 4667 commissariorum
1120 4571 1233 4649 frater
1257 4575 1398 4681 Symon
1420 4574 1465 4651 de
1494 4575 1674 4652 Lecbuno
1699 4576 1946 4683 insanguine

534 4696 651 4771 Terso
674 4697 933 4776 Ambianensis
956 4701 1128 4792 diocesis,
1151 4703 1255 4780 testis
1279 4732 1392 4810 supra
1411 4687 1575 4809 juratus,
1598 4723 1641 4781 ut
1664 4705 1874 4812 deponeret
1895 4705 1948 4782 di-

535 4843 637 4901 ctum
658 4855 787 4915 suum,
806 4858 883 4906 non
904 4833 1076 4912 deferens
1103 4834 1326 4912 mantellum
1352 4836 1511 4922 ordinis,
1532 4837 1622 4942 quia
1646 4853 1773 4915 custos
1798 4836 1948 4916 carceris
