4080 6052
696 557 1339 650 rnocnsnnsrnurnrnns
1521 524 1524 529 ’
1652 581 1724 655 eso

312 715 474 822 magistri
496 715 650 823 passagii
671 744 806 825 magno
821 716 1015 824 Magistro,
1027 719 1070 793 'et
1084 717 1274 837 consulpit
1294 718 1372 822 ipse
1389 718 1496 795 testis
1515 717 1615 795 dicto
1636 723 1725 798 Bar-

308 846 503 924 tholomeo
516 846 623 952 quod
638 847 779 925 litteras
795 865 832 925 et
844 847 934 925 alias
949 847 1135 954 predictas
1148 848 1315 926 mitteret
1329 848 1429 925 dicto
1447 848 1603 926 domino
1618 852 1722 957 Regi.

362 978 616 1083 Interrogatus
634 979 663 1053 si
684 1006 798 1085 super
817 978 981 1055 articulis
1002 977 1070 1055 sibi
1091 977 1196 1056 lectis
1221 977 1362 1056 sciebat
1381 978 1504 1084 aliqua
1524 978 1609 1067 ulia,
1633 979 1727 1056 dixit

306 1107 408 1211 quod
430 1135 523 1196 non,
542 1107 615 1183 hoc
634 1107 733 1184 salvo
753 1109 858 1215 quod
874 1108 986 1185 nlulti
1007 1127 1096 1186 sunt
1114 1108 1217 1197 anni,
1240 1138 1325 1186 cnm
1350 1109 1431 1214 ipse
1456 1125 1536 1184 erat
1553 1108 1722 1216 juvenis,

306 1237 448 1313 audivit
471 1238 543 1314 dici
570 1240 674 1345 quod
702 1239 740 1314 in
768 1240 1052 1347 recepcionibus
1081 1239 1241 1316 fratrum
1263 1238 1412 1346 Templi
1438 1237 1579 1315 fiebant
1600 1238 1724 1346 aliqua

307 1370 504 1446 inhoneste
524 1388 562 1447 et
576 1370 718 1461 illicita,
736 1389 775 1447 et
791 1389 945 1478 propter
961 1372 1035 1449 hoc
1054 1372 1172 1447 eciam
1188 1371 1267 1475 ipse
1283 1388 1321 1447 et
1337 1370 1416 1458 alii,
1435 1386 1480 1446 ut
1497 1368 1722 1473 premissum

307 1517 377 1591 est,
393 1500 560 1577 dixerant
572 1518 779 1578 memorato
793 1501 990 1588 Ancelin0,
1006 1519 1091 1578 ante
1104 1501 1364 1606 receptionem
1381 1499 1515 1604 ipsius,
1534 1497 1597 1573 illa
1610 1500 1723 1576 verba

305 1629 352 1704 de
371 1630 510 1735 quibus
529 1660 641 1737 supra
662 1632 852 1737 deposuit,
874 1660 949 1708 non
968 1649 1096 1709 tamen
1114 1649 1205 1708 turm
1224 1630 1401 1707 credebat
1420 1656 1500 1706 esse
1519 1656 1620 1716 vera,
1642 1657 1723 1706 mo-

305 1760 353 1836 do
369 1777 498 1866 *tamen
519 1761 634 1838 habet
657 1780 845 1868 suspectas
865 1763 1123 1867 recepcionem
1145 1778 1183 1838 et
1203 1760 1475 1865 professionem
1495 1787 1639 1836 eornm.
1663 1763 1723 1837 ln-

303 1906 514 1999 terrogatus
533 1893 562 1967 si
583 1893 680 1969 fama
697 1894 890 1972 laborabat
910 1911 1039 1970 contra
1058 1893 1232 1972 ordinem
1253 1894 1301 1970 de
1325 1894 1516 1971 erroribus
1536 1896 1720 1970 contentis

304 2022 343 2094 in
363 2020 472 2098 dictis
491 2023 673 2114 articulis,
695 2023 788 2102 dixit
811 2024 916 2130 quod
941 2025 992 2100 sic
1017 2024 1064 2101 de
1084 2025 1265 2130 presenti,
1293 2024 1463 2101 sedante
1485 2051 1721 2129 eorumcap

304 2151 450 2227 cionem
471 2155 662 2232 audiverat
678 2174 715 2232 et
734 2156 910 2232 credebat
928 2156 1032 2261 quod
1052 2156 1194 2232 domini
1215 2159 1312 2262 Papa
1329 2172 1369 2232 et
1389 2183 1451 2232 rex
1476 2155 1631 2232 Francia
1651 2156 1720 2231 sci-

277 2299 388 2367 ,rent
414 2283 572 2359 modum
597 2286 826 2391 recepcionis
852 2312 997 2362 eorum.
1024 2288 1116 2362 Item
1142 2287 1234 2362 dixit
1260 2315 1298 2362 se
1321 2286 1503 2362 audivisse
1529 2313 1548 2360 a
1571 2284 1721 2362 duobus

304 2413 527 2518 Templariis
540 2415 654 2521 captis
668 2417 768 2520 apud
782 2416 1024 2524 Lugdunum,
1037 2442 1201 2521 quorum
1213 2415 1478 2491 examinacioni
1488 2414 1719 2504 interfuerat,

304 2544 405 2647 quod
428 2545 456 2619 si
478 2546 689 2651 superiores
708 2573 841 2621 eorum
862 2546 1115 2651 precepissent
1133 2544 1187 2620 eis
1206 2544 1311 2650 quod
1322 2545 1528 2652 jacuissent
1548 2571 1633 2619 cnm
1655 2544 1722 2620 ali-

304 2702 378 2778 qua
405 2674 583 2763 muliere,
611 2675 880 2766 obedivissent,
907 2693 945 2752 et
966 2674 1206 2753 adduxissent
1225 2676 1294 2767 eis,
1317 2677 1347 2751 si
1365 2674 1632 2780 precepissent,
1655 2675 1721 2751 sed

305 2832 382 2880 non
406 2806 681 2882 commisissent
709 2833 752 2881 ex
779 2823 955 2912 precepto
982 2785 1115 2883 eorum
1142 2822 1335 2911 peccatum
1368 2804 1649 2891 sodomiticum,
1679 2824 1723 2882 ut

305 2935 490 3012 dicebant.

360 3067 574 3171 Requisitns
596 3067 627 3142 si
646 3092 772 3171 prece,
797 3082 989 3172 precepto,
1009 3067 1163 3156 timore,
1185 3092 1330 3155 amore,
1352 3065 1457 3152 odio,
1479 3064 1536 3141 vel
1559 3064 1721 3141 com'odo

304 3195 500 3299 temporali
522 3196 650 3274 habito
669 3197 726 3272 vel
749 3195 926 3274 hahendo
945 3198 997 3274 sic
1018 3197 1258 3303 deposuerat,
1281 3195 1477 3301 respondit
1500 3195 1605 3302 quod
1624 3223 1719 3284 non,

304 3325 372 3400 sed
399 3354 469 3432 pro
499 3328 652 3404 veritate
685 3326 858 3415 dicenda,
890 3329 947 3404 cui
979 3327 1052 3404 fuit
1076 3328 1288 3435 injunctum
1312 3353 1381 3432 per
1403 3326 1521 3402 dictos
1547 3325 1721 3401 dominos

304 3456 591 3548 commissarios,
619 3458 657 3534 in
679 3457 815 3535 virtute
830 3459 1035 3566 juramenti
1052 3459 1196 3566 prestiti
1220 3486 1289 3564 per
1313 3457 1490 3546 eundem,
1512 3455 1616 3560 quod
1643 3481 1720 3529 non

304 3587 482 3664 revelaret
513 3589 608 3665 hanc
634 3618 739 3666 suam
765 3590 1045 3695 deposicionem
1077 3617 1276 3695 quousque
1302 3586 1553 3664 attestationes
1581 3582 1722 3660 fuerint

303 3716 502 3820 publicato.
1515 3730 1518 3736 ’

361 3980 512 4056 Eisdem
541 3979 601 4055 die
629 3997 666 4055 et
688 3980 770 4057 loco
799 3979 955 4057 fuerunt
977 3979 1126 4057 adducti
1158 3977 1205 4055 ad
1233 3977 1465 4083 presenciam
1497 3976 1720 4055 eorumdem

307 4112 547 4190 dominorum
572 4110 913 4188 commissariorum
940 4128 979 4188 et
998 4109 1280 4217 archiepiscopi,
1305 4134 1375 4214 pro
1394 4107 1569 4194 testibus,
1590 4104 1722 4182 fratres

306 4242 534 4323 Guillelmus
556 4243 603 4319 de
623 4241 822 4350 Aramhlay
845 4241 1128 4320 elemosinarius
1149 4239 1292 4335 domini
1317 4239 1443 4347 Regis,
1464 4239 1653 4315 lohannes
1674 4236 1721 4312 de

306 4377 437 4451 Turno
462 4372 718 4451 thesaurarius
743 4371 899 4479 Templi
912 4373 1093 4461 Parisius,
1109 4373 1243 4449 Petrus
1263 4372 1309 4448 de
1330 4368 1470 4478 Reblay
1493 4367 1719 4452 Parisiensis,

307 4503 489 4580 Renerius
517 4502 565 4579 de
594 4504 778 4581 Larchant
804 4503 1051 4597 Senonensis,
1081 4503 1241 4580 Jacobus
1270 4502 1317 4578 de
1340 4500 1473 4580 Vernis
1498 4496 1719 4581 llleldensis,

306 4633 495 4711 lohannes
514 4634 731 4713 Ruffemont
753 4635 1087 4723 Clarrmontensis,
1113 4633 1302 4710 lohannes
1327 4633 1373 4709 de
1398 4633 1561 4737 Rompre
1586 4627 1723 4736 Lingo-

307 4765 433 4842 nensis
463 4757 686 4859 diocesium3
705 4766 771 4872 qni
791 4762 1013 4875 juraverunt
1033 4765 1140 4842 tactis
1167 4762 1406 4842 sacrosanctis
1433 4757 1641 4867 Evangeliis
1666 4755 1723 4831 di-

307 4922 391 4972 cere
407 4888 559 5003 plenam
574 4913 612 4974 et
628 4924 772 4974 meram
789 4897 981 4975 veritatem
999 4897 1039 4974 in
1053 4894 1212 5005 negocio
1229 4894 1319 4982 isto,
1337 4891 1546 4973 secundum
1563 4887 1723 4966 formam

1546 5025 1595 5087 58.
