4080 6052
308 540 382 614 sse
690 517 886 612 rsocts
910 531 1006 606 ons
1032 531 1334 608 rstsemnns.

305 683 462 772 Pruino,
488 678 593 787 cujus
612 703 823 784 cognomen
844 675 1008 782 ignorat,
1032 699 1149 782 quem
1169 675 1288 752 credit
1306 701 1388 752 esse
1409 690 1617 751 mortuum
1641 670 1736 748 inire

305 812 517 889 dimedium
542 804 685 886 annum
705 834 726 884 o
744 802 966 912 receptione
990 800 1075 898 sus,
1103 806 1143 881 in
1170 804 1312 913 mpella
1339 804 1480 883 domus
1501 800 1661 908 Templi
1688 803 1734 880 de

304 943 473 1020 Frenexo
499 936 697 1017 Trecentis
728 936 902 1027 diocesis,
935 935 1003 1042 qui
1019 930 1195 1015 »absolvit
1216 930 1327 1027 eum,
1352 952 1393 1013 et
1415 933 1597 1041 precepit
1624 929 1728 1038 quod

305 1070 548 1151 confiteretur
572 1067 621 1144 de
645 1062 826 1173 predictis
861 1063 971 1144 alicui
995 1062 1177 1172 'episcopo
1205 1062 1262 1142 vel
1291 1062 1599 1170 archiepiscopo,
1624 1062 1724 1171 quod

306 1225 383 1277 non
403 1198 507 1291 lecit,
528 1196 618 1304 quia
636 1222 721 1274 non·
733 1192 869 1272 hebuit
883 1193 1037 1300 copiam
1063 1220 1207 1273 eornm.
1233 1192 1400 1300 injunxit
1419 1192 1545 1275 eciam
1566 1190 1601 1269 ei
1625 1191 1726 1299 quod

300 1329 503 1436 jejunaret·
517 1341 585 1436 per
609 1354 731 1404 unum
755 1350 916 1412 sunum,
945 1321 1058 1403 sextis
1080 1322 1200 1414 feriis,
1225 1324 1265 1400 in
1292 1351 1388 1430 pane
1415 1341 1455 1401 et
1482 1350 1599 1430 aqum,
1628 1322 1729 1399 ince-

306 1458 414 1536 dens.
429 1459 510 1536 sine
533 1456 705 1548 cemisie;
734 1454 842 1562 quod
865 1470 905 1531 et
933 1451 1036 1532 lecit,
1068 1455 1127 1531 Et·
1149 1445 1394 1560 postmodum
1430 1452 1508 1531 luit
1538 1451 1729 1531 consessus

304 1589 424 1666 eciam
437 1588 589 1665 cuidem
615 1585 721 1669 fratri
735 1584 875 1664 Minori
890 1582 1042 1672 etnliis,
1062 1611 1161 1691 quos
1180 1612 1312 1663 omnes
1331 1564 1426 1662 dixit
1444 1611 1528 1662 esse
1541 1600 1720 1661 mortuos.

303 1719 519 1825 Requisitus
538 1719 569 1795 si
591 1717 665 1794 scit
687 1715 745 1793 vel
765 1714 886 1793 credit
907 1713 1014 1822 quod
1030 1714 1197 1822 predicta
1213 1714 1343 1809 illicite
1360 1713 1420 1793 vel
1440 1712 1511 1792 alia
1528 1711 1661 1791 fierent
1678 1713 1720 1788 in

304 1845 790 1954 recepcionibus-aliorum,
813 1843 1012 1951 respondit
1029 1844 1134 1951 quod
1156 1872 1247 1923 non.
1271 1846 1347 1922 Nec
1369 1843 1495 1922 credit
1514 1841 1618 1950 quod
1634 1866 1719 1948 pre-

306 1978 501 2055 dictasint
525 1974 574 2067 d'e
595 1976 750 2083 punctis
773 1973 936 2064 ordinis,
960 2002 1031 2053 neo
1047 1974 1143 2052 vidit
1165 1973 1258 2052 nlios
1277 1972 1394 2081 recipi
1416 1972 1459 2051 in
1482 1971 1635 2065 ordine,
1655 1999 1724 2050 nec

307 2105 479 2185 interfuit
500 2103 672 2211 capitulis
691 2131 837 2182 eorum.
859 2103 983 2195 Item,
994 2103 1088 2182 dixit
1113 2103 1219 2212 quod
1236 2104 1335 2183 hene
1354 2100 1539 2181 credebat
1558 2101 1726 2183 ecelesia-

305 2235 408 2314 sticis
420 2234 677 2326 sacrementis,
696 2234 853 2312 eredens
866 2233 970 2341 quod
984 2234 1047 2312 alii
1059 2233 1192 2311 fratres
1205 2233 1349 2313 ordinis
1367 2233 1507 2312 eodem
1523 2233 1643 2312 modo
1658 2260 1725 2310 cre

305 2367 458 2456 derent,
484 2383 523 2445 et
547 2364 652 2474 quod
678 2388 810 2442 eorum
838 2365 1202 2444 sacerdotesdebite
1230 2364 1486 2456 celebrarent,
1512 2390 1587 2442 nec
1610 2363 1725 2442 credit

305 2522 375 2574 nec
398 2494 542 2575 crudivit
566 2494 673 2602 quod
698 2498 831 2572 soru'm
858 2493 943 2572 laici
972 2495 1209 2575 obsolverent
1229 2494 1288 2573 vel
1312 2512 1470 2602 possent
1493 2493 1724 2575 absolveres

304 2625 483 2734 pereatis,
513 2654 584 2703 nec
612 2626 717 2733 quod
743 2642 1004 2732 perpetrarent
1026 2626 1169 2704 crimen
1199 2626 1493 2715 sodomiticum,
1522 2654 1596 2704 nee
1623 2625 1724 2733 quod

213 2832 216 2836 .
305 2756 489 2843 hahent
501 2756 630 2865 ydola,
649 2782 720 2833 nec
738 2756 844 2863 quod
863 2758 1020 2835 cordule
1033 2754 1174 2863 quibus
1192 2757 1438 2866 cingebantur
1456 2773 1652 2867 tangerent
1664 2780 1721 2833 ca·

305 2884 383 2992 pis
400 2885 614 2992 ydolorum.
632 2887 815 2967 Jursbent
833 2887 1013 2966 ordinem
1027 2915 1105 2965 non
1122 2887 1241 2976 exire,
1261 2904 1306 2966 ut
1318 2887 1457 2977 credit,
1484 2887 1572 2996 quie
1587 2888 1663 2994 ipse
1682 2904 1721 2965 et

306 3014 429 3092 dictus
441 3015 555 3095 freter
574 3016 735 3097 lacobus
758 3018 831 3096 hoc
845 3019 1076 3126 jnraverunt.
1096 3017 1349 3098 Clandestine
1368 3018 1660 3126 recipiebantur,
1678 3046 1720 3097 ex

305 3172 381 3251 quo
402 3145 521 3222 credit
537 3147 642 3251 quod
660 3165 758 3225 esset
777 3149 939 3255 suspicio
955 3167 1084 3228 contre
1106 3177 1182 3227 eos.
1204 3148 1452 3228 Inhihehatur
1471 3150 1544 3240 eis,
1565 3149 1634 3228 sed
1648 3178 1723 3228 non

306 3303 373 3381 per
401 3274 679 3382 juramentum,
714 3278 821 3383 quod
854 3307 931 3355 nou
964 3280 1172 3359 revelarent
1200 3297 1341 3357 secreta
1372 3280 1625 3387 capitulorum
1658 3310 1725 3359 nec

305 3405 464 3489 modum
488 3406 728 3510 recepcionis.
761 3408 801 3486 Si
828 3408 1073 3499 revelassent,
1102 3411 1159 3487 vel
1192 3410 1321 3488 illicita
1352 3410 1470 3487 facere
1497 3412 1720 3510 noluissent,

306 3534 422 3613 nescit
445 3534 607 3642 qualiter
629 3536 755 3641 puniti
780 3535 949 3616 luissent.
975 3540 1057 3617 Non
1081 3539 1154 3618 luit
1178 3539 1249 3616 sibi
1278 3539 1479 3618 inhibitum
1505 3540 1611 3645 quod
1638 3568 1717 3617 non

307 3664 548 3742 confiteretur
571 3665 643 3741 nisi
663 3666 921 3745 sacerdotibus
941 3668 1102 3758 ordinis,
1128 3699 1197 3747 nec
1215 3670 1358 3747 audivit
1377 3669 1455 3747 eliis
1474 3668 1653 3747 inhiberi.
1679 3670 1718 3746 Si

306 3794 370 3900 qui
392 3811 498 3871 erant
517 3796 677 3873 seientes
700 3824 845 3874 errores
862 3798 904 3875 in
925 3798 1078 3892 ordine,
1096 3798 1251 3877 luerunt
1269 3801 1518 3908 negligentes,
1539 3802 1722 3909 quianon

306 3941 547 4002 correxerunt
562 3954 627 4003 eos
643 3955 712 4003 nec
729 3928 1048 4006 denunciaverunt
1063 3928 1239 4007 Ecclesie.
1260 3930 1496 4009 Elemosinas
1515 3950 1554 4009 et
1563 3933 1724 4039 hospita·

303 4053 447 4132 litatem
466 4055 559 4133 vidit
578 4056 779 4163 aliquando
799 4059 972 4165 restringi
989 4058 1029 4135 in
1050 4058 1228 4139 domibus
1247 4060 1286 4138 in
1308 4061 1447 4167 quibus
1468 4061 1541 4139 fuit
1560 4090 1724 4141 oommo

306 4206 428 4278 retus,
461 4188 527 4265 sed
547 4189 792 4293 postmodum
820 4191 1085 4268 convenienter
1113 4193 1260 4269 servari.
1293 4192 1417 4284 Clam,
1450 4192 1581 4272 clauso
1612 4196 1721 4284 ostio,

306 4345 439 4395 eorum
454 4318 629 4425 capitulis
645 4319 886 4397 tenebantur.
907 4322 1027 4397 Totus
1046 4320 1141 4398 ordo
1154 4339 1333 4400 servasset
1351 4323 1457 4428 quod
1474 4352 1638 4433 magnus
1656 4327 1724 4403 Ma·

304 4448 418 4554 gister
438 4480 524 4528 cum
544 4469 731 4530 conventu
756 4452 955 4531 statuisset.
982 4453 1088 4531 Nunc
1109 4454 1263 4560 grandia
1285 4454 1474 4545 scandala,
1501 4456 1666 4563 suspicio
1689 4473 1722 4532 et

306 4575 455 4655 infamia
470 4599 558 4657 sunt
576 4599 704 4659 contra
721 4582 912 4674 ordinem,
929 4600 1083 4689 propter
1098 4582 1163 4661 illa
1180 4611 1253 4691 que
1269 4585 1445 4691 Magister
1463 4586 1584 4663 etalii
1600 4602 1719 4666 contra

303 4705 427 4809 ipsum
445 4709 623 4787 dicuntur
636 4712 751 4791 fuisse
766 4712 939 4805 confessi,
961 4714 1011 4790 ad
1029 4715 1137 4821 cujus
1152 4710 1425 4793 deffensionem
1441 4744 1517 4793 una
1539 4747 1627 4796 cum
1647 4716 1720 4797 aliis

304 4863 343 4912 se
371 4834 576 4925 obtulerat,
599 4840 665 4917 sed
687 4844 931 4947 postmodum
951 4872 990 4922 se
1010 4860 1221 4923 retraxerat.
