4080 6052
530 529 603 600 sao
914 502 1112 596 rancus
1137 518 1232 608 nus
1260 520 1562 594 reuemnas.

584 670 692 755 Item,
713 661 896 743 contentis
917 663 957 738 in
978 688 1051 740 cxu
1070 680 1107 739 et
1123 688 1189 741 xur
1208 660 1406 773 respondit
1425 688 1463 738 se
1485 659 1744 739 credererera
1760 685 1857 746 esse.

583 797 695 884 Item,
714 820 828 898 super
847 793 1032 868 contentis
1052 792 1090 867 in
1110 817 1305 882 cx1111,xv,
1327 817 1386 868 xvr
1403 807 1441 867 et
1456 817 1530 870 xvu
1553 790 1750 894 respondit
1772 818 1812 866 se
1835 791 1955 868 nichil

528 927 639 1015 scire,
656 925 728 1002 nisi
748 922 854 1030 quod
872 922 969 998 niale
990 922 1169 1012 fecerant,
1190 921 1375 1026 quianon
1396 936 1633 997 correxerant
1649 920 1772 999 dictos
1792 948 1950 999 errores.

584 1060 695 1143 Item,
715 1083 828 1161 super
844 1054 1029 1130 contentis
1049 1053 1088 1129 in
1110 1079 1218 1130 cxvru
1237 1051 1433 1157 respondit
1452 1080 1492 1127 se
1509 1050 1627 1129 nichil
1645 1052 1753 1129 scire.

584 1191 694 1279 Item,
721 1184 907 1262 contentis
921 1184 962 1260 in
978 1210 1101 1263 cxvuu
1122 1182 1216 1258 dixit
1234 1209 1274 1258 se
1293 1182 1446 1258 credere
1460 1208 1546 1259 'esse
1563 1208 1660 1271 vera.

583 1320 695 1406 Item,
722 1344 836 1421 super
856 1314 1041 1390 contentis
1068 1313 1109 1389 in
1129 1340 1212 1399 cxx,
1241 1339 1364 1404 xx1,11
1391 1329 1493 1389 etur
1519 1312 1717 1417 respondit
1741 1313 1952 1390 renoscite

528 1450 558 1525 si
579 1475 712 1525 omnes
722 1445 853 1522 iratres
873 1444 1039 1521 sciebant
1053 1443 1211 1519 modum
1225 1443 1455 1548 recepcionis
1472 1469 1616 1531 eorum,
1630 1440 1814 1519 credebat
1827 1446 1954 1547 tarned

528 1578 633 1684 quod
658 1575 768 1652 multi
796 1601 903 1650 senes
929 1572 975 1648 de
1006 1572 1138 1649 ordine
1164 1573 1301 1648 scirent
1324 1573 1485 1649 modum
1509 1573 1740 1678 recepcionis
1772 1600 1842 1680 per
1861 1602 1949 1651 eum

529 1708 796 1796 consessatum,
818 1705 886 1781 sed
912 1731 989 1780 non
1013 1703 1211 1781 seculares.
1240 1704 1362 1808 Super
1390 1705 1575 1780 contentis
1599 1705 1638 1780 in
1665 1704 1841 1782 omnibus
1865 1704 1945 1782 aliie

529 1837 694 1914 articulis
715 1835 910 1941 respondit
929 1863 967 1911 se
988 1834 1104 1911 nichil
1125 1835 1231 1910 scire.

584 1970 698 2060 Item,
718 1966 922 2072 requisitus
933 1965 963 2041 si
983 1992 1106 2070 prece,
1126 1983 1316 2070 precepto,
1333 1965 1483 2056 timore,
1504 1967 1765 2056 amore,odio,
1780 1967 1947 2045 velcom·

528 2098 644 2174 modo
658 2096 855 2201 temporali
875 2094 1005 2173 habito
1020 2095 1079 2171 vel
1098 2094 1276 2173 habendo
1297 2096 1349 2172 sic
1367 2096 1608 2201 deposuerat,
1631 2096 1832 2203 respondit
1849 2099 1950 2204 quod

396 2234 402 2241 ’
529 2257 621 2319 non,
644 2228 712 2305 sed
730 2255 800 2331 pro
817 2226 970 2338 veritate
992 2226 1168 2305 dicenda..
1183 2227 1232 2302 Et
1250 2224 1323 2313 fuit
1339 2226 1411 2303 sibi
1425 2245 1646 2333 preceptum
1661 2255 1730 2333 per
1745 2228 1868 2306 dictos
1885 2230 1950 2308 do·

528 2360 651 2435 minos
669 2357 953 2446 commissarios,
972 2357 1010 2431 in
1030 2358 1166 2433 virtute
1183 2355 1389 2463 juramenti
1409 2359 1554 2462 prestiti
1570 2385 1639 2464 per
1653 2359 1835 2452 eundem,
1848 2360 1950 2466 quod

528 2518 604 2566 non
633 2488 829 2566 revellaret
865 2487 961 2564 hanc
998 2487 1279 2592 deposicionem
1314 2516 1420 2566 suam
1456 2518 1657 2595 quousque
1677 2490 1950 2568 -attestaciones

529 2638 653 2698 essent
671 2619 872 2725 publicate.
891 2619 939 2694 Et
959 2635 1015 2694 est
1039 2618 1237 2694 sciendum
1257 2618 1363 2723 quod
1384 2619 1507 2696 dictus
1523 2619 1630 2696 testis
1647 2619 1745 2696 dure
1762 2621 1947 2710 audiebat,

529 2769 566 2827 et
586 2749 743 2855 simplex
763 2767 801 2826 et
817 2749 924 2826 rudis
938 2748 1138 2853 apparebat
1158 2765 1196 2823 et
1212 2776 1346 2852 parum
1361 2725 1497 2837 sciens,
1514 2777 1583 2826 nec
1602 2749 1836 2858 intelligebat
1851 2751 1945 2827 b‘ene

429 2923 432 2929 ·
528 2880 721 2966 Latinum,
741 2896 785 2955 ut
804 2879 907 2955 dixit.

584 3006 674 3083 Acta
692 3008 847 3083 luerunt
864 3008 935 3083 hec
955 3007 1017 3104 die
1039 3025 1077 3083 et
1094 3008 1179 3085 loco
1198 3010 1397 3114 predictis,
1419 3027 1594 3116 presente
1613 2996 1762 3116 prefato
1776 3010 1946 3116 magistro

529 3137 672 3214 Amisio
698 3155 736 3213 et
765 3165 825 3212 me
854 3136 1106 3215 Floriamonte
1134 3140 1333 3218 Dondedei
1354 3159 1392 3218 et
1412 3142 1493 3219 aliis
1512 3141 1667 3219 notariis
1685 3171 1799 3248 supra
1817 3141 1948 3218 ultimo

528 3284 741 3344 nominatrs.

585 3399 693 3475 Anno
712 3398 865 3476 Domini
891 3396 1092 3474 millesimo
1111 3425 1230 3487 cccxi,
1258 3400 1462 3479 indictione
1488 3432 1602 3494 nona,
1625 3403 1862 3509 pontificatus
1882 3403 1947 3477 do-

528 3530 620 3605 mini
637 3528 843 3606 Clementis
862 3529 959 3632 Pape
976 3556 1110 3606 vanno
1126 3556 1172 3606 vr.

584 3792 671 3867 Post
692 3769 779 3897 hec,
803 3790 863 3866 die
889 3791 1018 3869 Martis
1044 3808 1130 3896 post
1154 3792 1291 3869 festum
1310 3796 1447 3873 Natalis
1466 3797 1622 3874 Domini
1641 3824 1715 3901 que
1735 3794 1808 3872 fuit
1824 3822 1950 3877 xxruu

530 3921 617 3995 dicti
640 3922 780 3998 mensis
798 3920 1034 4014 Decembris,
1055 3921 1129 3998 suit
1150 3923 1336 4001 adductus
1353 3927 1399 4002 ad
1424 3929 1656 4031 presenciam
1674 3928 1865 4005 dictorum
1886 3930 1950 4007 do-

527 4051 718 4129 minorum
755 4053 1018 4158 episcoporum
1057 4054 1289 4132 Mimatensis
1325 4074 1362 4132 et
1395 4059 1693 4150 Lemovicensis‚
1731 4061 1873 4138 Mathei
1906 4061 1949 4137 de

526 4182 677 4284 Neapoli
711 4202 749 4258 et
777 4181 1038 4258 Archidiaconi
1061 4184 1274 4261 Tridentini
1304 4184 1424 4263 frater
1443 4187 1625 4266 Arbertus
1650 4189 1698 4266 de
1728 4190 1949 4297 Columpnis

526 4310 741 4390 Parisiensis
769 4313 945 4404 diocesis,
973 4315 1079 4389 testis
1106 4343 1217 4420 supra
1239 4315 1403 4422 juratus,
1433 4321 1481 4396 ad
1507 4321 1777 4426 deponendum
1807 4322 1972 4399 dictum

527 4471 655 4532 suum,
669 4473 745 4521 non
760 4445 947 4521 defferens
960 4446 1183 4522 mantellum
1204 4447 1363 4540 ordinis,
1380 4451 1469 4555 quia
1485 4453 1701 4558 prepositus
1719 4453 1842 4531 Castri
1855 4455 1948 4530 Nan·

526 4573 626 4648 tonis
654 4575 720 4678 qui
753 4577 851 4679 cepit
884 4604 971 4652 eum
1002 4576 1041 4651 in
1074 4576 1189 4666 domo
1222 4578 1269 4655 de
1299 4581 1502 4660 Dormellis
1533 4583 1763 4661 Senonensis
1791 4584 1947 4662 diocesis

527 4702 643 4775 suasit
667 4702 701 4777 ei
722 4702 828 4807 quod
845 4733 933 4781 eum
951 4707 1160 4784 dimitteret
1188 4725 1226 4785 et
1252 4711 1401 4788 raderet
1424 4713 1595 4804 barbam,
1626 4731 1664 4790 et
1686 4713 1828 4804 fuerat,
1852 4716 1944 4791 sicut

528 4829 635 4920 dixit,
666 4833 895 4910 examinatus
916 4836 954 4910 in
974 4835 1070 4914 lacto
1090 4839 1394 4943 Templariorum
1411 4873 1480 4948 per
1504 4845 1707 4923 dominum
1729 4848 1941 4953 episcopum
