4080 6052
307 524 381 596 aaa
699 500 890 593 rancus
915 518 1010 590 ors
1035 516 1335 591 reuertens

308 661 565 749 matrimonio,
590 658 696 748 alteri
725 659 897 768 religioni
927 658 985 757 vel
1012 659 1148 735 debitis
1177 658 1354 763 obligati,
1386 658 1417 733 si
1449 656 1647 734 habebant
1678 658 1730 734 in·

308 794 504 871 firmitates
521 793 695 879 latentes;
717 791 857 898 quibus
873 789 1191 896 respondentibus
1210 788 1315 895 quod
1335 814 1429 878 non,
1450 786 1544 864 lecit
1565 816 1652 864 eum
1669 817 1729 866 vo·

309 954 393 1000 vore
420 941 456 998 et
474 924 601 1029 jurare
632 922 859 1007 castitatem,
880 921 1000 1001 vivere
1021 920 1102 996 sinc
1122 920 1295 1024 proprio,
1317 936 1354 995 et
1374 918 1537 995 obedire
1554 917 1727 993 omnibns

306 1053 589 1160 preceptoribus
619 1053 683 1157 qui
711 1070 1028 1158 proponerentur*
1043 1050 1209 1138 eisdem,
1244 1077 1387 1126 servare
1416 1048 1543 1124 bonos
1570 1077 1654 1123 usus
1688 1067 1724 1124 et

306 1185 425 1261 bonas
445 1182 738 1260 consuetudines
763 1181 923 1271 ordinis,
945 1199 1084 1259 secreta
1099 1179 1369 1287 capitulorum,
1395 1197 1432 1254 et
1447 1178 1557 1285 quod
1577 1206 1650 1255 non
1671 1179 1726 1253 di-

306 1318 499 1400 mitterent
532 1316 675 1391 dictum
695 1315 869 1391 ordinem
892 1342 960 1420 pro
985 1312 1135 1389 meliori
1152 1311 1212 1391 sel
1235 1312 1371 1418 pejori,
1401 1311 1550 1416 absque
1579 1308 1727 1386 licencia

308 1448 388 1553 ejus
413 1447 478 1551 qui
511 1447 599 1521 dare
633 1446 686 1521 eis
715 1461 851 1551 posset.
882 1445 1127 1521 Postmodum
1148 1442 1328 1548 imposuit
1360 1443 1414 1518 eis
1441 1440 1665 1531 mantellos,
1694 1461 1728 1519 et

306 1578 429 1681 primo
460 1577 559 1652 dicto
583 1575 685 1652 fratri
712 1575 883 1661 Galtero,
914 1593 951 1652 et
980 1576 1058 1681 ipse
1079 1593 1118 1651 et
1143 1600 1274 1650 omnes
1304 1572 1443 1658 fratres,
1464 1589 1629 1649 astantes
1650 1573 1728 1648 lue-

307 1726 396 1782 runt
415 1736 478 1783 eos
489 1707 644 1784 osculati
661 1707 700 1782 in
716 1734 797 1794 ore,
827 1724 865 1780 et
883 1707 1030 1783 dicebat
1045 1706 1149 1812 quod
1167 1734 1232 1784 eos
1250 1704 1457 1811 recipiebat
1475 1704 1525 1779 ad
1546 1706 1723 1809 honorem

305 1840 375 1915 Dei
398 1855 436 1914 et
453 1839 561 1915 beate
591 1837 706 1914 Marie
732 1855 769 1913 et
796 1816 894 1915 beati
912 1838 1011 1914 Petri
1042 1836 1218 1942 apostoli,
1235 1837 1282 1912 ad
1302 1834 1488 1912 beneficia
1509 1835 1667 1925 ordinis,
1688 1853 1725 1910 et

306 1989 430 2074 patres
452 1986 490 2045 et
511 1986 648 2047 matres
667 1997 810 2045 eorum.
834 1967 981 2044 Deinde
1003 1968 1175 2077 instruxit
1195 1994 1259 2043 eos
1281 1983 1375 2072 quot
1400 1966 1514 2044 Pater
1534 1982 1650 2043 noster
1677 1967 1728 2042 di-

306 2116 433 2175 cerent
452 2127 519 2203 pro
539 2099 642 2177 horis
663 2099 755 2188 suis,
777 2115 817 2174 et
833 2096 994 2205 qualiter
1013 2126 1052 2177 sc
1072 2114 1257 2204 regerent.
1276 2098 1364 2189 Quo
1380 2095 1478 2174 facto
1496 2114 1727 2176 recesserunt

308 2259 455 2319 omnes,
478 2248 515 2306 et
535 2230 687 2337 quidam
706 2227 819 2308 frater
835 2231 997 2309 serviens
1017 2247 1184 2316 vocatus,
1207 2246 1249 2305 ut
1268 2228 1418 2304 videtur
1436 2229 1510 2334 ipsi
1531 2231 1637 2320 testi,
1659 2233 1728 2308 Ma-

189 2350 195 2362 ’
307 2361 395 2450 lius,
414 2362 513 2437 silius
532 2362 589 2438 vel
613 2390 731 2467 nepos
747 2361 869 2440 fratris
889 2361 1075 2466 Arnulphi
1096 2362 1143 2436 de
1157 2360 1371 2466 Vysomale,
1398 2361 1508 2437 duxit
1526 2361 1655 2467 ipsum
1676 2377 1745 2437 te-·

307 2510 400 2568 stem
424 2495 471 2568 ad
497 2494 700 2599 quamdam
728 2521 930 2581 cameram,
955 2495 995 2571 in
1010 2522 1085 2599 qua
1104 2508 1381 2570 consueverunt
1395 2491 1519 2567 scindi
1535 2510 1674 2579 vestes;
1693 2509 1727 2568 et

305 2625 344 2698 in
365 2625 496 2729 eadem
519 2654 659 2702 camera
682 2642 761 2701 erat
779 2625 934 2731 quidam
959 2624 1194 2711 aliusfrater,
1217 2624 1322 2731 cujus
1345 2652 1490 2703 nomen
1509 2626 1674 2733 ignorat,
1692 2641 1727 2699 et

306 2785 390 2831 eum
419 2773 542 2831 essent
569 2756 641 2843 ibi,
668 2756 790 2832 dictus
816 2755 930 2833 freter
957 2756 1072 2833 Malia
1094 2756 1187 2833 dixit
1216 2756 1340 2832 eidem
1364 2757 1453 2832 testi
1485 2756 1590 2863 quod
1613 2756 1724 2831 abne·

305 2902 406 2989 garet
436 2886 574 2962 Deum.
598 2887 685 2978 Quo
707 2886 957 2991 respondente
984 2885 1089 2992 quod
1113 2887 1185 2962 hoc
1210 2885 1317 2962 nullo
1343 2887 1463 2962 modo
1487 2885 1637 2978 faceret,
1665 2884 1721 2959 di-

305 3014 358 3089 xit
377 3016 480 3119 quod
501 3018 574 3092 hoc
594 3018 792 3124 oportebat
811 3047 900 3094 eum
918 3016 1060 3106 facere,
1086 3017 1174 3122 quia
1196 3018 1247 3093 ita
1267 3016 1453 3093 faciebant
1478 3017 1557 3104 alii,
1584 3034 1620 3091 et
1636 3033 1723 3092 tunc

305 3143 385 3249 ipse
414 3147 518 3220 testis
545 3147 739 3251 abnegavit
769 3149 892 3224 Deum
923 3177 987 3225 ore
1019 3176 1096 3225 non
1127 3149 1251 3224 corde.
1282 3149 1532 3225 Postmodum
1563 3148 1724 3253 precepit

307 3276 340 3350 ei
361 3277 466 3380 quod
496 3296 656 3386 spueret
675 3308 784 3382 supra
811 3281 1014 3384 quamdam
1043 3309 1193 3354 erucem
1217 3279 1467 3365 metallinam,
1496 3280 1535 3353 in
1553 3308 1627 3383 qua
1650 3293 1725 3353 erat

305 3435 437 3510 ymago
459 3407 650 3494 Crucifixi,
673 3426 713 3484 ut
729 3408 798 3483 sibi
820 3408 986 3494 videtur,
1011 3438 1124 3513 quam
1146 3409 1297 3484 tenebat
1317 3408 1411 3483 alter
1425 3408 1535 3483 frater
1552 3410 1590 3481 in
1609 3435 1721 3480 manu

305 3567 386 3619 sua;
418 3556 453 3613 et
482 3567 566 3613 cum
590 3540 666 3644 ipse
687 3541 791 3616 testis
812 3541 1067 3644 respondisset
1090 3542 1195 3646 quod
1212 3541 1285 3615 hoc
1303 3541 1410 3615 nullo
1431 3538 1540 3614 modo
1561 3536 1716 3619 faceret,

304 3669 445 3743 dimisit
470 3698 576 3756 eum3
598 3670 661 3745 ille
689 3672 804 3747 eciam
833 3672 898 3778 qui
919 3672 1072 3748 tenebat
1094 3673 1229 3746 dictam
1262 3701 1412 3747 crucem
1432 3671 1467 3745 in
1494 3698 1608 3743 manu
1629 3668 1722 3743 dixit

305 3801 427 3874 eidem
456 3802 539 3874 testi
566 3803 666 3905 quod
697 3831 783 3878 eum
812 3803 976 3881 debebat
1001 3802 1159 3879 osculari
1187 3804 1224 3876 iu
1250 3832 1339 3888 ano,
1374 3821 1410 3878 et
1434 3804 1510 3908 ipse
1535 3802 1642 3875 testis
1663 3800 1724 3874 ba·
1768 3861 1772 3870 .

303 3930 386 4006 buit
402 3961 469 4035 pro
492 3932 606 4038 trusa,
630 3951 666 4007 et
687 3935 810 4010 noluit
828 3936 865 4009 in
886 3929 986 4035 dicto
1003 3934 1085 4009 loco
1108 3934 1265 4010 osculari
1289 3963 1388 4009 eum.
1411 3935 1469 4009 De
1487 3933 1570 4008 aliis
1587 3931 1723 4007 illicitis

304 4061 552 4138 consuerunt
581 4065 691 4138 locuti
723 4065 868 4156 eidem,
898 4093 968 4140 nec
993 4065 1063 4140 alia
1084 4066 1279 4141 inhonesta
1300 4065 1583 4141 intervenerunt
1611 4063 1649 4136 in
1672 4090 1723 4135 ro

304 4195 478 4297 cepcione
512 4224 596 4280 sua,
632 4225 700 4270 nec
734 4215 829 4300 post.
859 4197 1072 4301 Requisitus
1096 4196 1199 4300 quod
1227 4194 1365 4270 lactum
1397 4194 1519 4270 fuerat
1548 4196 1597 4271 de
1627 4193 1721 4267 dicto

304 4321 421 4397 milite
444 4344 593 4429 recepto
615 4356 700 4402 eum
722 4355 784 4410 eo,
806 4328 1001 4432 respondit
1021 4327 1125 4432 quod
1145 4325 1275 4401 iratres
1292 4327 1496 4403 Garnerius
1518 4326 1566 4401 de
1589 4326 1674 4400 Esta
1690 4344 1722 4405 et

302 4455 529 4561 Raudoynus
558 4459 603 4532 de
631 4458 740 4534 Cheli
767 4458 958 4563 predictus
983 4457 1141 4543 milites,
1175 4475 1211 4532 et
1236 4458 1426 4534 lohannes
1453 4459 1502 4533 de
1531 4460 1562 4534 V
1566 4458 1720 4533 illanova

302 4586 479 4672 serviens,
508 4605 597 4663 tunc
619 4604 813 4693 preceptor
833 4588 980 4664 ballivie
1007 4588 1055 4664 de
1084 4589 1263 4674 Pontivo,
1290 4588 1482 4666 ,duxerunt
1507 4590 1715 4695 predictum

303 4713 454 4788 fratrem
490 4717 683 4793 Galterum
712 4720 757 4794 ad
786 4720 987 4825 quamdam
1020 4718 1130 4794 aliam
1165 4747 1370 4804 cameram,
1404 4736 1441 4794 et
1469 4722 1593 4797 nescit
1623 4717 1717 4825 quod

304 4842 472 4920 fecerunt
497 4848 534 4922 in
562 4877 623 4938 ca,
662 4852 777 4926 credit
797 4870 920 4927 tamen
948 4852 1077 4955 pocius
1102 4852 1207 4956 quod
1232 4851 1384 4937 luerunt
1410 4850 1504 4926 facta
1533 4853 1632 4928 dicta
1653 4849 1717 4924 illi·
