<?xml version="1.0" encoding="UTF-8"?>
<!DOCTYPE html PUBLIC "-//W3C//DTD XHTML 1.0 Transitional//EN"
    "http://www.w3.org/TR/xhtml1/DTD/xhtml1-transitional.dtd">
<html xmlns="http://www.w3.org/1999/xhtml" xml:lang="en" lang="en">
 <head>
  <title>
</title>
<meta http-equiv="Content-Type" content="text/html;charset=utf-8" />
  <meta name='ocr-system' content='tesseract 3.04.00' />
  <meta name='ocr-capabilities' content='ocr_page ocr_carea ocr_par ocr_line ocrx_word'/>
</head>
<body>
  <div class='ocr_page' id='page_1' title='image "./procsdestemplie02defegoog/procsdestemplie02defegoog_0637.png"; bbox 0 0 4080 6052; ppageno 0'>
   <div class='ocr_carea' id='block_1_1' title="bbox 704 529 1734 631">
    <p class='ocr_par' dir='ltr' id='par_1_1' title="bbox 704 529 1734 631">
     <span class='ocr_line' id='line_1_1' title="bbox 704 529 1734 631; baseline 0.013 -14"><span class='ocrx_word' id='word_1_1' title='bbox 704 529 900 622; x_wconf 78' lang='lat' dir='ltr'>puooss</span> <span class='ocrx_word' id='word_1_2' title='bbox 918 548 1022 628; x_wconf 83' lang='lat' dir='ltr'>uns</span> <span class='ocrx_word' id='word_1_3' title='bbox 1049 549 1348 623; x_wconf 68' lang='lat' dir='ltr'>teupernus.</span> <span class='ocrx_word' id='word_1_4' title='bbox 1662 560 1734 631; x_wconf 85' lang='lat'>619</span> 
     </span>
    </p>
   </div>
   <div class='ocr_carea' id='block_1_2' title="bbox 313 686 1735 1315">
    <p class='ocr_par' dir='ltr' id='par_1_2' title="bbox 313 686 1735 1315">
     <span class='ocr_line' id='line_1_2' title="bbox 317 686 1735 796; baseline 0.007 -35"><span class='ocrx_word' id='word_1_5' title='bbox 317 686 559 792; x_wconf 83' lang='lat' dir='ltr'>negacionem</span> <span class='ocrx_word' id='word_1_6' title='bbox 585 703 623 762; x_wconf 94' lang='lat' dir='ltr'>et</span> <span class='ocrx_word' id='word_1_7' title='bbox 647 688 879 792; x_wconf 87' lang='lat' dir='ltr'>spuicionem</span> <span class='ocrx_word' id='word_1_8' title='bbox 904 689 1090 795; x_wconf 84' lang='lat' dir='ltr'>predictas</span> <span class='ocrx_word' id='word_1_9' title='bbox 1113 707 1247 794; x_wconf 89' lang='lat' dir='ltr'>sponte</span> <span class='ocrx_word' id='word_1_10' title='bbox 1267 718 1342 767; x_wconf 92' lang='lat' dir='ltr'>non</span> <span class='ocrx_word' id='word_1_11' title='bbox 1364 691 1621 796; x_wconf 89' lang='lat' dir='ltr'>questionatus</span> <span class='ocrx_word' id='word_1_12' title='bbox 1647 725 1735 771; x_wconf 80' lang='lat' dir='ltr'>con-</span> 
     </span>
     <span class='ocr_line' id='line_1_3' title="bbox 314 816 1732 929; baseline 0.007 -38"><span class='ocrx_word' id='word_1_13' title='bbox 314 817 432 894; x_wconf 83' lang='lat' dir='ltr'>sessus</span> <span class='ocrx_word' id='word_1_14' title='bbox 450 816 573 895; x_wconf 85' lang='lat' dir='ltr'>lueret</span> <span class='ocrx_word' id='word_1_15' title='bbox 592 845 717 894; x_wconf 88' lang='lat' dir='ltr'>coram</span> <span class='ocrx_word' id='word_1_16' title='bbox 740 819 839 895; x_wconf 89' lang='lat' dir='ltr'>dicto</span> <span class='ocrx_word' id='word_1_17' title='bbox 862 820 1017 896; x_wconf 91' lang='lat' dir='ltr'>domino</span> <span class='ocrx_word' id='word_1_18' title='bbox 1039 820 1294 896; x_wconf 87' lang='lat' dir='ltr'>Lemovicensi</span> <span class='ocrx_word' id='word_1_19' title='bbox 1314 820 1508 926; x_wconf 90' lang='lat' dir='ltr'>episcopo,</span> <span class='ocrx_word' id='word_1_20' title='bbox 1533 851 1732 929; x_wconf 88' lang='lat' dir='ltr'>perquem</span> 
     </span>
     <span class='ocr_line' id='line_1_4' title="bbox 315 947 1733 1058; baseline 0.005 -36"><span class='ocrx_word' id='word_1_21' title='bbox 315 947 510 1042; x_wconf 85' lang='lat' dir='ltr'>absolutus</span> <span class='ocrx_word' id='word_1_22' title='bbox 526 965 563 1024; x_wconf 89' lang='lat' dir='ltr'>et</span> <span class='ocrx_word' id='word_1_23' title='bbox 582 949 859 1037; x_wconf 88' lang='lat' dir='ltr'>reconciliatus,</span> <span class='ocrx_word' id='word_1_24' title='bbox 882 967 925 1026; x_wconf 91' lang='lat' dir='ltr'>ut</span> <span class='ocrx_word' id='word_1_25' title='bbox 945 950 1055 1040; x_wconf 85' lang='lat' dir='ltr'>dixit,</span> <span class='ocrx_word' id='word_1_26' title='bbox 1074 966 1112 1025; x_wconf 89' lang='lat' dir='ltr'>et</span> <span class='ocrx_word' id='word_1_27' title='bbox 1123 968 1323 1055; x_wconf 91' lang='lat' dir='ltr'>antequam</span> <span class='ocrx_word' id='word_1_28' title='bbox 1344 953 1440 1029; x_wconf 84' lang='lat' dir='ltr'>hanc</span> <span class='ocrx_word' id='word_1_29' title='bbox 1457 953 1733 1058; x_wconf 88' lang='lat' dir='ltr'>deposicionem</span> 
     </span>
     <span class='ocr_line' id='line_1_5' title="bbox 316 1078 1732 1188; baseline 0.005 -36"><span class='ocrx_word' id='word_1_30' title='bbox 316 1078 453 1154; x_wconf 86' lang='lat' dir='ltr'>laceret</span> <span class='ocrx_word' id='word_1_31' title='bbox 473 1094 699 1183; x_wconf 76' lang='lat' dir='ltr'><strong>protestatus</strong></span> <span class='ocrx_word' id='word_1_32' title='bbox 713 1079 784 1156; x_wconf 87' lang='lat' dir='ltr'>luit</span> <span class='ocrx_word' id='word_1_33' title='bbox 804 1081 908 1187; x_wconf 91' lang='lat' dir='ltr'>quod</span> <span class='ocrx_word' id='word_1_34' title='bbox 919 1109 996 1157; x_wconf 91' lang='lat' dir='ltr'>non</span> <span class='ocrx_word' id='word_1_35' title='bbox 1006 1080 1227 1157; x_wconf 84' lang='lat' dir='ltr'>intendebat</span> <span class='ocrx_word' id='word_1_36' title='bbox 1246 1083 1423 1158; x_wconf 83' lang='lat' dir='ltr'>recedere</span> <span class='ocrx_word' id='word_1_37' title='bbox 1448 1112 1467 1158; x_wconf 88' lang='lat' dir='ltr'>a</span> <span class='ocrx_word' id='word_1_38' title='bbox 1493 1083 1732 1188; x_wconf 86' lang='lat' dir='ltr'>deposicione</span> 
     </span>
     <span class='ocr_line' id='line_1_6' title="bbox 313 1209 1358 1315; baseline 0.004 -32"><span class='ocrx_word' id='word_1_39' title='bbox 313 1236 382 1312; x_wconf 90' lang='lat' dir='ltr'>per</span> <span class='ocrx_word' id='word_1_40' title='bbox 402 1236 490 1285; x_wconf 91' lang='lat' dir='ltr'>eum</span> <span class='ocrx_word' id='word_1_41' title='bbox 511 1209 603 1286; x_wconf 88' lang='lat' dir='ltr'>sacta</span> <span class='ocrx_word' id='word_1_42' title='bbox 622 1238 745 1287; x_wconf 88' lang='lat' dir='ltr'>comm</span> <span class='ocrx_word' id='word_1_43' title='bbox 765 1212 921 1288; x_wconf 91' lang='lat' dir='ltr'>domino</span> <span class='ocrx_word' id='word_1_44' title='bbox 943 1211 1116 1315; x_wconf 90' lang='lat' dir='ltr'>episcopo</span> <span class='ocrx_word' id='word_1_45' title='bbox 1138 1225 1358 1288; x_wconf 68' lang='lat' dir='ltr'>memorato:</span> 
     </span>
    </p>
   </div>
   <div class='ocr_carea' id='block_1_3' title="bbox 311 1339 1733 1839">
    <p class='ocr_par' dir='ltr' id='par_1_3' title="bbox 311 1339 1733 1839">
     <span class='ocr_line' id='line_1_7' title="bbox 371 1339 1731 1448; baseline 0.004 -34"><span class='ocrx_word' id='word_1_46' title='bbox 371 1339 584 1445; x_wconf 81' lang='lat' dir='ltr'>Requisitus</span> <span class='ocrx_word' id='word_1_47' title='bbox 592 1340 621 1416; x_wconf 89' lang='lat' dir='ltr'>si</span> <span class='ocrx_word' id='word_1_48' title='bbox 634 1339 687 1416; x_wconf 89' lang='lat' dir='ltr'>sic</span> <span class='ocrx_word' id='word_1_49' title='bbox 697 1342 921 1446; x_wconf 86' lang='lat' dir='ltr'>deposuerat</span> <span class='ocrx_word' id='word_1_50' title='bbox 936 1369 1062 1446; x_wconf 81' lang='lat' dir='ltr'>prece,</span> <span class='ocrx_word' id='word_1_51' title='bbox 1079 1359 1276 1448; x_wconf 87' lang='lat' dir='ltr'>precepto,</span> <span class='ocrx_word' id='word_1_52' title='bbox 1292 1343 1447 1431; x_wconf 90' lang='lat' dir='ltr'>timore,</span> <span class='ocrx_word' id='word_1_53' title='bbox 1465 1371 1608 1434; x_wconf 88' lang='lat' dir='ltr'>amore,</span> <span class='ocrx_word' id='word_1_54' title='bbox 1626 1343 1731 1434; x_wconf 90' lang='lat' dir='ltr'>odio,</span> 
     </span>
     <span class='ocr_line' id='line_1_8' title="bbox 312 1471 1730 1578; baseline 0.005 -36"><span class='ocrx_word' id='word_1_55' title='bbox 312 1471 370 1546; x_wconf 89' lang='lat' dir='ltr'>vel</span> <span class='ocrx_word' id='word_1_56' title='bbox 398 1471 558 1548; x_wconf 88' lang='lat' dir='ltr'>comodo</span> <span class='ocrx_word' id='word_1_57' title='bbox 584 1472 782 1577; x_wconf 87' lang='lat' dir='ltr'>temporali</span> <span class='ocrx_word' id='word_1_58' title='bbox 813 1473 941 1548; x_wconf 86' lang='lat' dir='ltr'>habito</span> <span class='ocrx_word' id='word_1_59' title='bbox 970 1472 1028 1547; x_wconf 87' lang='lat' dir='ltr'>vel</span> <span class='ocrx_word' id='word_1_60' title='bbox 1056 1471 1249 1560; x_wconf 80' lang='lat' dir='ltr'>habende,</span> <span class='ocrx_word' id='word_1_61' title='bbox 1278 1473 1471 1576; x_wconf 80' lang='lat' dir='ltr'>respondit</span> <span class='ocrx_word' id='word_1_62' title='bbox 1504 1473 1608 1578; x_wconf 94' lang='lat' dir='ltr'>quod</span> <span class='ocrx_word' id='word_1_63' title='bbox 1635 1504 1730 1564; x_wconf 92' lang='lat' dir='ltr'>non,</span> 
     </span>
     <span class='ocr_line' id='line_1_9' title="bbox 311 1600 1733 1708; baseline 0.005 -35"><span class='ocrx_word' id='word_1_64' title='bbox 311 1600 378 1674; x_wconf 89' lang='lat' dir='ltr'>sed</span> <span class='ocrx_word' id='word_1_65' title='bbox 400 1628 469 1704; x_wconf 88' lang='lat' dir='ltr'>pro</span> <span class='ocrx_word' id='word_1_66' title='bbox 495 1602 647 1676; x_wconf 77' lang='lat' dir='ltr'>veritate</span> <span class='ocrx_word' id='word_1_67' title='bbox 673 1602 844 1677; x_wconf 89' lang='lat' dir='ltr'>dicenda.</span> <span class='ocrx_word' id='word_1_68' title='bbox 877 1602 949 1678; x_wconf 89' lang='lat' dir='ltr'>Cui</span> <span class='ocrx_word' id='word_1_69' title='bbox 976 1600 1049 1676; x_wconf 85' lang='lat' dir='ltr'>luit</span> <span class='ocrx_word' id='word_1_70' title='bbox 1072 1600 1284 1708; x_wconf 88' lang='lat' dir='ltr'>injunctum</span> <span class='ocrx_word' id='word_1_71' title='bbox 1315 1603 1419 1706; x_wconf 95' lang='lat' dir='ltr'>quod</span> <span class='ocrx_word' id='word_1_72' title='bbox 1449 1631 1526 1678; x_wconf 93' lang='lat' dir='ltr'>non</span> <span class='ocrx_word' id='word_1_73' title='bbox 1553 1605 1733 1680; x_wconf 84' lang='lat' dir='ltr'>revelaret</span> 
     </span>
     <span class='ocr_line' id='line_1_10' title="bbox 311 1729 1700 1839; baseline 0.004 -36"><span class='ocrx_word' id='word_1_74' title='bbox 311 1729 406 1805; x_wconf 82' lang='lat' dir='ltr'>hunc</span> <span class='ocrx_word' id='word_1_75' title='bbox 424 1759 530 1805; x_wconf 84' lang='lat' dir='ltr'>suam</span> <span class='ocrx_word' id='word_1_76' title='bbox 550 1730 830 1835; x_wconf 90' lang='lat' dir='ltr'>deposicionem</span> <span class='ocrx_word' id='word_1_77' title='bbox 848 1746 1048 1836; x_wconf 82' lang='lat' dir='ltr'>quousque</span> <span class='ocrx_word' id='word_1_78' title='bbox 1064 1732 1324 1807; x_wconf 88' lang='lat' dir='ltr'>attestaciones</span> <span class='ocrx_word' id='word_1_79' title='bbox 1344 1730 1485 1807; x_wconf 85' lang='lat' dir='ltr'>fuerint</span> <span class='ocrx_word' id='word_1_80' title='bbox 1503 1734 1700 1839; x_wconf 73' lang='lat' dir='ltr'>publicare.</span> 
     </span>
    </p>
   </div>
   <div class='ocr_carea' id='block_1_4' title="bbox 302 1989 1801 3272">
    <p class='ocr_par' dir='ltr' id='par_1_4' title="bbox 302 1989 1801 3013">
     <span class='ocr_line' id='line_1_11' title="bbox 367 1989 1731 2097; baseline 0 -30"><span class='ocrx_word' id='word_1_81' title='bbox 367 1991 541 2097; x_wconf 81' lang='lat' dir='ltr'>Magister</span> <span class='ocrx_word' id='word_1_82' title='bbox 560 1990 773 2067; x_wconf 89' lang='lat' dir='ltr'>Anthonius</span> <span class='ocrx_word' id='word_1_83' title='bbox 795 1990 879 2095; x_wconf 84' lang='lat' dir='ltr'>Syci</span> <span class='ocrx_word' id='word_1_84' title='bbox 899 1990 947 2066; x_wconf 89' lang='lat' dir='ltr'>de</span> <span class='ocrx_word' id='word_1_85' title='bbox 967 1990 1163 2076; x_wconf 81' lang='lat' dir='ltr'>Vercellis,</span> <span class='ocrx_word' id='word_1_86' title='bbox 1182 1989 1383 2095; x_wconf 85' lang='lat' dir='ltr'>apostolica</span> <span class='ocrx_word' id='word_1_87' title='bbox 1398 2008 1435 2066; x_wconf 87' lang='lat' dir='ltr'>et</span> <span class='ocrx_word' id='word_1_88' title='bbox 1448 1990 1631 2096; x_wconf 82' lang='lat' dir='ltr'>imperiali</span> <span class='ocrx_word' id='word_1_89' title='bbox 1645 2021 1731 2067; x_wconf 87' lang='lat' dir='ltr'>auc-</span> 
     </span>
     <span class='ocr_line' id='line_1_12' title="bbox 312 2118 1731 2229; baseline 0.001 -33"><span class='ocrx_word' id='word_1_90' title='bbox 312 2120 461 2196; x_wconf 89' lang='lat' dir='ltr'>toritate</span> <span class='ocrx_word' id='word_1_91' title='bbox 480 2120 664 2208; x_wconf 89' lang='lat' dir='ltr'>notarius,</span> <span class='ocrx_word' id='word_1_92' title='bbox 687 2138 725 2196; x_wconf 89' lang='lat' dir='ltr'>et</span> <span class='ocrx_word' id='word_1_93' title='bbox 740 2120 855 2196; x_wconf 78' lang='lat' dir='ltr'>freter</span> <span class='ocrx_word' id='word_1_94' title='bbox 870 2118 1099 2199; x_wconf 90' lang='lat' dir='ltr'>Guillelmus</span> <span class='ocrx_word' id='word_1_95' title='bbox 1118 2122 1164 2197; x_wconf 93' lang='lat' dir='ltr'>de</span> <span class='ocrx_word' id='word_1_96' title='bbox 1181 2123 1299 2197; x_wconf 87' lang='lat' dir='ltr'>Fonte</span> <span class='ocrx_word' id='word_1_97' title='bbox 1321 2121 1583 2229; x_wconf 83' lang='lat' dir='ltr'>Lingonensis,</span> <span class='ocrx_word' id='word_1_98' title='bbox 1599 2124 1731 2199; x_wconf 87' lang='lat' dir='ltr'>Petrus</span> 
     </span>
     <span class='ocr_line' id='line_1_13' title="bbox 312 2250 1801 2358; baseline 0.002 -32"><span class='ocrx_word' id='word_1_99' title='bbox 312 2251 361 2326; x_wconf 91' lang='lat' dir='ltr'>de</span> <span class='ocrx_word' id='word_1_100' title='bbox 397 2268 522 2328; x_wconf 85' lang='lat' dir='ltr'>sancto</span> <span class='ocrx_word' id='word_1_101' title='bbox 546 2251 740 2358; x_wconf 84' lang='lat' dir='ltr'>Meyencio</span> <span class='ocrx_word' id='word_1_102' title='bbox 781 2250 1059 2339; x_wconf 84' lang='lat' dir='ltr'>Ambianensis,</span> <span class='ocrx_word' id='word_1_103' title='bbox 1097 2268 1136 2326; x_wconf 88' lang='lat' dir='ltr'>et</span> <span class='ocrx_word' id='word_1_104' title='bbox 1168 2251 1350 2329; x_wconf 84' lang='lat' dir='ltr'>Girerdus</span> <span class='ocrx_word' id='word_1_105' title='bbox 1387 2253 1433 2326; x_wconf 89' lang='lat' dir='ltr'>de</span> <span class='ocrx_word' id='word_1_106' title='bbox 1468 2253 1729 2329; x_wconf 85' lang='lat' dir='ltr'>Monachiville</span> <span class='ocrx_word' id='word_1_107' title='bbox 1798 2281 1801 2292; x_wconf 59' lang='lat'>⁵</span> 
     </span>
     <span class='ocr_line' id='line_1_14' title="bbox 310 2381 1731 2488; baseline 0.001 -30"><span class='ocrx_word' id='word_1_108' title='bbox 310 2382 615 2460; x_wconf 83' lang='lat' dir='ltr'>Altisiodorensis</span> <span class='ocrx_word' id='word_1_109' title='bbox 630 2383 874 2470; x_wconf 90' lang='lat' dir='ltr'>diocessium,</span> <span class='ocrx_word' id='word_1_110' title='bbox 892 2381 1131 2488; x_wconf 86' lang='lat' dir='ltr'>presentibus</span> <span class='ocrx_word' id='word_1_111' title='bbox 1147 2382 1195 2458; x_wconf 91' lang='lat' dir='ltr'>ad</span> <span class='ocrx_word' id='word_1_112' title='bbox 1210 2382 1441 2487; x_wconf 86' lang='lat' dir='ltr'>presenciam</span> <span class='ocrx_word' id='word_1_113' title='bbox 1456 2411 1589 2459; x_wconf 88' lang='lat' dir='ltr'>eorum</span> <span class='ocrx_word' id='word_1_114' title='bbox 1605 2385 1731 2461; x_wconf 91' lang='lat' dir='ltr'>domi-</span> 
     </span>
     <span class='ocr_line' id='line_1_15' title="bbox 310 2509 1730 2620; baseline 0.002 -32"><span class='ocrx_word' id='word_1_115' title='bbox 310 2540 446 2591; x_wconf 89' lang='lat' dir='ltr'>norum</span> <span class='ocrx_word' id='word_1_116' title='bbox 463 2514 820 2604; x_wconf 86' lang='lat' dir='ltr'>commissariorum,</span> <span class='ocrx_word' id='word_1_117' title='bbox 834 2509 1187 2590; x_wconf 78' lang='lat' dir='ltr'>tictissacrosanctis</span> <span class='ocrx_word' id='word_1_118' title='bbox 1201 2512 1425 2620; x_wconf 83' lang='lat' dir='ltr'>Evangeliis,</span> <span class='ocrx_word' id='word_1_119' title='bbox 1432 2512 1655 2619; x_wconf 81' lang='lat' dir='ltr'>juraverunt</span> <span class='ocrx_word' id='word_1_120' title='bbox 1672 2518 1730 2591; x_wconf 89' lang='lat' dir='ltr'>di-</span> 
     </span>
     <span class='ocr_line' id='line_1_16' title="bbox 310 2644 1726 2750; baseline 0.003 -31"><span class='ocrx_word' id='word_1_121' title='bbox 310 2673 393 2720; x_wconf 90' lang='lat' dir='ltr'>cere</span> <span class='ocrx_word' id='word_1_122' title='bbox 412 2645 563 2750; x_wconf 90' lang='lat' dir='ltr'>plenam</span> <span class='ocrx_word' id='word_1_123' title='bbox 582 2661 620 2720; x_wconf 88' lang='lat' dir='ltr'>et</span> <span class='ocrx_word' id='word_1_124' title='bbox 634 2672 776 2721; x_wconf 88' lang='lat' dir='ltr'>meram</span> <span class='ocrx_word' id='word_1_125' title='bbox 788 2645 984 2721; x_wconf 67' lang='lat' dir='ltr'>⁴veritatem</span> <span class='ocrx_word' id='word_1_126' title='bbox 1000 2644 1040 2720; x_wconf 91' lang='lat' dir='ltr'>in</span> <span class='ocrx_word' id='word_1_127' title='bbox 1057 2645 1214 2750; x_wconf 86' lang='lat' dir='ltr'>negocio</span> <span class='ocrx_word' id='word_1_128' title='bbox 1230 2644 1316 2732; x_wconf 89' lang='lat' dir='ltr'>isto,</span> <span class='ocrx_word' id='word_1_129' title='bbox 1339 2646 1547 2721; x_wconf 90' lang='lat' dir='ltr'>secundum</span> <span class='ocrx_word' id='word_1_130' title='bbox 1569 2644 1726 2723; x_wconf 86' lang='lat' dir='ltr'>sormam</span> 
     </span>
     <span class='ocr_line' id='line_1_17' title="bbox 302 2775 1729 2881; baseline 0.004 -31"><span class='ocrx_word' id='word_1_131' title='bbox 302 2776 606 2879; x_wconf 86' lang='lat' dir='ltr'>juramentorum</span> <span class='ocrx_word' id='word_1_132' title='bbox 629 2776 791 2853; x_wconf 89' lang='lat' dir='ltr'>aliorum</span> <span class='ocrx_word' id='word_1_133' title='bbox 813 2776 969 2853; x_wconf 89' lang='lat' dir='ltr'>testium</span> <span class='ocrx_word' id='word_1_134' title='bbox 994 2775 1168 2880; x_wconf 88' lang='lat' dir='ltr'>superius</span> <span class='ocrx_word' id='word_1_135' title='bbox 1189 2775 1442 2881; x_wconf 82' lang='lat' dir='ltr'>registratam,</span> <span class='ocrx_word' id='word_1_136' title='bbox 1468 2778 1671 2881; x_wconf 88' lang='lat' dir='ltr'>expositam</span> <span class='ocrx_word' id='word_1_137' title='bbox 1692 2797 1729 2856; x_wconf 91' lang='lat' dir='ltr'>et</span> 
     </span>
     <span class='ocr_line' id='line_1_18' title="bbox 307 2906 738 3013; baseline 0.005 -33"><span class='ocrx_word' id='word_1_138' title='bbox 307 2906 566 3013; x_wconf 83' lang='lat' dir='ltr'>vulgarizatam</span> <span class='ocrx_word' id='word_1_139' title='bbox 583 2908 738 2985; x_wconf 88' lang='lat' dir='ltr'>eisdem.</span> 
     </span>
    </p>

    <p class='ocr_par' dir='ltr' id='par_1_5' title="bbox 309 3034 1725 3272">
     <span class='ocr_line' id='line_1_19' title="bbox 364 3034 1725 3145; baseline 0.001 -32"><span class='ocrx_word' id='word_1_140' title='bbox 364 3036 453 3113; x_wconf 86' lang='lat' dir='ltr'>Aeta</span> <span class='ocrx_word' id='word_1_141' title='bbox 470 3036 624 3114; x_wconf 87' lang='lat' dir='ltr'>luerunt</span> <span class='ocrx_word' id='word_1_142' title='bbox 640 3040 711 3114; x_wconf 89' lang='lat' dir='ltr'>hec</span> <span class='ocrx_word' id='word_1_143' title='bbox 728 3037 836 3113; x_wconf 87' lang='lat' dir='ltr'>dictis</span> <span class='ocrx_word' id='word_1_144' title='bbox 855 3036 917 3112; x_wconf 88' lang='lat' dir='ltr'>die</span> <span class='ocrx_word' id='word_1_145' title='bbox 937 3054 977 3111; x_wconf 89' lang='lat' dir='ltr'>et</span> <span class='ocrx_word' id='word_1_146' title='bbox 993 3034 1094 3122; x_wconf 92' lang='lat' dir='ltr'>loco,</span> <span class='ocrx_word' id='word_1_147' title='bbox 1113 3034 1354 3140; x_wconf 78' lang='lat' dir='ltr'>presentibus</span> <span class='ocrx_word' id='word_1_148' title='bbox 1370 3038 1547 3145; x_wconf 82' lang='lat' dir='ltr'>magistro</span> <span class='ocrx_word' id='word_1_149' title='bbox 1566 3037 1725 3124; x_wconf 85' lang='lat' dir='ltr'>Amisio,</span> 
     </span>
     <span class='ocr_line' id='line_1_20' title="bbox 309 3165 1724 3272; baseline 0.003 -31"><span class='ocrx_word' id='word_1_150' title='bbox 309 3195 369 3243; x_wconf 91' lang='lat' dir='ltr'>me</span> <span class='ocrx_word' id='word_1_151' title='bbox 389 3167 641 3245; x_wconf 82' lang='lat' dir='ltr'>Floriamonte</span> <span class='ocrx_word' id='word_1_152' title='bbox 659 3166 875 3253; x_wconf 85' lang='lat' dir='ltr'>Dondedei‚</span> <span class='ocrx_word' id='word_1_153' title='bbox 894 3183 933 3243; x_wconf 88' lang='lat' dir='ltr'>et</span> <span class='ocrx_word' id='word_1_154' title='bbox 948 3165 1029 3242; x_wconf 88' lang='lat' dir='ltr'>aliis</span> <span class='ocrx_word' id='word_1_155' title='bbox 1049 3165 1204 3242; x_wconf 86' lang='lat' dir='ltr'>notariis</span> <span class='ocrx_word' id='word_1_156' title='bbox 1222 3194 1334 3272; x_wconf 90' lang='lat' dir='ltr'>snpra</span> <span class='ocrx_word' id='word_1_157' title='bbox 1352 3167 1489 3245; x_wconf 86' lang='lat' dir='ltr'>ultimo</span> <span class='ocrx_word' id='word_1_158' title='bbox 1508 3169 1724 3246; x_wconf 82' lang='lat' dir='ltr'>nominetis.</span> 
     </span>
    </p>
   </div>
   <div class='ocr_carea' id='block_1_5' title="bbox 303 3425 1739 5094">
    <p class='ocr_par' dir='ltr' id='par_1_6' title="bbox 303 3425 1739 4968">
     <span class='ocr_line' id='line_1_21' title="bbox 363 3425 1724 3535; baseline -0.001 -29"><span class='ocrx_word' id='word_1_159' title='bbox 363 3433 451 3507; x_wconf 88' lang='lat' dir='ltr'>Post</span> <span class='ocrx_word' id='word_1_160' title='bbox 468 3431 554 3522; x_wconf 91' lang='lat' dir='ltr'>hec,</span> <span class='ocrx_word' id='word_1_161' title='bbox 578 3430 638 3506; x_wconf 90' lang='lat' dir='ltr'>die</span> <span class='ocrx_word' id='word_1_162' title='bbox 655 3431 763 3507; x_wconf 87' lang='lat' dir='ltr'>Lune</span> <span class='ocrx_word' id='word_1_163' title='bbox 783 3427 972 3535; x_wconf 89' lang='lat' dir='ltr'>sequenti,</span> <span class='ocrx_word' id='word_1_164' title='bbox 985 3453 1059 3533; x_wconf 91' lang='lat' dir='ltr'>qne</span> <span class='ocrx_word' id='word_1_165' title='bbox 1079 3425 1155 3502; x_wconf 91' lang='lat' dir='ltr'>luit</span> <span class='ocrx_word' id='word_1_166' title='bbox 1171 3428 1292 3532; x_wconf 87' lang='lat' dir='ltr'>prima</span> <span class='ocrx_word' id='word_1_167' title='bbox 1314 3426 1393 3503; x_wconf 88' lang='lat' dir='ltr'>dies</span> <span class='ocrx_word' id='word_1_168' title='bbox 1418 3429 1558 3504; x_wconf 87' lang='lat' dir='ltr'>mensis</span> <span class='ocrx_word' id='word_1_169' title='bbox 1577 3431 1724 3517; x_wconf 87' lang='lat' dir='ltr'>Marcii,</span> 
     </span>
     <span class='ocr_line' id='line_1_22' title="bbox 305 3555 1739 3666; baseline -0.001 -30"><span class='ocrx_word' id='word_1_170' title='bbox 305 3561 377 3637; x_wconf 86' lang='lat' dir='ltr'>luit</span> <span class='ocrx_word' id='word_1_171' title='bbox 401 3560 585 3637; x_wconf 88' lang='lat' dir='ltr'>adductus</span> <span class='ocrx_word' id='word_1_172' title='bbox 609 3560 658 3636; x_wconf 87' lang='lat' dir='ltr'>ed</span> <span class='ocrx_word' id='word_1_173' title='bbox 679 3559 911 3666; x_wconf 78' lang='lat' dir='ltr'>presenciam</span> <span class='ocrx_word' id='word_1_174' title='bbox 933 3555 1155 3634; x_wconf 83' lang='lat' dir='ltr'>eorumdem</span> <span class='ocrx_word' id='word_1_175' title='bbox 1180 3556 1423 3633; x_wconf 88' lang='lat' dir='ltr'>dominorum</span> <span class='ocrx_word' id='word_1_176' title='bbox 1449 3559 1739 3635; x_wconf 87' lang='lat' dir='ltr'>commissario--</span> 
     </span>
     <span class='ocr_line' id='line_1_23' title="bbox 304 3684 1720 3793; baseline 0 -28"><span class='ocrx_word' id='word_1_177' title='bbox 304 3719 414 3776; x_wconf 90' lang='lat' dir='ltr'>rum,</span> <span class='ocrx_word' id='word_1_178' title='bbox 445 3691 484 3764; x_wconf 91' lang='lat' dir='ltr'>in</span> <span class='ocrx_word' id='word_1_179' title='bbox 514 3691 630 3764; x_wconf 92' lang='lat' dir='ltr'>domo</span> <span class='ocrx_word' id='word_1_180' title='bbox 658 3690 823 3793; x_wconf 85' lang='lat' dir='ltr'>predicte</span> <span class='ocrx_word' id='word_1_181' title='bbox 856 3687 1014 3763; x_wconf 83' lang='lat' dir='ltr'>fratrum</span> <span class='ocrx_word' id='word_1_182' title='bbox 1042 3684 1250 3771; x_wconf 87' lang='lat' dir='ltr'>Minorum,</span> <span class='ocrx_word' id='word_1_183' title='bbox 1280 3684 1394 3762; x_wconf 88' lang='lat' dir='ltr'>frater</span> <span class='ocrx_word' id='word_1_184' title='bbox 1421 3686 1649 3765; x_wconf 87' lang='lat' dir='ltr'>Guillelmus</span> <span class='ocrx_word' id='word_1_185' title='bbox 1673 3688 1720 3765; x_wconf 90' lang='lat' dir='ltr'>de</span> 
     </span>
     <span class='ocr_line' id='line_1_24' title="bbox 306 3813 1727 3926; baseline 0 -30"><span class='ocrx_word' id='word_1_186' title='bbox 306 3823 423 3896; x_wconf 87' lang='lat' dir='ltr'>Fonte</span> <span class='ocrx_word' id='word_1_187' title='bbox 441 3820 619 3907; x_wconf 88' lang='lat' dir='ltr'>serviens,</span> <span class='ocrx_word' id='word_1_188' title='bbox 639 3817 885 3926; x_wconf 84' lang='lat' dir='ltr'>Lingonensis</span> <span class='ocrx_word' id='word_1_189' title='bbox 905 3813 1082 3903; x_wconf 87' lang='lat' dir='ltr'>diocesis,</span> <span class='ocrx_word' id='word_1_190' title='bbox 1102 3814 1208 3890; x_wconf 90' lang='lat' dir='ltr'>testis</span> <span class='ocrx_word' id='word_1_191' title='bbox 1227 3844 1337 3920; x_wconf 88' lang='lat' dir='ltr'>supra</span> <span class='ocrx_word' id='word_1_192' title='bbox 1351 3816 1518 3922; x_wconf 86' lang='lat' dir='ltr'>juratus,</span> <span class='ocrx_word' id='word_1_193' title='bbox 1544 3837 1587 3896; x_wconf 89' lang='lat' dir='ltr'>ut</span> <span class='ocrx_word' id='word_1_194' title='bbox 1607 3819 1727 3925; x_wconf 91' lang='lat' dir='ltr'>depo-</span> 
     </span>
     <span class='ocr_line' id='line_1_25' title="bbox 305 3943 1724 4055; baseline 0.001 -28"><span class='ocrx_word' id='word_1_195' title='bbox 305 3967 412 4027; x_wconf 90' lang='lat' dir='ltr'>neret</span> <span class='ocrx_word' id='word_1_196' title='bbox 432 3949 576 4025; x_wconf 89' lang='lat' dir='ltr'>dietum</span> <span class='ocrx_word' id='word_1_197' title='bbox 602 3976 731 4035; x_wconf 89' lang='lat' dir='ltr'>suum,</span> <span class='ocrx_word' id='word_1_198' title='bbox 759 3975 835 4024; x_wconf 90' lang='lat' dir='ltr'>non</span> <span class='ocrx_word' id='word_1_199' title='bbox 862 3944 1050 4022; x_wconf 83' lang='lat' dir='ltr'>defferens</span> <span class='ocrx_word' id='word_1_200' title='bbox 1071 3943 1294 4022; x_wconf 80' lang='lat' dir='ltr'>mantellum</span> <span class='ocrx_word' id='word_1_201' title='bbox 1315 3946 1475 4040; x_wconf 89' lang='lat' dir='ltr'>ordinis,</span> <span class='ocrx_word' id='word_1_202' title='bbox 1498 3950 1605 4055; x_wconf 88' lang='lat' dir='ltr'>quia,</span> <span class='ocrx_word' id='word_1_203' title='bbox 1627 3969 1724 4028; x_wconf 87' lang='lat' dir='ltr'>tern-</span> 
     </span>
     <span class='ocr_line' id='line_1_26' title="bbox 305 4079 1725 4186; baseline 0 -28"><span class='ocrx_word' id='word_1_204' title='bbox 305 4107 395 4186; x_wconf 92' lang='lat' dir='ltr'>pore</span> <span class='ocrx_word' id='word_1_205' title='bbox 412 4079 597 4184; x_wconf 85' lang='lat' dir='ltr'>capcionis</span> <span class='ocrx_word' id='word_1_206' title='bbox 611 4107 696 4168; x_wconf 89' lang='lat' dir='ltr'>sue,</span> <span class='ocrx_word' id='word_1_207' title='bbox 715 4093 795 4154; x_wconf 84' lang='lat' dir='ltr'>erat</span> <span class='ocrx_word' id='word_1_208' title='bbox 809 4091 989 4153; x_wconf 87' lang='lat' dir='ltr'>vetustate</span> <span class='ocrx_word' id='word_1_209' title='bbox 1005 4092 1266 4180; x_wconf 89' lang='lat' dir='ltr'>consumptus,</span> <span class='ocrx_word' id='word_1_210' title='bbox 1286 4093 1324 4152; x_wconf 88' lang='lat' dir='ltr'>et</span> <span class='ocrx_word' id='word_1_211' title='bbox 1340 4094 1476 4154; x_wconf 82' lang='lat' dir='ltr'>extunc</span> <span class='ocrx_word' id='word_1_212' title='bbox 1495 4107 1571 4155; x_wconf 92' lang='lat' dir='ltr'>non</span> <span class='ocrx_word' id='word_1_213' title='bbox 1593 4081 1725 4158; x_wconf 80' lang='lat' dir='ltr'>habuit</span> 
     </span>
     <span class='ocr_line' id='line_1_27' title="bbox 306 4204 1722 4304; baseline 0 -16"><span class='ocrx_word' id='word_1_214' title='bbox 306 4241 461 4300; x_wconf 86' lang='lat' dir='ltr'>novum,</span> <span class='ocrx_word' id='word_1_215' title='bbox 478 4227 516 4287; x_wconf 87' lang='lat' dir='ltr'>et</span> <span class='ocrx_word' id='word_1_216' title='bbox 526 4210 735 4287; x_wconf 83' lang='lat' dir='ltr'>voluntarie</span> <span class='ocrx_word' id='word_1_217' title='bbox 744 4209 825 4285; x_wconf 89' lang='lat' dir='ltr'>radi</span> <span class='ocrx_word' id='word_1_218' title='bbox 838 4207 975 4283; x_wconf 87' lang='lat' dir='ltr'>lecerat</span> <span class='ocrx_word' id='word_1_219' title='bbox 988 4204 1058 4282; x_wconf 90' lang='lat' dir='ltr'>sibi</span> <span class='ocrx_word' id='word_1_220' title='bbox 1072 4206 1238 4296; x_wconf 86' lang='lat' dir='ltr'>barbam,</span> <span class='ocrx_word' id='word_1_221' title='bbox 1254 4233 1324 4285; x_wconf 79' lang='lat' dir='ltr'>xxx</span> <span class='ocrx_word' id='word_1_222' title='bbox 1340 4236 1527 4286; x_wconf 88' lang='lat' dir='ltr'>annorum</span> <span class='ocrx_word' id='word_1_223' title='bbox 1541 4212 1599 4289; x_wconf 88' lang='lat' dir='ltr'>vel</span> <span class='ocrx_word' id='word_1_224' title='bbox 1610 4211 1722 4304; x_wconf 89' lang='lat' dir='ltr'>circa,</span> 
     </span>
     <span class='ocr_line' id='line_1_28' title="bbox 305 4336 1720 4449; baseline 0 -29"><span class='ocrx_word' id='word_1_225' title='bbox 305 4374 390 4422; x_wconf 90' lang='lat' dir='ltr'>cum</span> <span class='ocrx_word' id='word_1_226' title='bbox 408 4371 485 4449; x_wconf 93' lang='lat' dir='ltr'>quo</span> <span class='ocrx_word' id='word_1_227' title='bbox 505 4342 727 4448; x_wconf 91' lang='lat' dir='ltr'>inquisitum</span> <span class='ocrx_word' id='word_1_228' title='bbox 747 4340 885 4427; x_wconf 77' lang='lat' dir='ltr'>bremt,</span> <span class='ocrx_word' id='word_1_229' title='bbox 902 4336 1096 4415; x_wconf 85' lang='lat' dir='ltr'>absolutus</span> <span class='ocrx_word' id='word_1_230' title='bbox 1111 4353 1149 4414; x_wconf 88' lang='lat' dir='ltr'>et</span> <span class='ocrx_word' id='word_1_231' title='bbox 1162 4337 1422 4417; x_wconf 87' lang='lat' dir='ltr'>reconciliatus</span> <span class='ocrx_word' id='word_1_232' title='bbox 1437 4368 1504 4446; x_wconf 91' lang='lat' dir='ltr'>per</span> <span class='ocrx_word' id='word_1_233' title='bbox 1521 4343 1720 4421; x_wconf 89' lang='lat' dir='ltr'>dominum</span> 
     </span>
     <span class='ocr_line' id='line_1_29' title="bbox 305 4468 1722 4578; baseline 0.002 -29"><span class='ocrx_word' id='word_1_234' title='bbox 305 4475 522 4577; x_wconf 87' lang='lat' dir='ltr'>episcopum</span> <span class='ocrx_word' id='word_1_235' title='bbox 544 4473 865 4551; x_wconf 74' lang='lat' dir='ltr'>suessionensem.</span> <span class='ocrx_word' id='word_1_236' title='bbox 885 4468 1007 4546; x_wconf 82' lang='lat' dir='ltr'>Lectis</span> <span class='ocrx_word' id='word_1_237' title='bbox 1029 4485 1157 4545; x_wconf 89' lang='lat' dir='ltr'>autem</span> <span class='ocrx_word' id='word_1_238' title='bbox 1178 4485 1215 4544; x_wconf 88' lang='lat' dir='ltr'>et</span> <span class='ocrx_word' id='word_1_239' title='bbox 1233 4469 1435 4576; x_wconf 84' lang='lat' dir='ltr'>diligenter</span> <span class='ocrx_word' id='word_1_240' title='bbox 1450 4474 1626 4578; x_wconf 87' lang='lat' dir='ltr'>expositis</span> <span class='ocrx_word' id='word_1_241' title='bbox 1646 4476 1675 4551; x_wconf 91' lang='lat' dir='ltr'>si</span> <span class='ocrx_word' id='word_1_242' title='bbox 1683 4476 1722 4552; x_wconf 92' lang='lat' dir='ltr'>bi</span> 
     </span>
     <span class='ocr_line' id='line_1_30' title="bbox 304 4596 1724 4710; baseline 0.003 -32"><span class='ocrx_word' id='word_1_243' title='bbox 304 4602 481 4679; x_wconf 92' lang='lat' dir='ltr'>omnibus</span> <span class='ocrx_word' id='word_1_244' title='bbox 503 4620 539 4678; x_wconf 90' lang='lat' dir='ltr'>et</span> <span class='ocrx_word' id='word_1_245' title='bbox 559 4603 715 4709; x_wconf 82' lang='lat' dir='ltr'>singulis</span> <span class='ocrx_word' id='word_1_246' title='bbox 734 4598 916 4687; x_wconf 87' lang='lat' dir='ltr'>articulis,</span> <span class='ocrx_word' id='word_1_247' title='bbox 934 4596 1028 4674; x_wconf 80' lang='lat' dir='ltr'>dixit</span> <span class='ocrx_word' id='word_1_248' title='bbox 1041 4626 1080 4710; x_wconf 84' lang='lat' dir='ltr'>se</span> <span class='ocrx_word' id='word_1_249' title='bbox 1098 4599 1240 4692; x_wconf 75' lang='lat' dir='ltr'>nescire</span> <span class='ocrx_word' id='word_1_250' title='bbox 1257 4600 1305 4676; x_wconf 91' lang='lat' dir='ltr'>de</span> <span class='ocrx_word' id='word_1_251' title='bbox 1322 4601 1375 4676; x_wconf 88' lang='lat' dir='ltr'>eis</span> <span class='ocrx_word' id='word_1_252' title='bbox 1391 4600 1460 4676; x_wconf 87' lang='lat' dir='ltr'>nisi</span> <span class='ocrx_word' id='word_1_253' title='bbox 1478 4604 1582 4708; x_wconf 93' lang='lat' dir='ltr'>quod</span> <span class='ocrx_word' id='word_1_254' title='bbox 1601 4609 1724 4710; x_wconf 89' lang='lat' dir='ltr'>sequi-</span> 
     </span>
     <span class='ocr_line' id='line_1_31' title="bbox 303 4726 1722 4841; baseline 0.004 -33"><span class='ocrx_word' id='word_1_255' title='bbox 303 4752 366 4809; x_wconf 89' lang='lat' dir='ltr'>tur</span> <span class='ocrx_word' id='word_1_256' title='bbox 378 4764 387 4808; x_wconf 92' lang='lat'>:</span> <span class='ocrx_word' id='word_1_257' title='bbox 401 4733 489 4838; x_wconf 85' lang='lat' dir='ltr'>quia</span> <span class='ocrx_word' id='word_1_258' title='bbox 504 4761 581 4809; x_wconf 92' lang='lat' dir='ltr'>non</span> <span class='ocrx_word' id='word_1_259' title='bbox 596 4731 816 4810; x_wconf 80' lang='lat' dir='ltr'>interfuerat</span> <span class='ocrx_word' id='word_1_260' title='bbox 826 4726 1039 4834; x_wconf 89' lang='lat' dir='ltr'>recepcioni</span> <span class='ocrx_word' id='word_1_261' title='bbox 1053 4729 1211 4837; x_wconf 78' lang='lat' dir='ltr'>alicujus</span> <span class='ocrx_word' id='word_1_262' title='bbox 1227 4731 1265 4805; x_wconf 90' lang='lat' dir='ltr'>in</span> <span class='ocrx_word' id='word_1_263' title='bbox 1281 4731 1415 4808; x_wconf 88' lang='lat' dir='ltr'>ordine</span> <span class='ocrx_word' id='word_1_264' title='bbox 1431 4760 1501 4810; x_wconf 89' lang='lat' dir='ltr'>nec</span> <span class='ocrx_word' id='word_1_265' title='bbox 1520 4734 1559 4809; x_wconf 92' lang='lat' dir='ltr'>in</span> <span class='ocrx_word' id='word_1_266' title='bbox 1579 4738 1722 4841; x_wconf 85' lang='lat' dir='ltr'>capitu-</span> 
     </span>
     <span class='ocr_line' id='line_1_32' title="bbox 304 4856 1723 4968; baseline 0.002 -28"><span class='ocrx_word' id='word_1_267' title='bbox 304 4864 351 4940; x_wconf 90' lang='lat' dir='ltr'>lis</span> <span class='ocrx_word' id='word_1_268' title='bbox 368 4892 519 4956; x_wconf 86' lang='lat' dir='ltr'>corum;</span> <span class='ocrx_word' id='word_1_269' title='bbox 534 4863 613 4967; x_wconf 88' lang='lat' dir='ltr'>ipse</span> <span class='ocrx_word' id='word_1_270' title='bbox 629 4880 756 4939; x_wconf 85' lang='lat' dir='ltr'>autem</span> <span class='ocrx_word' id='word_1_271' title='bbox 769 4856 1091 4968; x_wconf 60' lang='lat' dir='ltr'>receptionem,</span> <span class='ocrx_word' id='word_1_272' title='bbox 1108 4859 1364 4950; x_wconf 82' lang='lat' dir='ltr'>incrastinum</span> <span class='ocrx_word' id='word_1_273' title='bbox 1381 4860 1464 4938; x_wconf 86' lang='lat' dir='ltr'>festi</span> <span class='ocrx_word' id='word_1_274' title='bbox 1484 4863 1586 4940; x_wconf 90' lang='lat' dir='ltr'>beati</span> <span class='ocrx_word' id='word_1_275' title='bbox 1603 4868 1723 4943; x_wconf 87' lang='lat' dir='ltr'>Remi·</span> 
     </span>
    </p>

    <p class='ocr_par' dir='ltr' id='par_1_7' title="bbox 1546 5011 1594 5094">
     <span class='ocr_line' id='line_1_33' title="bbox 1546 5011 1594 5094; baseline -0.063 -25"><span class='ocrx_word' id='word_1_276' title='bbox 1546 5011 1594 5094; x_wconf 85' lang='lat'>78.</span> 
     </span>
    </p>
   </div>
   <div class='ocr_carea' id='block_1_6' title="bbox 0 0 2044 6052">
    <p class='ocr_par' dir='ltr' id='par_1_8' title="bbox 0 0 2044 6052">
     <span class='ocr_line' id='line_1_34' title="bbox 0 0 2044 6052; baseline 0 3"><span class='ocrx_word' id='word_1_277' title='bbox 0 0 2044 6052; x_wconf 95' lang='lat' dir='ltr'> </span> 
     </span>
    </p>
   </div>
  </div>
 </body>
</html>
