4080 6052
307 560 379 630 500
696 539 892 633 ruocts
918 551 1012 628 nas
1038 555 1337 627 renuimus.

305 700 411 775 cione
428 697 500 774 luit
519 714 684 775 servatus
704 700 772 776 iste
793 697 942 774 modus.
965 696 1056 772 Nam
1077 693 1167 770 dicti
1188 691 1319 769 fratres
1339 692 1379 768 P.
1400 690 1449 766 de
1469 690 1680 768 Cormeliis
1699 710 1734 768 et

305 825 533 905 Guillelmus
554 828 744 934 Lotoringi
766 841 951 904 venerunt
970 822 1018 900 ad
1037 828 1162 929 ipsum
1179 839 1314 900 testem
1336 822 1560 898 existentem
1582 819 1620 896 in
1640 851 1733 928 qua-

306 959 392 1034 dam
409 984 569 1042 camera,
585 987 628 1033 ex
646 975 749 1063 parte
764 956 984 1062 recepturis,
1001 971 1173 1060 petentes
1186 953 1233 1031 ab
1249 982 1293 1030 eo
1309 953 1338 1029 si
1355 951 1506 1029 volebat
1524 979 1598 1029 esse
1614 949 1730 1029 frater

306 1087 465 1175 ordinis,
492 1114 569 1192 quo
594 1088 847 1194 respondente
868 1086 973 1192 quod
994 1086 1065 1174 sic,
1088 1086 1265 1163 dixerunt
1284 1084 1389 1191 quod
1408 1083 1510 1160 bene
1536 1083 1725 1190 cogitaret,

306 1218 393 1322 quia
411 1235 600 1322 oporteret
613 1247 701 1296 eum
722 1219 897 1326 abdigare
917 1217 1109 1323 propriam
1128 1215 1360 1293 voluntatem
1381 1232 1419 1291 et
1439 1243 1524 1291 eam
1546 1212 1728 1321 subjicere

307 1347 428 1424 alieno
448 1349 618 1437 arbitrio,
636 1351 801 1458 sigillare
822 1348 975 1456 quando
994 1346 1107 1425 vellet
1127 1348 1310 1433 dormire,
1327 1347 1472 1423 esurire
1491 1344 1649 1452 quando
1665 1347 1733 1423 vel·

305 1478 359 1553 let
381 1480 596 1567 comedere,
619 1508 698 1558 csse
718 1469 758 1556 in
778 1508 855 1556 uno
874 1478 956 1556 loco
980 1478 1132 1585 quando
1149 1477 1263 1555 vellet
1282 1506 1370 1584 esse·
1384 1478 1422 1553 in
1446 1475 1539 1565 alio,
1557 1494 1596 1554 et
1616 1478 1730 1554 multa

307 1606 400 1683 dura
424 1626 461 1684 et
485 1638 613 1715 aspera
632 1612 834 1702 sustinere,
856 1627 895 1686 et
913 1610 1019 1716 quod
1043 1609 1142 1685 bene
1168 1608 1394 1685 deliberaret
1417 1608 1447 1683 si
1476 1607 1642 1714 predicta
1664 1637 1731 1714 po-

171 1802 177 1813 .
305 1757 401 1814 terat
427 1741 624 1817 sustinere.
649 1741 806 1817 Etcum
830 1739 1086 1845 respondisset
1110 1739 1332 1845 quodbene
1358 1736 1485 1814 omnia
1513 1737 1726 1825 sustineret,

306 1871 501 1975 pecierunt
526 1871 573 1946 ab
595 1900 639 1948 eo
661 1873 691 1950 si
712 1869 876 1950 habebat
898 1871 1156 1948 infirmitatem
1177 1870 1356 1947 latentem
1378 1898 1421 1946 ex
1446 1898 1523 1977 qua
1546 1888 1643 1947 esset
1661 1870 1730 1946 im-

197 2092 204 2103 ·
306 2016 440 2103 potens
460 1999 508 2075 ad
532 2003 730 2079 servicium
752 2002 912 2090 ordinis,
939 2002 969 2078 si
996 2007 1075 2079 erat
1100 1998 1462 2091 excommunicatus,
1492 2001 1731 2078 matrimonio

308 2128 365 2201 vel
386 2127 490 2204 alteri
510 2130 683 2236 religioni
703 2131 906 2240 obligatus,
924 2133 952 2208 si
970 2132 1113 2210 servilis
1130 2131 1373 2219 conditionis,
1392 2131 1476 2207 etsi
1491 2130 1733 2208 habebatali·

308 2257 412 2364 quod
442 2259 545 2335 aliud
574 2262 892 2366 impedimentum
924 2280 1078 2371 propter
1106 2262 1212 2369 quod
1241 2290 1317 2338 non
1347 2278 1477 2367 posset
1508 2289 1593 2339 esse
1625 2261 1733 2339 frater

310 2384 396 2461 dicti
418 2387 577 2480 ordinis,
600 2405 638 2465 et
657 2391 685 2465 si
708 2390 851 2495 aliquid
871 2391 1028 2468 dederat
1045 2391 1104 2469 vel
1121 2392 1346 2498 promiserat
1358 2408 1404 2467 ut
1422 2391 1462 2466 in
1481 2390 1585 2468 dicto
1603 2392 1732 2471 ordine

308 2518 555 2622 reciperetur3
577 2549 664 2597 nam
685 2522 727 2610 si,
749 2539 847 2628 post·
860 2524 942 2629 ejus
965 2523 1246 2630 recepcionem,
1268 2523 1502 2629 reperiretur
1522 2522 1668 2628 aliquid
1689 2523 1732 2599 de

308 2648 503 2753 predictis,
526 2652 773 2759 repelleretur
793 2682 881 2730 cum
901 2654 1106 2761 ignominia
1126 2652 1173 2731 ab
1193 2652 1326 2731 ordine
1348 2653 1593 2743 eorumdem,
1615 2672 1652 2730 et
1671 2653 1732 2729 ille

310 2780 426 2855 eciam
457 2783 522 2886 qui
557 2784 757 2888 recepisset
790 2784 934 2890 aliquid
964 2785 1011 2861 ab
1043 2813 1089 2862 eo
1119 2785 1329 2890 puniretur.
1362 2784 1452 2876 Quo
1484 2785 1728 2891 respondente

263 2996 272 3011 θ
310 2909 460 2984 nullum
490 2941 528 2988 se
558 2914 698 2991 habere
730 2915 1046 3021 impedimentum
1067 2916 1114 2993 de
1134 2915 1327 3021 predictis,
1350 2915 1528 2992 instruxit
1554 2942 1640 2991 eum
1666 2932 1726 3004 ut,

311 3038 489 3142 capellam
511 3043 717 3145 predictam
738 3046 967 3155 ingrediens,
995 3063 1141 3155 peteret
1172 3076 1192 3122 a
1224 3047 1323 3123 dicto
1357 3046 1610 3138 thesaurario,
1627 3044 1730 3122 llexis

310 3167 486 3275 genibus,
506 3201 643 3277 panem
663 3194 701 3252 et
720 3205 872 3283 aquam,
890 3181 1106 3257 societatem
1124 3196 1161 3256 et
1176 3207 1379 3285 pauperem
1399 3181 1577 3256 vestitum
1591 3178 1731 3256 ordinis

311 3327 437 3375 amore
458 3303 526 3378 Dei
549 3307 700 3382 concedi
721 3308 857 3385 cidem.
882 3310 930 3386 Et
953 3340 1039 3387 cum
1059 3311 1132 3387 hoc
1156 3309 1315 3401 fecisset,
1341 3327 1378 3386 et
1399 3310 1521 3387 dictus
1540 3311 1733 3386 thesaura·

311 3431 389 3504 rius
409 3435 662 3538 respondisset
682 3439 715 3514 ei
738 3442 840 3545 quod
862 3441 1043 3546 grandem
1064 3470 1144 3517 rem
1166 3441 1316 3546 petebat
1336 3460 1373 3517 et
1393 3441 1492 3547 quod
1512 3440 1612 3515 bene
1636 3439 1730 3515 deli-

310 3559 473 3654 beraret‚
496 3567 585 3669 quia
606 3587 797 3673 oporteret
815 3598 903 3647 eum
922 3571 1040 3647 multa
1061 3572 1154 3648 dura
1175 3589 1213 3648 et
1230 3600 1359 3676 aspera
1380 3570 1576 3659 sustinere,
1595 3570 1727 3674 etipse

311 3694 562 3795 respondisset
588 3700 692 3802 quod
717 3702 844 3776 omnia
869 3704 1070 3779 sustineret
1090 3733 1176 3780 cum
1203 3704 1329 3779 divino
1349 3702 1550 3811 adjutorio,
1567 3699 1730 3776 linaliter

310 3822 429 3897 voluit
443 3826 535 3901 scire
550 3827 596 3903 ab
616 3857 660 3905 eo
677 3858 744 3935 per
758 3851 1029 3909 sacramentum
1046 3835 1074 3911 si
1096 3835 1230 3939 inipso
1249 3852 1326 3910 erat
1345 3831 1490 3938 aliquid
1509 3861 1552 3908 ex
1572 3832 1731 3937 impedi-

311 3954 447 4030 mentis
459 3957 646 4060 predictis,
662 3989 730 4066 per
742 3962 862 4038 dictos
874 3961 1004 4039 fratres
1017 3965 1056 4040 P.
1073 3982 1111 4039 et
1122 3963 1371 4041 Guillelmum
1387 3964 1564 4068 expositis
1580 3964 1729 4052 eisdem,

311 4101 349 4159 et
362 4111 406 4159 eo
419 4089 670 4191 respondente
687 4093 756 4168 sub
774 4094 873 4170 dicto
886 4095 1104 4201 juramento
1118 4096 1222 4202 quod
1236 4125 1331 4182 non,
1347 4095 1435 4171 lecit
1450 4125 1537 4171 cum
1553 4123 1686 4170 vovere
1699 4111 1731 4169 et

306 4213 433 4317 jurare
450 4246 563 4322 super
580 4223 787 4325 quemdam
803 4222 945 4299 librum
965 4242 1136 4331 apertum
1153 4255 1296 4302 servare
1317 4226 1534 4313 castitatem,
1557 4225 1731 4301 obedien·

312 4344 422 4437 ciam,
444 4349 564 4427 vivere
591 4351 672 4428 sine
694 4356 863 4459 proprio,
887 4355 1059 4463 [semare]
1080 4357 1201 4434 bonos
1224 4387 1315 4434 usus
1336 4375 1374 4433 ct
1395 4357 1516 4433 bonas
1536 4374 1732 4433 consuetu-

312 4474 418 4552 dines
440 4495 476 4553 et
497 4499 636 4559 secreta
658 4484 816 4576 ordinis,
835 4503 873 4562 et
890 4489 994 4592 quod
1009 4515 1079 4593 pro
1099 4516 1207 4592 posse
1228 4518 1297 4565 suo
1311 4488 1459 4594 juvaret
1476 4487 1523 4562 ad
1541 4487 1731 4593 acquiren-

290 4651 295 4664 .
313 4603 404 4678 dum
417 4608 571 4687 Terram
586 4631 761 4689 sanctam.
776 4615 1022 4693 Postmodum
1034 4617 1214 4723 imposuit
1230 4618 1299 4695 sibi
1318 4616 1545 4693 mantellum
1563 4636 1602 4692 et
1618 4617 1730 4694 birre-

310 4748 410 4820 tum,
435 4736 533 4813 dicto
554 4742 771 4849 presbytero
790 4746 937 4823 dicente
956 4748 1143 4852 psalmum
1163 4783 1171 4826 :
1190 4749 1286 4826 Ecce
1307 4778 1409 4851 quam
1433 4750 1555 4824 bonum
1580 4766 1613 4825 et
1637 4775 1728 4852 quom

302 4864 507 4964 jocundum,
539 4888 575 4946 et
605 4894 820 4979 aspergente
851 4907 986 4981 aquam
1006 4879 1247 4957 benedictam
1283 4907 1396 4984 super
1433 4908 1542 4969 eum,
1580 4898 1619 4957 et
1649 4877 1730 4954 dicti
