4080 6052
695 534 892 627 rnocns
916 553 1011 629 ons
1037 545 1339 625 rnunmnns
1653 561 1725 629 517

309 693 683 801 expositisomnibus
697 711 735 770 et
752 694 909 801 singulis
927 690 1107 780 articulis,
1127 692 1321 798 respondit
1341 692 1389 767 ad
1409 721 1473 768 eos
1492 694 1730 798 singulariter

307 826 555 933 interrogatus
574 842 618 901 ut
634 825 807 930 sequitur
826 857 834 901 :
1528 829 1531 835 ’

362 959 410 1033 Et
428 957 553 1062 primo
561 1004 575 1045 ‚·
590 956 640 1032 ad
660 983 712 1033 1111
732 956 876 1061 primos
898 954 991 1031 dixit
1010 954 1116 1060 quod
1135 956 1325 1033 nesciebat
1348 957 1379 1032 si
1406 973 1512 1031 erant
1535 984 1620 1033 vera
1640 987 1729 1033 con-

305 1106 408 1166 tenta
422 1089 461 1163 in
480 1088 575 1192 ipsis
588 1086 764 1174 aniculis,
779 1088 867 1193 quia
881 1112 1068 1190 nusquam
1090 1085 1310 1163 interfuerat
1330 1086 1500 1191 capitulis
1515 1115 1584 1163 nec
1603 1116 1730 1194 recep-

307 1220 407 1298 cioni
428 1217 588 1325 alicujus
608 1218 761 1295 alterius
776 1217 915 1307 fratris3
938 1216 1031 1292 dixit
1048 1232 1176 1293 tamen
1196 1218 1301 1324 quod
1324 1219 1402 1322 ipse
1417 1216 1539 1294 fuerat
1557 1238 1729 1325 receptus

307 1349 347 1428 in
367 1351 466 1427 dicto
481 1351 613 1427 ordine
629 1376 698 1455 per
718 1362 841 1425 unum
861 1374 1003 1424 annum
1023 1357 1060 1423 et
1076 1349 1203 1453 viginti
1225 1349 1306 1425 dies
1324 1366 1408 1424 ante
1429 1350 1644 1454 capcionem
1663 1380 1727 1428 eo-

306 1508 394 1557 rum
421 1480 515 1556 circa
543 1478 680 1555 festum
703 1477 804 1554 beati
828 1476 967 1553 Nicolai
994 1476 1190 1568 hiemalis,
1205 1477 1306 1581 apud
1324 1477 1590 1570 Castellionem
1615 1509 1729 1587 super

306 1611 506 1689 Seccanam
518 1609 765 1716 Lingonensis
781 1588 950 1698 diocesis,¹
968 1635 1037 1712 per
1046 1608 1198 1684 fratrem
1214 1607 1422 1685 Robertum
1439 1610 1618 1687 Lescolhe
1637 1630 1728 1688 tunc

304 1758 562 1846 preceptorem
583 1739 672 1816 dicti
692 1739 781 1830 loci,
795 1737 1034 1845 presentibus
1059 1737 1171 1814 fratre
1196 1741 1306 1815 Petro
1333 1740 1379 1813 de
1402 1741 1562 1816 Loernia
1585 1743 1729 1846 presbi-

304 1886 411 1960 tero,
424 1887 594 1947 morante
610 1887 704 1945 tunc
723 1869 824 1975 apud
842 1869 1011 1974 Espalhi,
1029 1885 1068 1943 et
1088 1897 1174 1945 cum
1194 1867 1273 1972 ipse
1293 1868 1467 1973 peciisset
1485 1898 1506 1945 a
1526 1870 1626 1946 dicto
1645 1901 1730 1978 pre-

289 2018 456 2106 ceptore
473 2028 611 2107 panem
635 2017 675 2076 et
698 2028 834 2105 aquam
854 1998 1014 2090 ordinis,
1037 1998 1139 2074 idem
1159 2017 1356 2104 preceptor
1376 1999 1465 2075 lecit
1483 2006 1578 2076 eum'
1596 2030 1727 2079 vovere

307 2132 509 2208 castitatem
531 2148 567 2207 et
585 2131 706 2207 vivere
727 2129 807 2205 sine
827 2129 980 2233 proprio
1002 2146 1040 2204 et
1058 2122 1333 2223 obedienciam,
1355 2147 1392 2206 et
1410 2129 1576 2235 predicta
1589 2133 1729 2237 juravit

306 2291 419 2368 supra
437 2263 636 2368 quendam
648 2260 801 2336 librum.
819 2260 990 2362 Precepit
1005 2259 1160 2363 insuper
1176 2260 1247 2335 sibi
1265 2260 1370 2365 quod
1387 2288 1464 2335 non
1486 2262 1643 2338 intraret
1660 2264 1727 2339 do·

306 2421 414 2469 mum
434 2393 474 2467 in
496 2420 571 2497 qua
589 2389 729 2467 mulier
740 2389 882 2497 jaceret
901 2388 948 2463 de
968 2388 1192 2492 puerperio,
1218 2405 1256 2463 et
1279 2387 1386 2493 quod
1409 2417 1486 2463 non
1507 2409 1605 2466 esset
1625 2419 1729 2467 com-

306 2538 426 2627 pater,
449 2539 487 2597 et
505 2520 610 2626 quod
628 2547 704 2595 non
723 2518 874 2596 biberet
893 2518 932 2592 in
951 2517 1105 2593 taberna
1126 2545 1210 2592 cum
1231 2516 1473 2594 secularibus.
1500 2520 1615 2606 Item,
1637 2520 1729 2599 dixit

305 2651 411 2758 quod
432 2651 625 2756 predictus
648 2666 821 2753 receptor
844 2647 1012 2753 precepit
1036 2646 1070 2722 ei
1099 2646 1205 2752 quod
1229 2646 1431 2752 abnegaret
1449 2648 1670 2742 Dominum,
1693 2670 1729 2728 et

305 2778 774 2888 abnegavitapostmodum.
781 2778 951 2885 precepit
961 2778 994 2854 ei
1005 2777 1111 2883 quod
1125 2794 1278 2882 spueret
1292 2806 1407 2882 super
1418 2780 1631 2885 ymaginem
1640 2766 1729 2860 Ciu-

306 2885 411 2990 eilix‘s
412 2941 488 3019 que
500 2928 581 2988 erat
589 2910 735 2986 indicto
750 2909 861 3001 libro,
881 2925 919 2984 et
938 2908 1018 3012 ipse
1039 2907 1142 3012 spuit
1160 2934 1237 2983 non
1252 2935 1365 3013 supra
1379 2909 1576 3015 sedjuxta,
1594 2929 1632 2987 et
1645 2940 1729 3017 pre-

306 3044 403 3119 dicta
422 3042 520 3133 lecit,
541 3033 638 3119 sicut
657 3040 761 3130 dixit,
784 3067 848 3114 ore
868 3066 945 3115 non
963 3038 1087 3128 corde,
1108 3055 1146 3115 et
1162 3037 1389 3144 stupefactus
1402 3058 1556 3147 propter
1570 3041 1727 3148 illaque

305 3171 607 3279 precipiebantur
622 3170 674 3262 ei3
690 3188 728 3246 et
740 3170 896 3275 insuper
904 3168 977 3244 luit
993 3169 1181 3247 osculatus
1199 3169 1340 3248 dictum
1356 3188 1591 3278 receptorem
1603 3175 1727 3280 primo

305 3305 429 3380 inore
455 3320 493 3379 et
512 3320 641 3408 postea
665 3328 778 3407 super
797 3300 985 3377 camisiam
1009 3329 1119 3407 supra
1133 3300 1292 3392 bracale,
1319 3302 1386 3379 sed
1411 3302 1534 3380 dictus
1557 3323 1729 3410 receptor

305 3434 472 3540 precepit
496 3434 530 3510 ei
554 3433 660 3539 quod
685 3431 921 3509 oscularetur
944 3459 1032 3508 eum
1060 3431 1178 3538 magis
1196 3431 1303 3523 infra,
1326 3449 1364 3508 et
1386 3435 1553 3538 predicta
1583 3432 1730 3510 dicebat

306 3594 384 3643 esse
412 3565 534 3642 dictus
557 3580 728 3671 receptor
753 3563 800 3640 de
825 3562 973 3640 statutis
993 3561 1152 3649 ordinis,
1176 3578 1214 3637 et
1231 3563 1310 3668 ipse
1330 3565 1436 3641 testis
1461 3582 1551 3658 tunc
1575 3565 1625 3640 ita
1650 3594 1730 3641 cre-

306 3696 415 3787 didit,
427 3697 524 3771 sicut
543 3695 648 3790 dixit.
667 3695 840 3799 Precepit
857 3695 1013 3798 insuper
1026 3691 1073 3778 ei,
1096 3691 1193 3768 sicut
1212 3691 1316 3783 dixit,
1334 3693 1439 3800 quod
1457 3695 1488 3770 si
1507 3693 1638 3771 fratres
1657 3696 1729 3770 mi-

305 3825 389 3901 lites
407 3824 466 3900 vel
486 3825 687 3899 servientes
710 3823 800 3899 dicti
822 3823 981 3913 ordinis,
1008 3822 1071 3899 vel·
1090 3820 1152 3896 alii
1173 3823 1346 3930 armigeri
1368 3825 1434 3929 qui
1457 3853 1534 3901 non
1555 3843 1660 3901 erant
1680 3825 1727 3902 de

307 3954 454 4041 ordine,
475 3952 627 4058 quando
645 3951 788 4027 fiebant
798 3952 978 4029 transitus
990 3952 1244 4042 ultramarini„
1256 3952 1395 4029 vellent
1404 3956 1529 4060 jacere
1550 3985 1637 4032 cum
1663 3966 1725 4046 eo,

305 4084 410 4190 quod
427 4083 610 4188 reciperet
626 4109 689 4157 eos
705 4082 744 4156 in
763 4082 860 4158 lecto
880 4109 961 4158 suo.
983 4084 1063 4187 lpse
1083 4097 1211 4158 tamen
1229 4084 1423 4169 testisnon
1444 4059 1676 4193 intelligebat
1688 4087 1727 4163 in

305 4217 378 4293 boc
393 4215 548 4321 aliquod
561 4213 718 4304 malum,
735 4213 804 4289 sed
817 4213 923 4318 quod
938 4213 1012 4291 hoc
1025 4211 1136 4290 lieret
1149 4230 1303 4319 propter
1317 4215 1513 4319 penuriam
1530 4217 1724 4296 lectorum.

305 4347 480 4424 Adiciens
496 4345 703 4452 quemdam
716 4343 878 4421 militem
893 4343 1037 4421 ordinis
1055 4344 1293 4422 transfretare
1310 4345 1515 4434 volentem,
1537 4351 1643 4456 cujus
1658 4378 1729 4425 no-

306 4506 393 4553 men
410 4479 594 4583 ingnorat,
606 4477 704 4582 bene
717 4490 754 4552 et
766 4476 924 4552 honeste
939 4474 1102 4581 quadam
1118 4493 1228 4553 nocte
1238 4476 1399 4583 jacuisse
1413 4507 1501 4555 cum
1515 4508 1572 4570 eo,
1586 4499 1624 4559 et
1636 4481 1728 4557 dixit

307 4607 339 4682 ei
361 4607 487 4684 dictus
501 4622 673 4711 receptor
689 4605 795 4710 quod
813 4605 887 4682 boc
907 4605 1024 4682 eciam
1041 4622 1119 4681 erat
1136 4606 1184 4684 de
1204 4606 1351 4712 punctis
1372 4608 1526 4686 ordinis.
1653 4644 1656 4648 ·

362 4739 473 4826 ltem,
493 4766 605 4842 super
625 4736 809 4813 contentis
827 4736 866 4811 in
884 4763 918 4829 v,
935 4763 987 4825 vx,
1011 4764 1061 4817 vu
1082 4753 1121 4812 et
1139 4764 1201 4814 vm
1222 4736 1404 4829 articulis,
1427 4739 1474 4814 de
1500 4740 1724 4846 dogmatiza-

309 4869 428 4959 cione,
451 4887 534 4958 ete,
557 4866 752 4973 respondit
771 4893 811 4943 se
830 4867 947 4945 nichil
966 4868 1059 4944 scire
1080 4867 1152 4944 nisi
1172 4869 1409 4974 quodsupra
1429 4870 1532 4947 dixit.
