4080 6052
307 564 380 633 ooo
692 536 890 630 raocts
915 548 1010 627 nus
1036 550 1333 628 rrurcrrus.

305 701 504 778 statuisset.
525 695 877 809 Grandia'scandale
896 713 932 772 et
946 695 1113 801 'suspicio
1134 713 1262 772 contra
1278 696 1452 774 ordinem
1474 709 1572 774 sunt
1593 713 1735 786 exorta,

305 844 461 938 propter
478 829 543 906 illa
564 829 611 905 dc
631 827 771 934 quihus
791 828 913 934 agitur
930 841 1062 903 contra
1080 853 1188 916 eum;
1208 844 1338 904 contra
1351 851 1475 933 quem
1496 826 1647 903 audivit
1664 829 1737 906 Ma·

304 964 463 1069 gistrum
483 975 522 1036 et
544 959 634 1036 alios
662 958 809 1064 aliquos
829 980 990 1048 errores,
1011 957 1131 1034 nescit
1149 985 1262 1062 quos,
1287 957 1402 1035 fuisse
1422 955 1631 1035 confessos.
1650 958 1731 1037 Ob-

305 1092 443 1169 tulerat
462 1119 501 1167 se
521 1089 569 1165 ud
588 1086 1040 1180 deffensionem-ordinis,
1054 1103 1094 1164 et
1105 1104 1236 1193 postea
1250 1087 1414 1165 retraxit.

363 1220 577 1327 Requisitus
591 1220 622 1296 si
640 1219 693 1296 sic
712 1219 936 1324 deposuerat
944 1242 1073 1323 prece,
1085 1236 1280 1325 precepto,
1294 1220 1444 1308 timore,
1457 1245 1609 1309 amore,
1627 1219 1729 1308 odio,

308 1353 364 1429 vel
381 1349 793 1455 commodotemporaii
805 1348 935 1427 habito
948 1347 1008 1425 uel
1020 1346 1536 1457 habendo‚responditquod
1556 1377 1647 1437 nou,
1668 1350 1733 1427 sed

308 1508 376 1586 pro
398 1481 550 1557 veritate
576 1480 744 1556 dicenda.
772 1479 844 1556 Cui
868 1478 941 1556 fnit
968 1478 1180 1584 injunctum
1201 1479 1305 1588 quod
1329 1504 1410 1557 non
1434 1480 1621 1557 revelaret
1640 1481 1733 1556 hanc

310 1639 416 1687 suam
431 1610 711 1716 deposicionem
725 1630 924 1715 quousque
945 1609 1205 1688 attestationes
1216 1609 1360 1687 farerint
1375 1610 1586 1717 publicato,
1603 1626 1641 1686 et
1658 1609 1730 1685 {uit

309 1759 394 1820 aute
415 1740 695 1846 deposicionem
713 1767 821 1816 suam
844 1755 1073 1844 protestatus
1091 1741 1199 1846 quod
1216 1766 1293 1818 non
1314 1740 1537 1819 intendebat
1551 1739 1726 1816 recedere

309 1870 586 1977 {deposicione
604 1898 675 1977 per
689 1896 778 1947 eum
790 1868 886 1945 facta
899 1890 1024 1946 corum
1040 1870 1141 1949 dicto
1158 1871 1313 1948 domino
1329 1871 1510 1979 episcopo
1522 1869 1726 1947 Parisieusi.

364 2133 497 2207 Frater
520 2131 707 2207 iohannes
736 2132 784 2206 de
813 2127 891 2207 Gisi
919 2127 1124 2235 presbyter,
1152 2146 1190 2205 et
1223 2129 1447 2234 Radulphus
1473 2129 1524 2205 de
1544 2128 1732 2206 salicibus

313 2260 589 2346 Lauduuensis,
618 2260 751 2337 Petrus
776 2258 824 2336 'de
843 2273 970 2334 sancto
992 2258 1183 2334 Mamerto
1202 2258 1420 2345 tVienensis,
1436 2258 1683 2365 ‘Reginaidus
1699 2257 1731 2334 ie

312 2394 493 2497 Bergerot
514 2407 552 2467 et
575 2391 764 2468 Jobaunes
784 2389 832 2466 de
851 2388 999 2465 Niciaco
1020 2388 1286 2496 lingonensis,
1303 2390 1391 2468 Gilo
1410 2390 1459 2468 de
1476 2390 1651 2469 Cheruto
1671 2391 1733 2467 se

312 2520 507 2609 nonensis,
519 2521 693 2599 Nicotaus
705 2520 753 2597 dc
764 2518 909 2606 Trecis,
926 2519 1058 2596 Petrus
1079 2518 1315 2597 deCercellis
1332 2537 1371 2596 et
1386 2520 1582 2629 Jobannes
1598 2521 1645 2596 de
1659 2519 1734 2596 Ele

312 2651 457 2730 mosiua
481 2650 697 2728 Parisiensis
728 2649 951 2735 diocesiunr,
977 2648 1131 2726 adducti
1154 2676 1225 2755 pro
1251 2649 1412 2728 testibus
1437 2677 1566 2728 coram
1593 2650 1732 2727 eisdem

312 2782 477 2860 dominis
492 2780 770 2868 commissaliis,
788 2781 969 2884 premissa
982 2782 1255 2886 protestacione
1269 2782 1375 2887 quod
1393 2808 1480 2859 non¹
1489 2779 1729 2857 intendebant

312 2912 488 2988 recedere
500 2940 527 2987 a
546 2909 850 3018 deposicionibus
870 2911 959 2988 alias
975 2939 1046 3016 per
1063 2938 1129 2988 eos
1146 2911 1252 2989 factis
1270 2904 1397 2989 corani
1414 2910 1624 2994 ordinariis,
1641 2909 1729 2985 etsi

314 3041 408 3147 quid
428 3050 557 3117 contra
577 3042 636 3118 vel
665 3042 782 3149 magis
809 3058 873 3118 aut
899 3041 1026 3118 minus
1056 3042 1225 3119 dicerent
1254 3069 1379 3120 coram
1404 3040 1550 3120 eisdem
1566 3039 1731 3118 dominis

316 3169 592 3255 commissoriis,
613 3170 718 3275 quod
743 3171 796 3246 eis
821 3193 898 3246 non
917 3170 1128 3278 prejudicet
1154 3200 1223 3248 nec
1242 3190 1376 3250 noceat
1399 3173 1440 3248 in
1462 3166 1605 3278 aliquo.
1630 3174 1733 3248 Jura-

314 3316 465 3386 verunt,
486 3301 591 3375 tactis
609 3302 848 3376 sacrosanctis
866 3302 1090 3408 Evangeliis,
1119 3303 1243 3379 dicere
1259 3303 1411 3408 plenam
1433 3318 1470 3379 et
1490 3303 1735 3378 meramveri·

314 3449 429 3507 tatem
446 3430 484 3503 in
505 3429 618 3535 hujus
632 3429 736 3504 modi
757 3430 930 3536 negocio,
948 3432 1157 3507 seeundum
1177 3433 1337 3509 sormam
1350 3412 1549 3541 juramenti
1570 3433 1732 3508 aliorum

313 3561 467 3636 testium
489 3561 660 3665 superius
677 3562 927 3668 registratam,
952 3564 1154 3668 expositam
1176 3582 1212 3641 et
1230 3565 1484 3673 vulgaritatem
1505 3561 1660 3638 eisdem.

372 3689 462 3765 Acta
481 3690 634 3766 suerunt
662 3693 730 3767 hec
756 3691 865 3768 dictis
886 3693 947 3768 die
978 3709 1016 3768 et
1042 3691 1141 3780 loeo,
1167 3696 1406 3799 presentibus
1433 3694 1608 3801 magistro
1631 3692 1732 3767 Ami-

316 3823 387 3910 sio,
426 3849 486 3896 me
518 3821 772 3899 Floriamonte
802 3823 1018 3909 Dondedei‚
1058 3842 1095 3900 et
1133 3825 1214 3903 aliis
1253 3828 1409 3905 notariis
1447 3855 1557 3932 supra
1601 3824 1735 3901 ultimo

318 3968 528 4028 nominatis.
602 4016 608 4024 .

373 4215 461 4290 Post
491 4214 573 4299 hec,
613 4215 674 4290 die
704 4216 803 4291 Jovis
839 4218 1024 4322 sequenti,
1060 4246 1138 4324 que-
1160 4218 1231 4295 fuit
1267 4246 1354 4298 xvrtr
1390 4221 1473 4296 dies
1500 4221 1642 4297 mensis
1673 4207 1734 4295 Fe

318 4343 476 4433 bruarii,
497 4344 571 4420 suit
593 4345 778 4421 adductus
799 4346 846 4421 ad
865 4348 1096 4450 presenciam
1122 4351 1346 4427 eorumdem
1370 4352 1622 4429 dominorum
1643 4379 1734 4428 com-

318 4474 585 4561 missariorum,
608 4477 647 4550 in
680 4476 795 4552 domo
811 4478 980 4581 predicta
998 4478 1157 4556 flatrum
1172 4483 1384 4568 Minorum,
1417 4483 1534 4560 frater
1550 4484 1733 4560 Johanncs

319 4601 365 4676 de
403 4603 482 4679 Gisi
508 4606 712 4712 presbyter,
736 4606 993 4685 Laudunensis
1015 4610 1192 4696 diocesis,
1235 4613 1339 4688 testis
1369 4642 1479 4718 supra
1504 4616 1673 4720 juratus,
1697 4629 1731 4686 ut

319 4729 525 4834 deponeret
559 4736 702 4812 dictum
723 4768 850 4824 suum,
886 4740 1036 4846 triginta
1064 4769 1250 4819 annorum
1285 4745 1344 4820 vel
1374 4745 1487 4831 circa,
1518 4743 1728 4821 mantellum

320 4860 527 4980 defferens,
545 4891 630 4937 cum
651 4896 727 4969 quo
761 4869 981 4973 inquisitum
1014 4870 1150 4959 suerat,
1186 4872 1380 4951 absolutus
1409 4894 1447 4952 et
1478 4876 1729 4953 reconciliatus
