4080 6052
690 553 889 646 procas
914 573 1009 645 uns
1027 575 1333 648 rummiens.
1672 586 1720 657 ss

360 716 470 801 Item,
486 711 629 803 eisdem
646 712 707 789 die
725 732 762 789 et
780 713 882 805 loco,
899 713 977 819 jam
992 714 1164 791 veniente
1184 716 1339 792 domino
1359 717 1587 808 Mimatensi,
1610 741 1647 798 et
1665 753 1724 800 re-

305 843 459 920 cedente
477 859 569 918 etse
592 860 789 919 excusante
809 843 964 920 domino
980 843 1229 936 Narbonensi,
1250 845 1405 922 fuorunt
1423 847 1575 924 adducti
1599 877 1722 927 coram

304 973 410 1051 dictis
426 972 590 1050 dominis
610 973 872 1049 commissariis
893 974 945 1050 ibi
959 975 1198 1079 presentibus
1218 992 1256 1052 et
1273 976 1572 1069 remanentibus,
1593 977 1723 1057 fratres

267 1192 270 1201 ¹
303 1105 523 1209 subscripti,
547 1104 614 1210 qui
634 1103 785 1180 adducti
811 1103 925 1181 fuisse
946 1105 1167 1182 dicebantur
1186 1106 1233 1183 de
1250 1108 1381 1212 Trapis
1406 1108 1620 1185 Parisicnsis
1641 1110 1723 1186 dio·

305 1235 409 1311 cesis.
431 1233 508 1326 Qui
539 1233 776 1338 singulariter
797 1251 835 1311 et
854 1236 1050 1339 separatim
1075 1236 1307 1343 interrogati,
1329 1237 1360 1314 si
1384 1236 1557 1314 volebant
1581 1239 1722 1316 dictum

306 1364 479 1440 ordinem
500 1363 721 1460 defendere,
738 1364 1018 1469 respondcnmt
1030 1382 1074 1441 ut
1092 1366 1288 1470 sequitur:

362 1496 489 1570 Frater
512 1496 551 1571 P.
578 1495 625 1570 dc
650 1494 757 1571 Acies
780 1493 1036 1572 Noviomensis
1061 1494 1219 1572 diocesis
1244 1496 1337 1571 dixit
1359 1495 1464 1602 quod
1488 1499 1569 1573 vult
1594 1498 1724 1576 defen-

307 1627 395 1701 dere
414 1626 555 1701 dictum
575 1625 766 1716 ordinem,
787 1643 983 1713 ettamen,
1003 1642 1047 1701 ut
1064 1625 1170 1715 dixit,
1190 1652 1266 1701 non
1287 1625 1408 1703 fiierat
1429 1627 1469 1702 in
1487 1627 1618 1704 ordine
1640 1647 1723 1705 ante

305 1754 519 1859 capcionem
536 1781 669 1831 eorum
687 1753 759 1830 nisi
778 1782 847 1858 per
865 1754 1149 1859 quatuordecim
1167 1782 1327 1832 menses.

361 1887 489 1961 Frater
513 1886 553 1960 P.
580 1883 761 1987 Prepositi
785 1882 1035 1961 Atrebatemis
1060 1884 1218 1960 diocesis
1247 1885 1339 1960 dixit
1366 1884 1573 1990 quodvult
1597 1885 1726 1961 defen-

307 2014 395 2091 dere
426 2015 568 2090 dictum
598 2013 770 2090 ordinem
803 2010 1022 2119 proposse,
1054 2031 1092 2089 et
1114 2014 1307 2119 requisivit
1337 2014 1581 2109 ecclesiastica
1606 2030 1725 2092 sacra·

307 2160 444 2219 menta.
501 2194 506 2204 -

363 2272 511 2346 Fratres
532 2270 704 2347 Galterus
729 2270 776 2345 de
795 2268 891 2346 Villa
916 2272 1018 2347 Savir
1042 2272 1337 2359 Suessionensis,
1358 2274 1399 2348 P.
1426 2274 1473 2350 de
1500 2273 1628 2351 Caemi
1654 2276 1725 2350 No

308 2400 524 2486 riomensis,
552 2401 669 2474 Lucas
702 2398 750 2473 de
777 2399 915 2504 Servoy
936 2398 1213 2488 Ambianensis,
1245 2400 1466 2504 Radulphus
1497 2403 1545 2477 dc
1574 2404 1724 2478 Fremio

310 2530 480 2638 ejusdem
513 2527 789 2617 Ambianensis,
813 2545 850 2603 et
872 2528 1003 2604 Petrus
1028 2526 1076 2602 de
1102 2529 1232 2603 Turno
1261 2528 1476 2606 Parisiensis
1500 2529 1723 2618 diocesium,

310 2661 484 2737 dixerunt
502 2659 607 2764 quo'd
630 2658 761 2734 volunt
783 2657 925 2732 dictum
946 2656 1118 2731 ordinem
1141 2655 1358 2734 defendere.

364 2793 492 2865 Frater
519 2789 706 2864 lohannes
738 2786 785 2863 de
815 2783 994 2861 Rizavalle
1025 2783 1284 2887 Ambianensis
1315 2786 1472 2863 diocesis
1503 2787 1596 2863 dixit
1623 2791 1727 2892 quod
1787 2830 1791 2838 ·

309 2918 388 2996 vult
403 2917 621 3008 defendere,
639 2917 768 2994 dicens
786 2914 890 3021 quod
905 2939 983 2990 non
1001 2912 1122 2990 fuerat
1144 2915 1182 2990 in
1207 2915 1305 2992 dicto
1327 2914 1458 2994 ordine
1478 2935 1562 2992 ante
1583 2918 1727 3022 capcio-

312 3076 399 3125 nem
423 3075 555 3124 eorum
577 3046 649 3123 nisi
669 3075 737 3153 per
756 3043 967 3120 dimedium
985 3071 1138 3121 annum.

367 3179 514 3252 Fratres
535 3174 647 3251 Oddo
672 3175 707 3250 le
737 3173 918 3250 Culheret
941 3171 1218 3264 Ambianensis,
1236 3173 1346 3277 Hugo
1371 3172 1417 3248 de
1442 3172 1615 3251 Alchiaco
1636 3173 1729 3280 ejus

313 3306 400 3381 dom
419 3303 688 3393 Ambianensis,
706 3320 744 3378 et
762 3303 943 3407 Rogerius
968 3302 1015 3378 de
1032 3301 1237 3378 Mosselhas
1253 3302 1483 3378 Belvacensis
1506 3302 1747 3391 diocesiums

312 3435 487 3511 dixerunt
500 3435 604 3539 quod
622 3433 753 3510 volunt
770 3433 913 3508 dictum
934 3431 1105 3507 ordinem
1121 3430 1323 3507 defendere
1343 3458 1548 3536 proposse.

367 3566 495 3639 Frater
517 3562 688 3641 Nicolaus
708 3562 756 3638 de
781 3559 945 3638 Boncelo
969 3560 1200 3637 Belvacensis
1222 3560 1380 3636 diocesis
1406 3560 1499 3636 dixit
1520 3559 1624 3664 quod
1643 3576 1727 3634 ante

312 3694 526 3798 capcionem
551 3721 683 3768 eorum
699 3719 777 3767 non
799 3690 920 3766 fuerat
940 3689 1098 3765 indicto
1119 3688 1252 3765 ordine
1270 3688 1342 3764 nisi
1359 3717 1427 3792 pcr
1447 3689 1543 3764 duos
1563 3714 1726 3772 menses,

313 3840 351 3897 et
365 3822 453 3896 ideo
472 3820 590 3895 nichil
609 3820 678 3896 scit
693 3819 834 3908 dicere,
858 3834 895 3894 et
910 3817 1005 3922 petit
1020 3816 1213 3894 licenciam
1235 3835 1272 3894 et
1289 3816 1401 3893 vellet
1413 3816 1575 3892 libenter
1592 3815 1728 3889 intrare

314 3949 424 4025 aliam
444 3947 682 4052 religionem,
699 3975 767 4052 pro
783 3949 899 4025 salute
920 3949 1042 4024 anime
1062 3976 1140 4023 sue.
1492 3957 1494 3960 ’

371 4080 500 4154 Frater
529 4075 717 4152 lohannes
749 4076 796 4150 de
821 4077 1041 4179 Campensis
1072 4074 1297 4150 Morinensis
1322 4072 1482 4149 diocesis
1508 4070 1603 4145 dixit
1625 4072 1729 4176 quod

314 4207 394 4283 vult
421 4202 625 4280 defendere
651 4202 795 4279 dictum
825 4203 1016 4294 ordinem,
1044 4217 1082 4278 et
1105 4200 1199 4304 petit
1221 4199 1463 4275 ecclesiastica
1490 4218 1726 4277 sacramenta.

372 4337 460 4412 Acta
475 4334 709 4411 fuerunthec
721 4333 898 4438 predictis
915 4333 975 4408 die
991 4347 1030 4406 et
1041 4329 1141 4419 loco,
1157 4329 1395 4434 presentibus
1405 4358 1467 4407 me
1478 4330 1728 4407 Floriamonte

317 4465 536 4551 Dondedei·,
555 4481 593 4565 et
606 4464 687 4542 aliis
701 4464 853 4541 notariis
872 4491 985 4568 supra
997 4461 1166 4567 proximo
1181 4462 1393 4538 nominatis.

373 4729 461 4802 Post
470 4725 551 4814 hec,
564 4725 625 4801 die
636 4723 811 4802 Mercurii
822 4722 1006 4829 sequenti,
1019 4723 1059 4798 in
1070 4721 1273 4798 crastinum
1284 4719 1397 4798 sancti
1408 4718 1545 4797 Mathie
1559 4718 1727 4824 apostoli,

320 4886 392 4962 que
406 4856 478 4934 fuit
496 4883 567 4937 xxv
580 4856 661 4934 dies
675 4856 814 4933 mensis
833 4838 1046 4941 februarii,
1064 4869 1319 4931 convenerunt
1340 4852 1380 4927 in
1399 4849 1564 4958 predicta
1588 4875 1730 4924 camera

1516 5007 1561 5043 ll.
