4080 6052
470 512 664 604 rnocns
690 528 785 601 ons
810 528 1107 602 renelmus.
1148 484 1171 509 ‘
1420 534 1493 608 529

85 671 189 778 quod
209 696 284 747 non
302 669 464 776 placeret
483 671 554 747 sibi
574 671 679 778 quod
698 670 771 747 hoc
784 668 941 760 laceret,
969 687 1005 746 et
1023 688 1193 777 receptor
1210 669 1405 776 respondit
1423 672 1493 750 sibi

84 802 187 905 quod
204 803 274 877 hoc
296 800 492 905 oportebat
511 829 600 878 eum
616 801 753 893 lacere,
775 801 882 877 etita
902 793 1095 908 abnegavit
1114 829 1178 877 ore
1197 827 1274 876 non
1299 799 1426 891 corde,
1451 818 1494 877 ut

83 929 184 1006 dixit.
216 931 346 1007 Postea
373 933 540 1038 precepit
565 933 599 1008 ei
629 931 734 1037 quod
765 948 920 1036 spueret
947 960 1060 1036 super
1088 931 1224 1007 dictam
1255 958 1418 1018 crucem,
1456 948 1494 1006 et

82 1059 181 1163 spuit
193 1060 299 1165 juxta
319 1089 413 1137 eam.
435 1060 580 1138 Deinde
599 1062 767 1168 precepit
786 1062 819 1137 e'i
839 1061 944 1166 quod
965 1062 1193 1138 oscularetur
1212 1089 1299 1137 eum
1318 1077 1418 1136 retro
1431 1083 1493 1137 su.

80 1217 146 1293 pra
164 1190 347 1280 braccale,
366 1193 454 1297 quia
474 1192 670 1298 oportebat
692 1193 744 1269 sic
767 1218 855 1269 eum
872 1191 1008 1279 facere,
1032 1210 1070 1268 et
1094 1191 1280 1268 osculatus
1305 1188 1377 1266 fuit
1404 1219 1491 1267 eum

81 1319 120 1394 in
145 1320 245 1397 dicto
264 1322 347 1399 loco
368 1350 477 1429 supra
494 1323 682 1399 camisiam
699 1340 743 1400 ut
757 1321 875 1398 levius
890 1323 1027 1427 potuit,
1048 1350 1117 1398 nec
1133 1324 1201 1399 scit
1217 1323 1248 1397 si
1264 1321 1387 1427 tetigit
1404 1349 1491 1398 eum

82 1476 162 1541 ore,
184 1453 272 1556 quia
289 1451 438 1528 volebat
455 1482 496 1529 se
516 1453 708 1558 expedire,
731 1481 816 1529 cum
838 1450 1078 1556 displicerent
1096 1452 1168 1528 sibi
1185 1452 1352 1557 predicta
1371 1468 1410 1527 et
1426 1481 1492 1529 vo-

78 1577 210 1656 luisset
227 1597 317 1656 tune
334 1582 450 1688 magis
468 1610 546 1659 esse
563 1598 731 1659 remotus
749 1608 816 1687 per
836 1597 986 1656 centum
1009 1581 1160 1658 leuchas
1176 1609 1289 1687 quam
1306 1579 1376 1667 ibi,
1395 1582 1492 1657 sicut

79 1710 181 1786 dixit.
203 1713 284 1788 Non
310 1729 436 1789 tamen
457 1713 550 1789 dixit
576 1714 609 1789 ei
638 1712 741 1820 quod
760 1712 927 1817 predicta
954 1729 1078 1788 essent
1097 1711 1144 1788 de
1167 1711 1316 1816 punctis
1335 1711 1487 1788 ordinis.

77 1839 185 1930 Item,
202 1841 301 1920 ‚dixit
320 1870 358 1918 se
379 1842 529 1918 credere
550 1842 655 1948 quod
675 1840 924 1917 communiter
944 1840 1004 1915 alii
1025 1841 1281 1946 reciperentur
1299 1841 1337 1914 in
1358 1840 1489 1917 ordine

78 1995 145 2071 per
165 1970 329 2046 eundem
349 1970 518 2047 modum.
548 1970 624 2049 Sed
649 1970 766 2046 nescit
791 1969 1100 2045 certitudinaliter
1127 1970 1156 2045 si
1181 1971 1232 2046 ita
1255 1971 1380 2061 fieret,
1401 1973 1489 2077 quia

78 2124 154 2172 non
176 2098 396 2176 interfuerat
414 2099 583 2205 capitulis
603 2127 736 2176 eorum
755 2127 824 2175 nec
842 2100 1051 2203 recepcioni
1073 2098 1228 2205 alicujus
1247 2099 1400 2177 alterius
1418 2099 1485 2175 sra-

76 2227 144 2301 tris
169 2227 284 2331 ipsius
311 2228 453 2305 ordinis
477 2229 548 2304 nisi
569 2228 701 2319 semel,
723 2229 874 2334 quando
898 2227 1010 2304 frater
1027 2227 1185 2304 Iacobus
1206 2229 1252 2304 de
1272 2228 1368 2306 Villa
1388 2230 1488 2305 Pari-

77 2357 130 2430 sia
150 2358 311 2434 serviens
328 2356 401 2433 fuit
419 2375 591 2462 receptus
610 2357 711 2462 apud
730 2356 960 2434 Chambucle
980 2357 1206 2432 Senonensis
1226 2356 1399 2445 diocesis,
1421 2387 1489 2462 per

77 2485 226 2564 fratrem
243 2488 451 2564 Johannem
472 2487 519 2565 de
536 2489 646 2575 Tara,
667 2503 803 2562 testem
823 2513 933 2590 supra
951 2501 1143 2589 receptum
1164 2502 1201 2560 et
1220 2487 1484 2576 examinatum,

78 2633 115 2689 et
134 2617 173 2690 in
192 2617 408 2720 recepcione
433 2616 521 2691 dicti
546 2615 669 2691 fratris
693 2613 819 2714 Iacobi
844 2613 999 2689 luerunt
1021 2628 1160 2689 servata
1180 2615 1306 2690 omnia
1332 2642 1407 2720 que
1426 2645 1488 2692 su·

75 2773 141 2848 pra
161 2745 335 2851 deposuit
361 2746 408 2823 de
426 2774 465 2823 se
485 2747 566 2853 ipso
585 2772 705 2851 usqu-e
730 2745 776 2820 ad
794 2743 1039 2820 tradicionem
1060 2745 1237 2821 montelli.
1264 2747 1351 2822 Post
1371 2774 1486 2852 quam

76 2873 231 2978 quidem
249 2873 496 2952 tradicionem
520 2875 622 2951 idem
643 2873 749 2950 testis
772 2873 926 2949 recessit
944 2873 1050 2964 inde,
1071 2873 1159 2979 quia
1178 2873 1340 2952 habebat
1358 2903 1485 2953 curam

77 3001 175 3079 furni
198 3005 236 3078 in
261 3031 339 3108 quo
359 3004 520 3081 debebat
538 3005 662 3081 statim
688 3003 794 3108 panis
816 3003 925 3107 poni,
948 3019 985 3078 et
1010 3029 1086 3078 non
1105 3002 1197 3079 vidit
1221 3004 1314 3109 quid
1332 3002 1409 3081 fuit
1422 3033 1485 3082 ex·

75 3148 165 3206 tunc
184 3130 236 3207 ibi
257 3146 397 3220 actum,
422 3151 465 3209 ut
483 3133 585 3210 dixit.
1377 3160 1380 3165 “

121 3260 240 3349 Item,
272 3288 386 3367 super
414 3289 436 3341 v
461 3279 498 3338 et
524 3289 547 3339 x
571 3260 830 3367 sequentibus,
860 3260 907 3336 de
936 3260 1263 3366 dogmatizacionc,
1292 3263 1482 3368 spuicione

75 3390 193 3466 crucis
219 3407 256 3467 et
281 3406 378 3479 cate,
413 3393 607 3499 respondit
634 3420 673 3470 se
697 3390 815 3467 nichil
838 3390 932 3467 scire
952 3392 1023 3467 nisi
1051 3392 1154 3497 quod
1178 3419 1290 3497 supra
1309 3391 1484 3496 deposuit

75 3517 121 3594 de
141 3520 333 3625 spuicione
354 3525 483 3601 crucis.

129 3651 238 3742 Item,
267 3651 314 3728 ad
335 3679 396 3731 xvx
418 3670 456 3729 et
476 3678 526 3731 vu
547 3669 746 3758 sequentes
770 3647 965 3756 respondit
983 3675 1022 3724 se
1042 3675 1118 3724 non
1139 3648 1289 3726 credere
1309 3663 1482 3725 contenta

74 3779 114 3852 in
123 3778 213 3882 ipsis
229 3780 392 3858 articulis
407 3808 487 3857 esse
499 3808 602 3870 vera,
619 3799 657 3858 et
669 3780 774 3886 quod
786 3779 864 3885 ipse
879 3776 1055 3853 credebat
1068 3794 1294 3855 sacramenta
1304 3778 1478 3856 Ecclesie.

131 3907 238 3995 Item,
261 3936 372 4013 super
393 3911 577 3988 contentis
601 3910 640 3986 in
663 3935 763 3986 xx11u
781 3925 818 3984 et
836 3934 858 3986 v
879 3906 1123 4013 sequentibus
1142 3909 1336 4011 respondit
1359 3935 1398 3984 se
1422 3909 1481 3983 ni-

75 4035 150 4113 chil
168 4037 272 4114 scire.

128 4169 240 4260 Item,
268 4195 381 4274 super
402 4197 491 4257 xxx,
518 4195 664 4257 xxx1,11
691 4185 729 4245 et
757 4193 812 4256 nr,
841 4167 888 4243 de
914 4165 1065 4254 osculis,
1093 4167 1287 4271 respondit
1305 4194 1344 4244 se
1363 4168 1479 4246 nichil

74 4298 165 4375 scire
185 4298 257 4374 nisi
279 4300 383 4406 quod
402 4328 514 4406 supra
533 4299 719 4407 deposuit.

130 4431 239 4518 Item,
256 4457 368 4536 super
387 4447 512 4508 ‘xxxrm
529 4448 567 4508 et
580 4456 603 4510 v
617 4429 812 4537 respondit
827 4427 931 4535 quod
944 4427 1067 4504 statim
1081 4454 1150 4534 pro
1171 4425 1346 4533 professis
1363 4427 1477 4505 habe·

72 4559 221 4645 bantur,
238 4560 304 4636 sed
318 4588 395 4637 non
404 4560 700 4668 jurabant'quod
716 4587 793 4636 non
813 4557 957 4635 exirent
971 4557 1155 4634 ordinem.
1531 4542 1535 4548 ¹

128 4689 241 4774 Item,
258 4707 432 4768 contenta
442 4692 482 4768 in
497 4716 658 4771 xxxv1-rx
671 4688 867 4795 respondit
884 4715 923 4765 se
939 4682 1090 4765 credere
1103 4714 1190 4767 vera
1204 4714 1295 4765 esse.

127 4818 237 4907 Item,
259 4845 371 4926 super
391 4823 575 4899 contentis
592 4822 631 4898 in
648 4848 694 4899 xx
709 4835 748 4897 et
765 4845 825 4898 xxx
841 4814 1103 4924 sequentibus,
1125 4818 1173 4895 de
1190 4816 1346 4895 crimine
1366 4815 1478 4895 sodo·

157 4952 265 5017 crocis
286 4975 339 5019 urs
358 4977 577 5021 rmum.-
589 4979 609 5021 r.
1332 4954 1371 5017 ¹4²
