4080 6052
476 533 1120 627 rnoctsnas-ranrums.
1361 497 1367 507 ’
1433 561 1506 637 scs

88 689 322 796 cipiebantur
348 703 369 764 a
394 691 652 797 receptoribus
675 688 788 798 quod,
799 707 979 795 negarent
1000 691 1128 773 Deum
1147 692 1205 768 vel
1223 694 1378 771 thesum
1398 698 1507 776 Chri-

27 928 31 933 ·
87 838 205 907 stum,
234 835 272 898 et
290 819 395 925 quod
418 840 600 926 spuerent
625 849 740 928 super
760 821 973 930 ymaginem
990 821 1050 900 vel
1066 848 1180 929 supra
1200 851 1369 915 crucem3
1391 843 1429 902 et
1445 855 1505 905 re-

87 951 183 1057 cepti
204 951 457 1057 abnegabant,
476 954 545 1031 sed
569 952 769 1060 aliquando
793 951 968 1030 dicebant
989 954 1096 1062 quod
1119 953 1352 1060 abnegabant
1376 982 1441 1033 ore
1468 975 1506 1034 et

84 1107 162 1158 non
175 1080 301 1172 corde,
317 1096 357 1156 et
371 1081 557 1184 spuebant
574 1083 766 1189 velsupra
780 1082 842 1160 vel
853 1082 959 1189 juxta
980 1111 1142 1161 crucem.
1162 1084 1368 1163 Dicebatur
1387 1086 1505 1164 eciam

85 1211 229 1289 eisdem
246 1208 404 1315 receptis
424 1212 464 1287 in
481 1212 764 1318 recepcionibus
784 1239 937 1304 eorum,
958 1213 1113 1319 quodsi
1134 1212 1318 1290 haberent
1340 1206 1503 1293 calorem

86 1340 312 1431 naturalem,
350 1343 453 1447 quod
485 1361 658 1447 poteraut
688 1343 883 1421 carnaliter
919 1343 1153 1419 commisceri
1203 1371 1289 1421 cum
1325 1343 1504 1424 fratribus

86 1497 239 1559 eorum;
260 1487 298 1548 et
313 1472 451 1576 recepti
472 1473 737 1551 osculabantur
749 1488 984 1576 receptorem
996 1472 1102 1547 ‚inter
1122 1471 1348 1547 umbilicum
1365 1490 1403 1548 et
1417 1503 1504 1579 pec·

83 1617 144 1677 tus
170 1601 211 1675 in
238 1627 346 1678 carne
378 1603 493 1679 nuda.
525 1604 580 1679 Et
606 1601 748 1679 audivit
780 1601 870 1689 dici,
898 1600 1000 1695 licet·
1016 1628 1093 1677 non
1123 1601 1274 1690 viderit,
1301 1602 1407 1707 quod
1437 1602 1503 1680 ali-
1593 1589 1595 1593 ‚

56 1709 247 1834 'quando
261 1731 403 1835 recepti
432 1730 697 1809 osculabantur
727 1731 949 1836 recipientes
977 1729 1017 1805 in
1046 1756 1129 1805 ano.
1160 1731 1376 1835 Requisitus
1406 1761 1501 1839 quo·

80 1858 197 1935 modo
216 1858 356 1936 sciebat
378 1861 562 1965 predicta,
591 1859 786 1965 respondit
809 1858 914 1965 quod
941 1857 1093 1964 quando
1122 1858 1202 1962 ipse
1231 1858 1304 1935 suit
1329 1879 1501 1967 receptus

82 2013 151 2088 per
170 1985 324 2066 fratrem
351 1990 551 2095 Hugonem
581 1989 628 2066 de
649 1987 822 2075 Peraldo,
842 2004 933 2065 tunc
955 2004 1215 2092 preceptorem
1234 1987 1438 2095 d’Espalbi,
1456 1992 1500 2068 in

83 2115 168 2193 aula
192 2115 329 2194 domus
346 2118 496 2223 Templi
516 2118 563 2200 de
584 2117 725 2196 Valleia
745 2116 943 2196 Trecensis
962 2116 1136 2205 diocesis,
1149 2119 1321 2224 ,quadam
1342 2120 1403 2196 die
1422 2121 1500 2199 Du-

83 2245 219 2323 minica
237 2264 326 2353 post
340 2246 480 2325 festum
499 2247 599 2324 beati
618 2244 795 2353 Remigii,
814 2246 984 2352 proximo
1003 2247 1227 2350 preteritum
1242 2247 1398 2325 luerunt
1416 2277 1498 2342 xxvt
1615 2263 1616 2268 ’

82 2376 168 2452 anni
183 2376 242 2454 vel
259 2376 371 2465 circa,
392 2377 635 2482 presentibus
651 2372 830 2454 iratribus
848 2376 960 2452 Petro
981 2374 1028 2451 de
1047 2374 1256 2465 ,Vaucellic
1280 2376 1498 2473 Guanlredc

82 2505 131 2582 de
146 2507 301 2594 Trecbi,
322 2506 541 2587 Matheo-de
564 2506 822 2595 Pullencourt,
843 2507 1003 2610 Hugone
1028 2504 1240 2613 Burgundi,
1262 2505 1435 2611 Philippo
1451 2508 1498 2586 de

81 2613 313 2725 Manebiaco,
343 2652 381 2712 ct
406 2635 586 2742 quodam,
600 2653 729 2713 vocato
752 2634 975 2713 Emaliando
1006 2634 1253 2713 servientibus
1283 2635 1495 2729 deffuuctis.

77 2757 180 2845 'cum
199 2766 279 2870 ipse
303 2766 407 2842 testis
425 2766 598 2870 peciisset
615 2793 752 2872 panem
769 2783 815 2847 et
837 2793 971 2872 aquam
996 2782 1034 2843 et
1053 2765 1269 2861 societatem
1289 2765 1497 2870 proborum

81 2894 237 2986 ordinis,
270 2910 308 2969 et
337 2893 459 2970 dictus
488 2912 660 3000 receptor
689 2895 944 3000 respondisset
962 2894 1066 3000 quod
1089 2923 1171 2972 rem
1193 2896 1497 3000 grandempete-

80 3023 160 3115 bat,
179 3041 216 3101 et
230 3025 335 3130 quod
351 3024 449 3101 benc
465 3024 709 3115 deliberaret,
722 3027 812 3130 quia
828 3025 1067 3117 renunciaret
1079 3025 1231 3129 proprie
1244 3025 1441 3120 voluntati,
1459 3043 1497 3102 et

80 3153 235 3258 quaudo
254 3153 366 3231 vellet
382 3182 467 3232 esse
487 3155 583 3237 citra.-
596 3182 703 3231 mere·
718 3170 1017 3259 oportereteum
1036 3180 1116 3233 esse
1137 3155 1252 3246 ultra,
1274 3172 1312 3232 et
1327 3155 1496 3261 sigillare

80 3283 233 3391 quaudo
250 3283 364 3365 vellet
377 3283 559 3376 dormire,
582 3286 777 3364 etesurire
791 3284 943 3391 quaudo
957 3283 1071 3363 vellct
1085 3285 1299 3375 comedere,
1320 3302 1359 3362 et
1368 3269 1495 3365 multa

80 3414 231 3504 similia,
258 3414 420 3495 finaliter
445 3445 532 3493 cum
555 3417 711 3495 instaret
735 3415 858 3496 dictus
883 3416 992 3495 testis
1011 3443 1085 3521 pro¹
1099 3417 1434 3520 recepcionesua,
1458 3434 1497 3492 et

80 3547 201 3625 dictus
226 3564 398 3653 receptor
427 3546 670 3627 deliberasset
697 3575 785 3625 cum
811 3544 991 3625 frauihus
1013 3546 1235 3634 astantibus,
1269 3544 1362 3620 dixit
1390 3545 1496 3649 quod

78 3678 261 3781 reciperet
276 3705 380 3767 eum,
398 3694 437 3754 et
451 3676 540 3777 lecit
559 3706 649 3755 eum
661 3703 794 3755 vovere
811 3692 850 3752 et
859 3676 988 3782 jurare
1004 3702 1118 3779 super
1131 3673 1336 3780 quemdam
1352 3671 1494 3763 librum

79 3831 223 3881 servare
244 3805 466 3890 castitatem,
482 3805 602 3880 vivere
623 3806 702 3880 siue
717 3802 888 3909 proprio,
906 3819 943 3879 et
955 3801 1109 3879 obedire
1122 3801 1381 3907 superioribus
1398 3801 1493 3892 suis,

80 3949 118 4008 ct
145 3946 290 4010 serrare
321 3931 560 4013 bonosusus
587 3949 628 4009 et
652 3932 772 4011 bonas
795 3931 1089 4011 eonsuetudines
1104 3930 1273 4023 ordinis,
1297 3959 1372 4036 que
1400 3946 1495 4019 tunc

80 4079 186 4141 erant
210 4078 248 4139 et
273 4090 348 4168 que
370 4062 644 4167 inponerentur
669 4062 711 4139 in
741 4078 935 4166 posterum
958 4088 1032 4166 par.
1051 4061 1263 4165 superiores
1276 4061 1434 4148 ordinis,
1458 4076 1496 4136 et

80 4192 206 4271 omnia
232 4207 372 4298 puncta
399 4191 560 4282 ordinis;
591 4206 629 4268 et
654 4190 759 4298 quod
772 4190 940 4296 juraret,
965 4217 1036 4296 pro,
1053 4217 1269 4294 posse-suo,
1292 4190 1367 4267 sive
1395 4206 1494 4274 esset

80 4322 292 4411 citramare
310 4323 385 4401 sive
404 4321 505 4401 ultra
530 4348 648 4412 mare,
674 4321 722 4398 ad
746 4319 1017 4428 acquirendum
1042 4347 1204 4426 regnum
1229 4319 1494 4399 ierosolimita-

80 4478 192 4538 uum3
215 4469 252 4529 et
270 4452 376 4558 quod
396 4468 599 4529 nou-esset
624 4451 666 4527 in
693 4450 820 4558 aliquo
843 4449 933 4528 loco
957 4451 1107 4556 inquo
1132 4449 1271 4532 nobilis
1294 4450 1410 4529 bomo
1435 4448 1493 4528 vel

80 4580 219 4657 mulier
242 4582 532 4661 exheredaretur
554 4581 711 4687 injuste,
733 4599 772 4659 et
789 4581 997 4688 quodnon
1015 4579 1223 4659 dimitteret
1248 4578 1389 4689 dictam
1405 4578 1492 4656 reli-

78 4709 232 4818 gionem
248 4737 318 4816 pro
329 4712 478 4791 meliori
497 4713 557 4791 vel
574 4712 713 4820 pejori,
726 4711 868 4820 absque
885 4710 1041 4791 licencia
1059 4710 1301 4818 superiorum
1319 4737 1488 4797 cuorum.

78 4839 167 4925 Post
191 4844 297 4948 quod
323 4843 480 4950 quidem
502 4844 763 4955 juramentum
785 4845 1104 4952 dictamrcceptor
1130 4843 1298 4951 precepit
1323 4841 1359 4923 ei
1387 4841 1492 4948 quod

1295 4979 1344 5039 50.
