4080 6052
498 541 544 615 oa
880 514 1077 608 procus
1102 534 1197 605 oss
1223 531 1526 605 rennuens.

497 681 589 761 dixit
600 698 691 759 tunc
705 676 809 783 quod
822 701 916 766 non,
931 675 1020 782 quia
1034 690 1161 778 captus
1176 689 1255 749 erat
1270 690 1309 750 et
1321 671 1481 751 nesciret
1494 669 1702 750 defendere
1711 701 1812 753 eum.
1822 676 1920 757 ltem

496 812 744 917 interrogatus
760 825 889 885 utrum
903 820 1157 912 perseveraret
1173 800 1214 879 in
1232 800 1465 881 confessione
1484 824 1600 909 quam
1618 802 1757 884 fecerat
1775 806 1814 883 in
1832 836 1922 915 pre·

497 940 618 1019 senoia
640 939 783 1031 domini
806 936 1021 1015 Parisiensis
1040 933 1220 1040 episcopi,
1247 931 1341 1011 dixit
1359 934 1466 1040 quod
1496 933 1566 1020 sic,
1588 953 1741 1043 excepto
1766 957 1920 1044 peccato

496 1069 682 1158 sodomie‚
698 1097 811 1174 quam
827 1065 1098 1144 confessionem
1112 1062 1161 1140 de
1175 1062 1275 1140 dicto
1296 1081 1446 1168 peocmo
1460 1064 1495 1140 si
1512 1061 1667 1154 fecerat,
1687 1088 1921 1147 revocaverat

409 1271 417 1283 ,
496 1199 601 1292 alias,
626 1217 670 1277 ut
694 1196 884 1287 credebat,
906 1212 945 1272 et
969 1195 1093 1279 adhuc
1118 1190 1312 1271 retocabet
1331 1192 1526 1271 eamdem.
1547 1197 1643 1272 Item
1669 1196 1919 1306 interrogatus

496 1358 610 1434 quare
631 1355 718 1436 ergo
739 1325 876 1401 fecerat
900 1324 1036 1400 dictam
1058 1321 1345 1412 confessionem,
1368 1323 1461 1399 dixit
1484 1324 1589 1430 quod
1607 1322 1730 1402 fuerat
1755 1329 1920 1434 questio-

496 1475 606 1555 natus
629 1475 705 1535 tres
725 1481 875 1533 menses
905 1469 1011 1531 erant
1035 1451 1152 1557 elapsi
1173 1468 1277 1543 ante,
1296 1468 1336 1529 et
1350 1452 1556 1532 dubitabat
1581 1454 1672 1560 poni
1701 1456 1840 1534 iterum
1871 1460 1917 1535 nd

496 1604 696 1676 tormenta,
721 1584 809 1691 quia
837 1583 958 1661 fuerat
989 1581 1166 1659 infirmus
1189 1581 1336 1659 racione
1365 1582 1521 1662 illorum
1544 1601 1822 1664 tormentorum
1851 1615 1920 1692 per

497 1745 649 1795 annum.

551 1981 638 2058 Post
659 1981 729 2059 heo
752 1977 865 2055 frater
888 1973 1048 2053 Poncius
1064 1973 1111 2052 de
1131 1974 1238 2053 Bono
1260 1974 1389 2083 Opere
1412 1976 1598 2055 adductus
1619 1979 1667 2055 ad
1685 1979 1916 2084 presenciam

497 2110 682 2188 dictorum
703 2107 945 2185 dominorum
963 2103 1324 2194 commissariorum,
1343 2107 1548 2213 requisitus
1567 2107 1597 2187 si
1616 2108 1765 2185 volebat
1788 2108 1920 2186 defen-

497 2237 587 2317 dere
607 2237 751 2315 dictum
765 2235 954 2327 ordinem,
967 2233 1060 2313 dixit
1075 2235 1181 2342 quod
1194 2235 1359 2313 libenter
1372 2237 1486 2315 vellet
1497 2237 1711 2327 defendere,
1729 2238 1759 2314 si
1773 2256 1915 2344 posset,

497 2368 563 2444 sed
578 2395 720 2473 pauper
733 2367 849 2443 homo
865 2381 957 2452 erat,
976 2382 1014 2440 et
1033 2383 1110 2442 erat
1124 2383 1267 2473 captus,
1284 2384 1438 2473 propter
1457 2368 1562 2474 quod
1582 2396 1659 2444 non
1677 2386 1833 2472 poterat.
1854 2373 1920 2447 Re

496 2497 654 2605 quisitus
667 2497 696 2574 si
712 2494 860 2574 volebat
878 2493 1020 2599 aliquid
1041 2495 1164 2574 dicere
1189 2496 1294 2602 quod
1311 2523 1387 2570 non
1409 2498 1676 2599 procederetur
1694 2497 1742 2571 ad
1761 2497 1918 2602 inquisi-

496 2628 644 2706 cionem
662 2625 887 2714 faciendam,
909 2623 1001 2701 dixit
1026 2625 1130 2731 quod
1155 2624 1209 2702 nil
1232 2650 1301 2727 pm
1322 2622 1453 2698 ordine
1479 2650 1549 2698 nec
1573 2640 1700 2699 contra
1723 2625 1915 2716 ordinem,

420 2798 426 2813 =
496 2757 678 2862 quamdiu
695 2771 792 2832 esset
805 2754 844 2831 in
863 2753 1039 2862 prisione.

553 3017 641 3093 Post
659 3017 745 3107 hec,
763 3017 824 3095 die
838 3018 993 3097 Veneris
1013 3028 1097 3094 onte
1115 3011 1255 3091 festum
1268 3012 1368 3093 beati
1393 3012 1558 3105 Andree,
1575 3017 1807 3125 congregatis
1832 3046 1917 3124 pre-

500 3146 606 3223 dictis
619 3146 781 3225 dominis
800 3145 1060 3225 commissoriis
1077 3144 1117 3220 in
1141 3172 1288 3222 camera
1306 3164 1391 3251 post
1410 3146 1534 3223 aulam
1555 3148 1761 3254 predictam
1781 3150 1820 3225 in
1844 3179 1918 3256 qua

498 3277 710 3386 congregari
735 3294 1015 3368 consueverant,
1041 3273 1153 3351 frater
1171 3275 1331 3352 lacobus
1354 3276 1402 3353 de
1428 3277 1575 3384 Molayo
1601 3280 1776 3386 Magister
1801 3279 1920 3385 major

498 3407 585 3484 dicti
601 3409 744 3486 ordinis
762 3409 928 3516 Templi,
950 3405 1015 3512 qui
1035 3405 1075 3481 in
1095 3405 1156 3482 die
1171 3407 1347 3483 Mercurii
1366 3409 1535 3513 proxime
1561 3410 1775 3516 precedenti
1802 3410 1921 3514 pecie

496 3555 554 3611 rat
573 3566 592 3612 a
613 3539 719 3616 dictis
744 3540 908 3617 dominis
929 3535 1208 3624 commissoriis,
1230 3529 1335 3642 qnod
1354 3557 1481 3642 posset
1501 3538 1708 3617 deliberare
1729 3565 1846 3643 usque
1871 3540 1919 3617 ad

497 3667 591 3744 hanc
607 3668 707 3746 diem
726 3670 882 3747 Veneris
902 3693 1014 3771 super
1033 3666 1276 3770 responsione
1303 3695 1371 3771 per
1396 3669 1521 3774 ipsum
1542 3671 1636 3747 dicta
1662 3670 1722 3745 die
1742 3670 1918 3746 Mercurii

497 3795 588 3874 facta
612 3828 737 3876 coram
762 3799 815 3872 eis
834 3795 939 3899 quod
968 3794 1142 3871 ordinem
1163 3794 1365 3873 defendere
1384 3797 1549 3884 volebat,
1569 3797 1640 3874 fuit
1666 3798 1850 3875 adductus
1871 3801 1920 3875 ad

498 3929 728 4032 presenciam
743 3922 967 4000 eorumdem
983 3923 1225 4004 dominorum
1245 3927 1585 4004 commissariorum
1599 3954 1668 4033 per
1689 3929 1922 4034 supradictos

498 4059 731 4163 prepositum
742 4055 995 4134 Pictavensem
1009 4073 1048 4133 et
1058 4057 1268 4166 lohannem
1283 4058 1330 4134 de
1345 4059 1529 4150 lamvilla,
1552 4075 1589 4136 et
1607 4057 1679 4135 fuit
1697 4059 1921 4162 regraciatus

499 4187 642 4263 eisdem
662 4186 825 4264 dominis
853 4185 1115 4266 commissoriis
1143 4188 1191 4265 de
1213 4186 1319 4265 ‘dicta
1345 4186 1527 4266 dilacione
1559 4188 1606 4263 ad
1630 4185 1919 4264 deliberandum

499 4343 672 4392 concessa
691 4316 830 4411 eidem,
853 4335 891 4395 et
910 4318 999 4422 quia
1017 4319 1200 4425 majorem
1226 4347 1265 4395 se
1294 4320 1446 4395 daturos
1471 4318 1598 4394 eidem
1626 4315 1857 4407 obtulerant,
1889 4321 1919 4396 si

499 4424 597 4552 dicto
608 4447 784 4553 Magistro
794 4477 878 4526 eam
890 4448 1054 4553 accipere
1065 4448 1278 4553 placuisset,
1294 4467 1331 4526 et
1342 4450 1381 4525 in
1395 4448 1477 4539 hoc,
1492 4446 1588 4522 sicut
1598 4444 1700 4537 dixit,
1717 4467 1919 4551 posuerant

499 4558 648 4684 frenum
667 4604 781 4679 super
800 4577 942 4657 collum
961 4579 1053 4685 ejus
1075 4579 1325 4686 Interrogatus
1338 4594 1497 4655 autema
1517 4576 1625 4655 dictis
1639 4577 1804 4656 dominis
1823 4609 1919 4657 com-

501 4695 677 4811 missoriis
694 4704 724 4798 si
740 4707 888 4787 volebat
906 4685 1107 4790 defendere
1123 4708 1296 4786 ordinem
1313 4707 1585 4815 supradictum,
1600 4711 1794 4815 respondit
1813 4708 1917 4816 qnod

499 4833 577 4938 ipse
599 4852 678 4913 erat
696 4836 804 4915 miles
823 4823 1035 4915 illitteratus
1063 4853 1101 4913 et
1124 4867 1276 4944 pauper,
1298 4857 1336 4917 et
1353 4839 1459 4946 quod
1478 4841 1667 4921 audiverat
1697 4841 1735 4917 in
1755 4840 1916 4948 quadam
