4080 6052
524 537 599 613 ns
909 516 1102 611 crocis
1128 536 1223 609 oss
1248 538 1550 613 rsurnisns.

578 698 688 782 Item,
709 694 912 801 requisitus
930 722 1044 801 super
1061 722 1148 786 xxx,
1170 720 1268 785 xxxi,
1285 722 1312 772 11
1326 714 1364 773 et
1378 723 1417 774 ιιι
1432 694 1613 782 articulis,
1636 691 1683 770 de
1703 693 1859 787 osculis,
1880 724 1943 775 re·

523 826 674 934 spondit
690 852 776 902 vera
796 853 875 902 esse
895 841 1079 930 quantum
1098 826 1147 902 ad
1166 823 1339 902 osculum
1364 828 1440 904 oris
1465 843 1503 902 et
1521 825 1627 931 spine
1648 823 1767 915 dorsi,
1789 826 1841 902 de
1859 825 1943 906 eliis

523 958 660 1036 osculis
687 957 779 1032 dixit
805 985 844 1032 se
871 955 988 1032 nichil
1017 955 1127 1044 scire,
1153 983 1224 1031 nec
1249 956 1433 1033 audivisse
1461 956 1551 1045 dici,
1579 982 1649 1031 nec
1675 954 1832 1032 credere
1860 982 1941 1034 esse

521 1117 618 1166 vera.
644 1087 858 1192 Requisitus
881 1084 1076 1193 quomodo
1098 1080 1170 1163 scit
1193 1087 1298 1191 quod
1323 1087 1588 1164 osculabantur
1612 1086 1652 1160 in
1681 1110 1746 1161 ore
1774 1102 1814 1162 et
1836 1088 1944 1193 spina

524 1219 641 1308 dorsi,
660 1217 855 1322 respondit
870 1216 1032 1323 quod-in
1049 1215 1268 1321 recepcione
1287 1243 1355 1293 sua
1374 1218 1442 1294 iste
1460 1217 1568 1294 testis
1585 1215 1657 1292 lixit
1675 1215 1867 1294 osculatus
1882 1246 1943 1294 rc·
1980 1276 1985 1291 .

523 1345 722 1454 cipientem
742 1347 781 1422 in
801 1373 866 1423 ore
887 1363 925 1422 et
944 1346 1048 1451 spina
1069 1345 1186 1436 dorsi,
1206 1363 1245 1422 et
1262 1345 1356 1423 vidit
1374 1348 1477 1424 idem
1496 1345 1579 1424 fieri
1599 1346 1638 1422 in
1657 1344 1943 1451 recepcimibus

523 1476 684 1552 aliorum
703 1476 961 1580 predictorum
980 1473 1120 1581 quibus
1139 1475 1369 1553 interfuerat

577 1606 687 1691 Item,
714 1600 918 1711 requisitus
942 1632 1056 1711 super
1073 1622 1256 1711 xxxmget
1273 1632 1297 1685 ι
1315 1605 1498 1692 articulis,
1526 1606 1574 1682 de
1593 1606 1812 1714 juramento
1834 1604 1941 1712 quod

521 1762 598 1812 non
615 1735 757 1811 exirent
770 1735 944 1813 ordinem
959 1753 997 1812 et
1010 1734 1117 1841 quod
1131 1734 1255 1813 statim
1268 1734 1479 1812 habeantur
1489 1762 1560 1841 pno
1575 1733 1769 1841 professis,
1781 1761 1941 1840 respon·

385 1888 388 1894 ·
522 1866 579 1942 dit
598 1881 677 1941 e'sse
695 1891 803 1941 veros
827 1865 1018 1956 articulos,
1039 1863 1204 1941 reddens
1226 1892 1375 1942 causam
1400 1865 1488 1971 quia
1511 1865 1591 1969 ipse
1607 1864 1797 1971 juraverat
1811 1863 1852 1938 in
1869 1891 1940 1940 sua

521 1993 741 2098 recepcione
766 2012 803 2070 et
828 1993 949 2070 fuerat
972 1993 1043 2070 sibi
1069 1994 1212 2070 dictum
1238 1993 1343 2101 quod
1366 2023 1435 2101 pro
1459 1992 1628 2099 professo
1655 1991 1881 2084 habebatur,
1902 2009 1941 2071 et

521 2123 611 2228 quia
630 2124 680 2198 ita
698 2123 792 2199 vidit
816 2123 898 2199 lieri
919 2124 957 2200 in
977 2123 1058 2200 aliis
1076 2123 1361 2229 recepcionibus
1381 2125 1428 2200 de
1452 2105 1592 2229 quibus
1619 2150 1731 2227 supra
1749 2120 1936 2228 deponit

521 2251 723 2331 Addiciens
739 2255 842 2360 quod
860 2254 1072 2331 incarcerati
1090 2253 1247 2330 finissent
1263 2254 1293 2330 si
1312 2254 1377 2360 qui
1396 2254 1589 2332 exivissent
1605 2252 1747 2330 dictum
1765 2251 1937 2330 ordinem

521 2400 559 2459 et
578 2385 673 2488 capti
695 2383 778 2490 [sic]
798 2385 1008 2489 potuissent
1026 2382 1073 2460 ab
1094 2385 1159 2460 eis.
1880 2390 1887 2402 ‘

575 2512 686 2602 Item,
704 2514 909 2620 requisitus
924 2541 1038 2619 super
1051 2539 1158 2592 xxxvi
1175 2530 1213 2590 et
1227 2540 1277 2593 ιιι
1292 2511 1476 2599 articulis,
1495 2512 1600 2620 quod
1616 2509 1861 2590 clamdestine
1873 2511 1939 2590 lie·

520 2643 610 2720 bant
628 2644 867 2749 recepciones
884 2661 921 2719 et
936 2628 1052 2719 nullis
1070 2643 1307 2748 presentibus
1326 2643 1397 2720 nisi
1417 2640 1594 2719 fratribus
1613 2641 1773 2729 ordinis,
1790 2670 1939 2749 respon

521 2773 577 2847 dit
595 2801 679 2848 vera
699 2801 795 2859 esse,
818 2791 856 2849 et
874 2772 1000 2850 reddit
1017 2799 1165 2850 causam
1185 2789 1229 2849 ut
1247 2773 1286 2849 in
1304 2773 1483 2879 proximis
1502 2770 1679 2848 articulis.

575 2901 686 2988 Item,
706 2904 911 3007 requisitus
930 2872 1045 3007 super
1062 2928 1196 2982 xxxvxn
1217 2920 1254 2979 et
1272 2930 1348 2982 ιιιιι
1368 2903 1549 2989 articulis,
1570 2902 1676 3008 quod
1695 2903 1858 3008 suspicio
1876 2930 1938 2977 ve-

520 3028 679 3133 hemens¹
693 3030 903 3107 habebatur
916 3047 1042 3107 contra
1058 3033 1248 3120 ordinem,
1265 3049 1355 3119 etc,
1373 3032 1568 3138 respondit
1582 3059 1668 3107 vera
1683 3059 1764 3109 esse
1780 3047 1819 3108 et
1829 3030 1937 3136 qnod

521 3158 600 3262 ipse
628 3158 817 3234 audiverat
842 3160 970 3266 viginti
997 3161 1083 3236 anni
1109 3161 1215 3239 erant
1234 3162 1349 3268 elapsi
1369 3180 1409 3239 et
1426 3164 1647 3269 priusquam
1666 3161 1801 3241 luisset
1817 3163 1857 3238 in
1876 3190 1937 3240 or-

495 3286 692 3377 .dine,''et
718 3305 802 3393 post
826 3317 846 3363 a
870 3288 1045 3394 pluribus
1070 3293 1240 3395 personis
1270 3309 1307 3368 et
1335 3293 1373 3367 in
1401 3292 1577 3398 pluribus
1605 3292 1697 3372 locis
1722 3294 1771 3371 de
1797 3291 1939 3399 quihus

520 3417 612 3493 dixit
630 3445 669 3493 se
688 3446 765 3495 non
785 3418 984 3495 recordari.
1735 3520 1740 3528 ἱ

547 3598 551 3607 -
572 3548 683 3634 Item,
705 3549 909 3654 requisitus
928 3577 1041 3654 super
1059 3574 1187 3629 ιιι-ιιι
1207 3549 1386 3640 articulis,
1409 3553 1514 3658 quod
1531 3551 1661 3629 fratres
1672 3562 1843 3654 poterant
1855 3576 1937 3623 car-

517 3676 651 3752 naliter
674 3678 921 3767 commisceri,
943 3678 1138 3782 respondit
1164 3679 1268 3784 quod
1287 3707 1363 3757 non
1388 3678 1578 3770 credebat,
1600 3707 1667 3755 nec
1688 3674 1843 3762 sciebat,
1865 3704 1938 3752 nec

518 3807 708 3883 audiverat
718 3806 808 3893 dici,
825 3807 984 3883 existens
996 3807 1036 3882 in
1049 3807 1198 3894 ordine,
1213 3825 1387 3884 contenta
1399 3811 1437 3884 in
1451 3810 1557 3885 dictis
1567 3805 1731 3883 articulis
1744 3832 1825 3881 esse
1837 3834 1935 3882 vera.

572 3937 684 4024 Item,
701 3936 903 4042 requisitus
917 3962 1212 4041 superxnv1-nvn
1227 3938 1407 4026 articulis,
1425 3938 1472 4014 de
1488 3937 1707 4013 adoracione
1719 3934 1932 4041 ydolorum,

517 4066 712 4171 respondit
725 4095 764 4143 se
779 4064 895 4141 nichil
911 4065 1019 4152 scire,
1039 4093 1109 4141 nec
1124 4066 1322 4153 audivisse,
1344 4095 1413 4143 nec
1432 4066 1584 4143 credere
1605 4080 1778 4142 contenta
1793 4064 1835 4139 in
1848 4063 1933 4169 ipsis

518 4195 681 4273 articulis
700 4225 780 4274 esse
799 4225 900 4286 vera,
922 4212 960 4272 et
978 4196 1084 4302 quod
1100 4213 1253 4301 propter
1268 4196 1386 4273 dictos
1400 4195 1593 4281 articulos,
1615 4194 1801 4300 quianon
1822 4189 1932 4270 confi·

515 4323 665 4401 tebatur
681 4355 746 4404 eos
762 4355 887 4403 coram
904 4325 1047 4432 baylico
1062 4326 1166 4431 regio
1182 4325 1459 4412 Matisconensi,
1479 4324 1550 4401 suit
1565 4303 1827 4431 questionatus
1842 4349 1932 4429 pon·

516 4454 669 4533 deribus
693 4459 837 4561 apensis
857 4458 895 4533 in
916 4455 1149 4564 genetalibus
1169 4458 1246 4534 suis
1266 4459 1361 4532 etin
1387 4456 1468 4533 aliis
1486 4455 1667 4532 membris
1686 4454 1793 4560 quasi
1814 4480 1931 4560 usque

516 4584 564 4658 ad
583 4584 910 4662 exanimacionem.

570 4711 680 4797 Item,
696 4714 898 4816 requisitus
912 4744 1025 4820 super
1040 4742 1239 4795 ιιιιι-ιιιιιι
1254 4716 1433 4808 articulis,
1451 4717 1498 4793 de
1512 4714 1676 4793 cordulis
1691 4740 1779 4790 cum
1792 4711 1928 4819 quibus

515 4839 712 4948 cingebant
729 4842 851 4946 capud
864 4845 1082 4948 ydolorum,
1101 4848 1296 4952 respoudit
1312 4846 1448 4925 sals-um
1466 4875 1546 4925 esse
1564 4845 1670 4952 quod
1691 4844 1929 4949 cingerentur
