4080 6052
305 558 378 633 see
617 649 623 661 ι
692 538 883 631 esoces
910 557 1005 629 ons
1032 497 1335 628 veneni-sas.

253 709 258 719 '
303 700 443 776 sciebat
460 699 566 806 quod
583 697 752 776 crederet
772 726 883 804 super
904 699 995 783 hoc,
1016 698 1106 802 quia
1129 696 1320 774 nesciebat
1340 723 1409 772 nec
1425 694 1627 772 audiverat
1648 716 1731 779 ante

303 821 518 935 capcioneru
536 858 667 911 eorum
685 830 756 913 nisi
773 828 878 936 quod
890 856 1003 934 supra
1019 828 1206 933 deposuit.
1225 827 1300 904 Sed
1317 844 1402 932 post
1427 827 1650 931 capcionern
1665 857 1731 905 au-

305 962 396 1037 divit
416 961 487 1035 dici
504 961 564 1036 ab
590 959 779 1065 aliquibus
799 958 976 1037 fratribus
991 955 1136 1038 ordinis
1154 986 1240 1034 curn
1262 985 1307 1034 eo
1328 959 1467 1035 carceri
1494 960 1724 1065 mancipatis,

305 1093 352 1166 de
372 1119 535 1196 quorum
562 1117 639 1166 non
658 1088 878 1167 recordatur
895 1086 1132 1174 nominibus,
1154 1086 1259 1192 quod
1280 1087 1446 1192 predicta
1470 1087 1602 1166 illicita
1624 1107 1726 1166 erant

305 1225 351 1298 dc
384 1224 531 1329 punctis
554 1223 712 1309 ordinis3
743 1222 849 1327 plurt
870 1223 1041 1298 nesciens
1059 1222 1108 1297 de
1127 1221 1313 1300 contentis
1332 1221 1369 1296 in
1391 1247 1455 1297 nni
1482 1221 1652 1299 articulis
1669 1251 1729 1299 su-

304 1355 498 1460 pradictis,
517 1383 587 1431 nec
601 1357 641 1430 iu
656 1354 755 1445 aliis,
766 1353 849 1431 ‘hoc
863 1371 1019 1460 excepto
1035 1354 1137 1459 quod
1159 1353 1259 1430 bene
1280 1351 1458 1430 credebat
1474 1352 1731 1431 ecclesiaticis

306 1486 561 1572 sacramentis,
579 1503 617 1561 et
629 1485 750 1561 credit
760 1485 865 1591 quod
879 1484 941 1561 alii
958 1484 1089 1562 fratres
1105 1485 1318 1570 crederent,
1338 1501 1376 1560 et
1395 1484 1507 1589 quod
1525 1507 1662 1561 eorum
1676 1513 1730 1560 sa-

307 1618 478 1693 cerdotes
500 1616 628 1692 debite
653 1616 905 1692 celebrarent.-
924 1593 1006 1698 lien
1035 1614 1157 1692 eredit
1179 1615 1286 1721 quod
1312 1641 1447 1692 eorum
1474 1614 1561 1693 laici
1581 1633 1728 1720 possent

306 1747 497 1824 absolvere
515 1777 534 1822 a
555 1748 731 1852 peccatis,
754 1774 823 1823 neo
850 1747 955 1853 quod
971 1747 1107 1824 fierent
1126 1745 1281 1824 boscula
1299 1746 1519 1834 inhonesta,
1535 1773 1603 1822 nec
1622 1748 1725 1853 quod

306 1880 588 1956 committerent
604 1879 746 1956 crimen
768 1878 1051 1968 sodomiticum,
1074 1905 1143 1953 nec
1167 1878 1270 1982 quod
1299 1876 1485 1956 baberent
1509 1875 1638 1984 ydola,
1661 1906 1727 1954 aec

306 2011 411 2114 quod
435 2009 590 2085 cordula
616 2010 720 2086 unde
747 2007 924 2090 volebant
949 2009 1155 2115 assumpte,
1178 2007 1317 2114 quibus
1340 2007 1597 2117 cingebantur
1624 2038 1730 2113 snpra

308 2141 475 2216 camisias
493 2166 580 2215 cum
597 2138 738 2245 quibus
751 2137 942 2247 jacebant,
963 2156 1161 2246 tergerent
1176 2140 1295 2245 capita
1315 2136 1536 2245 ydolorum.
1555 2141 1730 2217 Jumbant

307 2273 479 2347 ordinem
511 2299 589 2348 non
619 2271 738 2358 exirm
769 2272 893 2347 statim
922 2299 991 2377 pro
1010 2269 1188 2377 professis
1215 2269 1464 2347 habebantur.
1488 2270 1731 2349 clandestine

306 2401 653 2507 recipiebantur,·ex
671 2430 749 2508 quo
765 2401 1003 2509 creditquod
1030 2417 1128 2477 esset
1147 2399 1312 2505 suspicio
1327 2417 1456 2478 contra
1485 2429 1569 2491 eos3
1592 2431 1663 2509 per
1680 2431 1733 2480 sa-
1795 2505 1798 2509 y

307 2553 540 2628 crementum
566 2534 834 2642 injungebatur
855 2533 961 2638 quod
978 2560 1056 2611 nou
1080 2531 1289 2610 revelarent
1314 2549 1457 2609 secreta
1480 2533 1732 2640 capitulorum

246 2769 252 2778 ι
308 2694 377 2742 nec
390 2668 548 2743 modum
570 2665 817 2772 recepcionis;
835 2663 1122 2751 sire'velaesent,
1145 2661 1304 2739 luissent
1323 2663 1460 2768 puniti.
1475 2664 1542 2741 llli
1558 2665 1623 2771 qvai
1643 2666 1732 2742 scie·

308 2799 398 2874 bant
427 2826 572 2874 errores
599 2795 754 2873 luerunt
779 2794 1027 2904 negligentes,
1063 2791 1153 2901 quisi
1185 2821 1262 2870 non
1293 2812 1540 2872 comexerunt
1567 2822 1630 2872 eos
1659 2804 1728 2870 nec

309 2927 629 3004 denunciaverunt
648 2928 823 3006 Ecclesia.
846 2927 977 3007 Credit
1001 2927 1107 3032 quod
1130 2943 1215 3002 ante
1240 2926 1504 3030 recepcionem
1526 2953 1631 3003 suam
1652 2927 1730 3003 ele-

309 3057 454 3132 mosine
467 3075 504 3133 et
518 3058 752 3163 hospitalitas
766 3059 903 3136 melius
917 3075 1156 3136 servarentur
1171 3059 1210 3132 in
1226 3057 1361 3134 ordine
1373 3085 1491 3163 quam
1512 3076 1608 3164 post.
1625 3057 1731 3135 Clam

309 3186 533 3260 tenebantur
553 3186 743 3291 capitulis,
768 3188 833 3263 sed
855 3188 1010 3265 excubie
1031 3216 1109 3267 non
1128 3187 1378 3293 ponebantur.
1402 3190 1525 3264 Totus
1544 3190 1642 3267 ordo
1662 3218 1732 3267 ser-

310 3333 426 3391 vasset
454 3317 559 3421 quod
590 3345 746 3424 magnus
785 3319 957 3425 Magister
987 3349 1075 3398 cum
1108 3337 1293 3398 conventu
1333 3321 1533 3404 statuisset
1568 3321 1731 3399 Grandia

309 3449 480 3524 scandala
496 3466 650 3554 propter
669 3450 834 3554 predicta
855 3470 982 3528 contra
1006 3451 1180 3528 ordinem
1206 3469 1295 3526 sunt
1316 3469 1451 3526 exorta.
1476 3451 1607 3529 Credit
1627 3453 1732 3557 quod

310 3581 418 3655 multi
443 3610 485 3657 ex
509 3582 686 3660 fratribus
712 3583 856 3659 ordinis
877 3585 1015 3660 scirent
1035 3612 1181 3660 errores
1213 3581 1436 3659 consessatcs
1463 3609 1528 3687 per
1554 3611 1664 3666 eum,
1689 3602 1728 3658 et

309 3712 450 3787 audivit
473 3714 578 3819 quod
608 3741 765 3819 magnus
783 3715 961 3821 Magister
970 3732 1009 3791 et
1035 3713 1096 3789 alii
1120 3714 1262 3790 multos
1287 3741 1451 3797 errores,
1470 3714 1590 3790 nescit
1618 3742 1729 3820 quos.

309 3861 395 3917 sum
415 3842 584 3918 confessi.
603 3843 819 3921 Defensioni
836 3845 980 3922 ordinis
1000 3843 1189 3920 obtulitse
1204 3861 1359 3949 propter
1375 3842 1517 3920 malum
1533 3844 1731 3920 consilinm

309 3976 413 4079 quod
435 3973 612 4059 babebat,
634 3977 722 4080 quia
743 3976 938 4053 dubitabat
958 3976 1123 4052 revelare
1145 3976 1310 4080 predicta
1332 4003 1403 4080 pro
1420 4004 1465 4051 eo
1487 3977 1594 4082 quod
1615 3976 1731 4052 dictus

309 4123 480 4208 receptor
496 4106 637 4183 dixerat
658 4108 691 4182 ei
712 4106 817 4212 quod
838 4125 934 4188 esset
954 4107 1127 4214 perditus
1144 4107 1174 4181 si
1194 4134 1236 4182 ea
1258 4105 1449 4182 revelaret.
1469 4109 1688 4213 Requisitus
1704 4107 1730 4181 si

309 4237 360 4308 sic
382 4236 607 4338 deposuerat
627 4265 754 4341 prece,
777 4255 972 4344 precepto,
986 4239 1143 4326 timore,
1167 4266 1313 4326 amore,
1330 4238 1437 4326 odio,
1458 4238 1519 4314 vel
1537 4238 1731 4345 temporali
1753 4263 1759 4277 ·

310 4368 470 4444 comodo
489 4368 618 4445 habito
642 4368 698 4443 vel
721 4367 916 4460 habendo,
937 4368 1133 4476 respondit
1153 4370 1258 4474 quod
1278 4397 1374 4457 non,
1395 4368 1461 4444 sed
1488 4398 1561 4474 pro
1586 4372 1730 4447 veritate

310 4497 477 4575 dicenda.
497 4501 567 4575 Cui
585 4498 657 4576 fuit
681 4501 891 4607 injunctum
908 4501 1014 4607 quod
1034 4528 1111 4577 non
1134 4499 1314 4576 revelaret
1343 4501 1439 4575 hanc
1456 4528 1566 4591 suem
1591 4501 1731 4606 deposi-

311 4628 457 4703 cionem
472 4660 668 4736 quousque
685 4632 945 4709 attestaciones
964 4633 1108 4714 fuerint
1127 4630 1328 4738 publicata.

368 4761 455 4843 Aea
474 4759 626 4838 bierunt
645 4763 714 4837 bec
728 4761 840 4838 dictis
856 4762 919 4839 die
934 4781 972 4839 et
993 4763 1090 4848 loco,
1112 4761 1351 4867 presentibus
1376 4763 1559 4869 magistro
1578 4765 1725 4847 Amisia,
1770 4822 1775 4833 .

310 4912 371 4960 me
393 4885 648 4962 Floriamonte
664 4891 882 4978 Dcndedei,
901 4911 938 4970 et
958 4893 1041 4970 aliis
1059 4893 1214 4970 notariis
1233 4920 1346 4995 supra
1360 4891 1499 4968 ultimo
1520 4894 1727 4971 nominatis.
