4080 6052
540 551 614 628 su
927 529 1123 623 enoets
1149 549 1245 621 uns
1271 547 1570 621 iuuentus,

540 695 633 771 dum
647 689 892 798 recepcionis,
914 688 1110 795 respoudit
1128 717 1167 766 se
1184 688 1337 764 credere
1358 715 1445 768 vera
1463 715 1543 765 esse
1563 703 1748 794 quantum
1768 687 1819 764 ad
1837 687 1968 767 obser·

538 825 731 902 vacionem
751 821 855 898 modi
875 849 990 926 quem
1010 820 1186 925 deposuit
1205 819 1244 895 in
1264 847 1332 896 sua
1350 819 1571 925 recepcione
1589 817 1703 896 luisse
1725 835 1933 899 servatum.

563 939 566 945 .
594 956 708 1045 Item,
728 969 902 1028 contenta
919 951 959 1026 in
976 975 1075 1028 xcvu
1094 949 1290 1056 respondit
1309 977 1348 1026 se
1369 950 1523 1027 credere
1544 977 1630 1026 vern
1650 977 1744 1025 esse.

595 1089 708 1173 Item,
734 1081 781 1159 de
809 1081 993 1158 contentis
1015 1081 1055 1156 in
1078 1107 1205 1171 xcviii,
1233 1098 1408 1158 nuncto
1433 1081 1629 1186 respondit
1648 1107 1688 1156 se
1707 1078 1830 1156 nichil
1853 1080 1962 1171 scire,

538 1216 607 1294 sed
618 1214 716 1291 bene
737 1210 876 1290 sciehat
894 1211 999 1317 quod
1016 1227 1212 1316 peccatum
1232 1227 1330 1287 esset
1343 1209 1463 1285 lacere
1479 1238 1553 1315 que
1568 1210 1609 1284 in
1620 1208 1694 1286 illis
1707 1209 1960 1288 continentur.

595 1347 707 1432 Item,
722 1343 770 1419 ad
790 1367 878 1419 cru
903 1338 1099 1445 respondit
1123 1340 1228 1446 quod
1246 1367 1325 1417 non
1344 1339 1564 1417 interfuerat
1584 1338 1773 1446 capitulis,
1792 1340 1963 1439 sedere·

541 1476 655 1553 debat
670 1473 776 1579 quod
792 1472 905 1556 clam,
925 1470 1083 1546 exclusis
1099 1469 1176 1547 illis
1196 1470 1262 1576 qui
1280 1498 1358 1546 non
1379 1487 1483 1546 erant
1499 1470 1546 1546 de
1563 1470 1709 1559 ordine,
1727 1487 1961 1549 tenerentur.

596 1602 770 1695 Item,‚ad
779 1616 952 1677 contenta
968 1600 1006 1676 in
1018 1626 1143 1684 nvn-ru
1158 1600 1354 1706 respondit
1365 1599 1470 1706 quod
1484 1627 1563 1676 non
1577 1599 1757 1678 credebat
1772 1627 1854 1679 esse
1867 1630 1962 1679 vern.

598 1737 709 1821 Item,
726 1748 898 1808 contenta
917 1731 957 1806 in
975 1757 1048 1806 oxu
1068 1746 1106 1807 et
1125 1757 1188 1808 xm
1206 1730 1401 1835 respondit
1421 1758 1460 1806 se
1478 1731 1631 1807 credere
1650 1759 1737 1807 vera
1759 1759 1846 1809 esse.

598 1865 710 1953 Item,
732 1862 780 1940 de
801 1859 985 1937 contentis
1005 1860 1044 1934 in
1064 1886 1161 1936 cxnu
1183 1875 1220 1936 et
1239 1859 1418 1936 omnibus
1437 1859 1685 1967 sequentibus
1709 1861 1905 1967 respondit
1922 1890 1963 1940 se

450 2009 453 2015 '
542 1995 658 2072 nichil
673 1993 782 2078 scire,
802 1991 875 2067 nisi
892 1991 998 2096 quod
1018 1990 1118 2066 bene
1137 1990 1338 2096 apparebat
1357 2018 1422 2067 eos
1439 1989 1553 2068 fuisse
1571 1991 1807 2098 negligentes
1824 1993 1867 2068 in
1885 2022 1965 2071 cor·

543 2123 701 2230 rigendo
723 2148 868 2197 errores
889 2137 926 2195 et
945 2121 984 2195 in
1005 2120 1266 2197 denunciando
1287 2121 1465 2212 Ecclesie,
1488 2139 1526 2198 et
1545 2121 1652 2227 quod
1670 2122 1861 2199 Ecsndnla
1880 2124 1963 2200 inde

544 2250 693 2329 Inerant
707 2267 844 2336 exorta,
856 2267 893 2325 et
904 2249 1008 2355 quod
1023 2250 1199 2327 credebat
1207 2250 1375 2355 predicta
1386 2249 1589 2328 confessata
1602 2278 1670 2357 per
1683 2279 1775 2328 eum
1788 2279 1872 2331 esse
1881 2270 1963 2330 non

545 2383 643 2458 inter
654 2381 785 2458 fratres
798 2379 958 2469 ordinis,
976 2379 1136 2456 sednon
1154 2379 1254 2455 inter
1268 2396 1477 2472 extraneos,
1495 2397 1533 2457 et
1548 2380 1690 2456 auditit
1702 2380 1776 2456 dici
1788 2410 1964 2488 magnum

410 2611 415 2619 ᾗ
546 2512 764 2618 Magistrum
799 2524 838 2585 et
865 2508 957 2586 alios
988 2526 1183 2586 contentos
1210 2509 1250 2584 in
1275 2509 1440 2587 articulis
1468 2508 1584 2587 fuisse
1611 2508 1803 2588 confessos
1828 2512 1965 2590 multos

546 2669 707 2731 errores,
729 2639 849 2717 nescit
867 2666 980 2744 quos,
1006 2639 1074 2715 sed
1096 2639 1215 2715 credit
1239 2640 1344 2744 quod
1369 2640 1453 2716 illos
1472 2668 1568 2746 quos
1587 2641 1668 2747 ipse
1688 2641 1881 2720 consessus
1900 2659 1963 2719 est.

600 2770 712 2860 Item,
733 2769 937 2875 requisitus
952 2769 981 2845 si
1001 2768 1052 2844 sic
1066 2769 1290 2874 deposuerat
1305 2798 1428 2874 prece,
1443 2787 1632 2876 precepto,
1651 2771 1801 2858 timore,
1820 2798 1962 2859 amore,

548 2898 653 2989 odio,
678 2898 737 2974 vel
764 2897 962 3005 temporali
991 2898 1153 2974 comodo
1179 2897 1309 2974 habito
1339 2900 1398 2975 vel
1422 2900 1615 2992 habendo,
1645 2900 1838 3008 respondit
1858 2900 1965 3007 quod

548 3055 642 3115 nou,
662 3027 730 3103 sed
743 3055 812 3132 pro
828 3029 980 3103 veritate
996 3027 1166 3104 dicenda.
1183 3029 1230 3104 Et
1245 3026 1317 3105 luit
1337 3029 1371 3103 ei
1389 3046 1609 3135 preceptum
1626 3058 1696 3135 per
1714 3031 1833 3108 dittos
1846 3029 1966 3153 domi-

469 3248 473 3256 .
550 3183 618 3230 nos
638 3155 926 3245 commissarios,
949 3156 988 3229 in
1008 3156 1142 3231 virtute
1161 3156 1366 3260 juramenti
1386 3159 1532 3263 prestiti
1552 3187 1621 3263 per
1640 3159 1839 3249 eumdem,
1864 3162 1967 3267 quod

549 3312 625 3359 non
644 3283 839 3359 revellaret
856 3284 952 3359 hanc
970 3312 1077 3358 suam
1099 3285 1377 3389 deposicionem
1398 3315 1596 3393 quousque
1616 3289 1875 3368 attestaciones
1893 3290 1967 3368 Iue-

549 3416 626 3490 rint
644 3412 858 3519 publicate:

606 3545 694 3621 Acta
712 3545 867 3620 fuerunt
883 3544 953 3619 hec
973 3545 1035 3621 die
1057 3563 1094 3620 et
1112 3546 1194 3623 loco
1213 3548 1402 3651 predictis,
1424 3550 1659 3655 presentibus
1672 3549 1847 3657 magistro
1863 3548 1969 3626 lmi-

550 3676 618 3761 sio,
640 3676 973 3751 me'Floriamonte
993 3676 1192 3752 Dondedei
1220 3695 1257 3754 et
1276 3679 1357 3755 aliis
1377 3681 1530 3757 notariis
1550 3710 1662 3787 supra
1684 3678 1819 3756 ultimo
1844 3681 1969 3756 nomi-

550 3806 661 3892 natis,
682 3807 756 3882 boc
775 3806 873 3882 salvo
894 3806 998 3910 quod
1020 3806 1141 3883 dictus
1162 3807 1484 3886 Guillelmusnon
1505 3811 1679 3888 interfuit
1704 3810 1967 3889 examinacioni

551 3936 640 4011 dicti
659 3934 780 4013 lratris
799 3936 978 4012 lobannis
995 3936 1043 4011 de
1065 3954 1191 4014 sancto
1212 3939 1368 4031 Questo.
1869 3925 1874 3935 ⁵

607 4195 694 4270 Post
712 4196 798 4284 hec,
823 4195 882 4272 die
909 4196 1014 4271 Lune
1042 4197 1231 4302 sequenti,
1259 4226 1333 4303 que
1363 4199 1434 4275 luit
1458 4228 1508 4277 1111
1529 4203 1611 4279 dies
1631 4202 1772 4279 mensis
1791 4205 1963 4290 ianuarii,

552 4321 624 4398 luit
638 4326 821 4404 adductus
832 4327 879 4402 ad
896 4327 1127 4431 presenciam
1146 4328 1336 4405 dictorum
1353 4329 1596 4408 dominorum
1617 4333 1964 4422 commissariorum,

553 4472 703 4559 excepto
716 4456 871 4534 domino
889 4457 1136 4548 Narbonensi,
1156 4458 1195 4534 in
1217 4460 1332 4536 domo
1351 4461 1538 4565 predicta,
1556 4460 1670 4539 frater
1686 4464 1966 4542 bartholomeus

554 4579 601 4655 de
621 4582 741 4659 Glano
762 4586 919 4671 diocesis
938 4587 1191 4676 Nivernensis,
1214 4589 1396 4679 serviens,
1417 4591 1522 4667 testis
1542 4593 1819 4699 suprajuratus,
1848 4612 1890 4672 ut
1908 4594 1965 4670 de·

553 4729 712 4811 poneret
733 4714 875 4790 dictum
900 4746 1028 4815 supm3
1052 4735 1089 4793 et
1117 4747 1195 4796 non
1220 4720 1411 4797 deferebat
1439 4722 1662 4800 mantellum
1685 4725 1849 4817 ordinis,
1869 4722 1962 4831 quia,

554 4838 650 4915 sicut
669 4840 776 4929 dixit,
797 4846 1014 4923 vendiderat
1041 4849 1183 4954 ipsum,
1208 4867 1253 4927 ut
1274 4868 1401 4956 posset
1419 4851 1506 4929 inde
1534 4852 1674 4931 habere
1694 4873 1833 4944 vestes,
1853 4871 1888 4931 et
1904 4879 1966 4928 vo·
