4080 6052
524 560 570 633 or
910 537 1109 632 arroorts
1135 557 1231 629 nus
1258 555 1555 628 inuramus.

578 704 689 789 Item,
711 699 816 806 quod
833 698 1000 804 predicta
1020 717 1126 775 erant
1144 699 1191 774 de
1211 696 1360 802 punctis
1378 695 1537 784 ordinis,
1559 696 1782 775 introductis
1800 726 1873 804 per
1891 729 1948 777 er-

522 861 626 909 rores
646 859 779 908 eorum
799 847 884 936 post
902 829 1216 935 approbaoionem
1236 827 1337 904 sodis
1355 826 1566 932 apostolice.

577 964 687 1054 Item,
709 960 813 1067 quod
832 959 1070 1065 recepciones
1089 959 1247 1035 fratrum
1267 958 1356 1034 dicti
1375 957 1944 1039 ordinisfiobantoommnn'iter

522 1094 644 1170 modis
663 1092 838 1197 predictis
859 1091 898 1166 in
916 1107 996 1167 toto
1017 1091 1151 1167 ordine
1171 1089 1396 1196 supradicto.

576 1225 685 1311 Item,
707 1222 811 1328 quod
831 1221 1008 1327 Magister
1026 1219 1210 1326 generalis
1223 1219 1318 1296 dicti
1337 1218 1481 1295 ordinis
1498 1217 1666 1324 predicta
1684 1218 1738 1296 sic
1755 1220 1940 1300 observem

521 1370 557 1427 et
576 1353 655 1428 Ireri
675 1350 1079 1458 injungebat-Item,
1098 1350 1204 1455 quod
1219 1350 1614 1437 visitatores—Item,
1634 1350 1740 1456 quod
1748 1372 1941 1460 precepto

519 1486 591 1558 ies.
605 1529 662 1540 —
675 1483 786 1570 Item,
809 1481 914 1587 quod
933 1480 995 1556 aIii
1016 1480 1177 1587 majores
1195 1479 1285 1556 dicti
1297 1479 1460 1556 ordinis.

575 1613 684 1699 Item,
711 1608 816 1717 quod
844 1610 996 1716 ipsimet
1018 1609 1262 1687 observabant
1289 1610 1376 1698 hec,
1403 1627 1441 1686 et
1464 1609 1762 1716 dogmatizabant
1787 1611 1876 1689 ¹{ieri
1903 1633 1939 1691 et

521 1743 667 1816 servari.
682 1742 856 1829 —Item‚
877 1741 983 1847 quod
1001 1740 1117 1847 aliqui
1136 1768 1282 1818 eorum.

575 1871 684 1958 Item,
706 1871 811 1976 quod
830 1869 946 1946 alium
972 1871 1131 1947 modurn
1156 1869 1361 1976 recipiendi
1378 1868 1419 1945 in
1439 1868 1539 1947 dicto
1558 1867 1692 1946 ordine
1710 1865 1839 1948 fratres
1857 1846 1955 1949 non·

519 2000 723 2077 servabant.

574 2132 684 2220 Item,
704 2130 809 2237 quod
828 2156 906 2207 non
929 2146 986 2208 est
999 2129 1361 2236 memoriaalioujus
1381 2129 1430 2205 de
1453 2129 1586 2206 ordine
1611 2128 1677 2235 qui
1694 2128 1809 2215 ¹uiuat,
1824 2132 1934 2237 -quod

519 2263 597 2341 suis
616 2260 852 2366 temporibus
872 2261 1009 2337 modus
1029 2261 1124 2337 alius
1143 2260 1359 2337 observatus
1376 2258 1503 2336 fuerit

574 2394 685 2483 Item,
707 2392 812 2497 quod
828 2392 1040 2497 predictum
1057 2392 1287 2497 receptionis
1306 2391 1465 2467 modum
1486 2407 1524 2467 et
1538 2389 1753 2496 supradicta
1771 2391 1844 2468 aIia
1862 2419 1936 2469 non

517 2540 703 2600 servantes
728 2539 765 2599 et
788 2550 933 2598 servare
961 2523 1131 2600 nolentes
1157 2523 1332 2627 Magister
1356 2521 1554 2627 generalis,
1575 2521 1938 2629 visitatores,prece

516 2671 641 2757 ptores
662 2670 699 2746 et
718 2651 779 2727 aIii
799 2651 965 2756 magistri
984 2652 1072 2727 dicti
1091 2651 1234 2728 ordinis
1250 2652 1289 2726 in
1307 2652 1379 2728 boo
1397 2668 1619 2756 potestatem
1638 2651 1837 2741 babentes,
1851 2682 1937 2759 gra-

515 2784 609 2857 viter
627 2781 836 2886 puniebant
854 2781 1006 2887 quando
1025 2781 1180 2886 querela
1200 2780 1440 2857 deferebatur
1457 2781 1506 2856 ad
1526 2807 1602 2858 eos.

573 2912 683 2997 Item,
705 2912 810 3017 quod
833 2910 1051 2988 elIemosine
1069 2912 1108 2988 in
1131 2912 1230 2989 dicto
1255 2913 1387 2989 ordine
1412 2940 1488 2988 non
1507 2910 1651 2989 fiebant
1667 2928 1711 2988 ut
1728 2911 1933 2998 debebant,
2012 3007 2019 3025 ·

518 3066 586 3114 nec
605 3038 837 3143 hospitalitas
857 3042 1083 3118 servabatur.
1638 3131 1640 3135 ‚

572 3170 683 3256 Item,
704 3169 809 3275 quod
828 3196 905 3245 non
924 3171 1148 3276 reputabant
1166 3188 1360 3277 peccatum
1379 3172 1419 3247 in
1440 3171 1539 3248 dicto
1558 3171 1693 3250 ordine
1711 3171 1854 3279 perias
1874 3193 1936 3251 aut

516 3299 658 3404 nephas
673 3297 760 3406 'jura
779 3301 970 3406 acquirere
991 3302 1122 3378 aliena.

572 3430 681 3518 Item,
704 3431 809 3537 quod
827 3431 1086 3536 juramentum
1111 3431 1344 3535 prestabatur
1367 3431 1413 3508 ab
1439 3433 1493 3509 eis
1522 3449 1766 3538 augmentum
1785 3451 1825 3509 et
1843 3463 1935 3540 que-

516 3576 616 3634 stum
637 3561 725 3635 dicti
748 3561 891 3637 ordinis
915 3561 1218 3668 quibuscumque
1239 3564 1362 3639 modis
1381 3580 1533 3667 possent
1547 3590 1620 3668 per
1633 3561 1690 3640 fas
1708 3580 1774 3640 aut
1791 3564 1933 3669 nephas

517 3716 728 3792 procurare.

570 3822 679 3909 Item,
702 3821 806 3927 quod
825 3848 902 3897 non
920 3823 1164 3926 reputabatur
1182 3840 1376 3929 peccatum
1395 3841 1549 3930 propter
1567 3826 1641 3903 hoe
1661 3826 1853 3934 degerere.

568 3953 678 4040 Item,
701 3952 807 4057 quod
825 3952 919 4028 olam
941 3971 1217 4030 consueverunt
1234 3972 1364 4031 tenere
1385 3984 1452 4032 sua
1472 3954 1644 4060 capitula.

569 4082 676 4173 Item,
699 4083 804 4188 quod
821 4083 931 4173 clam,
953 4085 1012 4161 vel
1036 4085 1076 4159 in
1099 4085 1223 4190 primo
1247 4114 1421 4192 sompno,
1442 4086 1641 4192 veI·prima
1658 4086 1783 4192 vigilia
1801 4089 1930 4165 noctis.

566 4210 678 4297 Item,
700 4214 805 4317 quod
823 4214 934 4303 olam,
957 4215 1044 4321 quia
1065 4216 1217 4322 expulsa
1235 4232 1312 4293 tota
1332 4217 1403 4293 alia
1423 4216 1562 4294 familia
1582 4217 1628 4293 de
1648 4216 1763 4293 domo
1782 4233 1822 4292 et
1840 4216 1933 4292 olau-

512 4339 610 4416 suris
630 4341 782 4435 domus,
804 4363 847 4421 ut
867 4372 998 4423 omnes
1018 4347 1065 4423 de
1086 4347 1225 4424 familia
1245 4348 1318 4426 illis
1335 4348 1509 4426 noctibus
1528 4348 1669 4454 quibus
1682 4363 1818 4424 tenent
1836 4349 1931 4454 capi·

511 4471 590 4546 tuIa
601 4473 748 4577 jaceant
768 4492 881 4551 extra.

567 4602 676 4689 Item,
698 4601 803 4706 quod
824 4605 933 4694 clam,
957 4606 1045 4711 quia
1065 4607 1116 4682 sic
1136 4636 1175 4683 se
1194 4609 1395 4687 inqudunt
1414 4611 1461 4687 ad
1478 4610 1689 4688 tenendum
1709 4611 1927 4717 capitulum,

510 4745 554 4802 ut
573 4755 705 4805 omues
720 4730 853 4835 januas
872 4735 1008 4813 domus
1029 4754 1066 4812 et
1085 4736 1238 4815 ecclesie
1258 4741 1297 4816 in
1316 4741 1456 4847 quibus
1475 4757 1606 4818 tenent
1626 4742 1846 4847 capitqum‚
1867 4739 1928 4815 fir-

511 4876 614 4935 mant
638 4859 731 4936 adeo
757 4860 915 4939 firmiter
939 4870 1045 4971 quod
1069 4867 1197 4944 nullus
1217 4870 1265 4946 sit
1283 4872 1340 4947 vel
1367 4899 1447 4949 esse
1472 4874 1589 4977 possit
1613 4900 1783 4950 accessus
1797 4870 1846 4948 ad
1866 4894 1928 4945 eos
