<?xml version="1.0" encoding="UTF-8"?>
<!DOCTYPE html PUBLIC "-//W3C//DTD XHTML 1.0 Transitional//EN"
    "http://www.w3.org/TR/xhtml1/DTD/xhtml1-transitional.dtd">
<html xmlns="http://www.w3.org/1999/xhtml" xml:lang="en" lang="en">
 <head>
  <title>
</title>
<meta http-equiv="Content-Type" content="text/html;charset=utf-8" />
  <meta name='ocr-system' content='tesseract 3.04.00' />
  <meta name='ocr-capabilities' content='ocr_page ocr_carea ocr_par ocr_line ocrx_word'/>
</head>
<body>
  <div class='ocr_page' id='page_1' title='image "./procsdestemplie02defegoog_0108.png"; bbox 0 0 4080 6052; ppageno 0'>
   <div class='ocr_carea' id='block_1_1' title="bbox 514 494 1622 614">
    <p class='ocr_par' dir='ltr' id='par_1_1' title="bbox 514 494 1622 614">
     <span class='ocr_line' id='line_1_1' title="bbox 514 494 1622 614; baseline -0.009 0"><span class='ocrx_word' id='word_1_1' title='bbox 514 546 562 614; x_wconf 85' lang='lat' dir='ltr'><strong>oo</strong></span> <span class='ocrx_word' id='word_1_2' title='bbox 900 517 1098 614; x_wconf 73' lang='lat' dir='ltr'><strong>eneces</strong></span> <span class='ocrx_word' id='word_1_3' title='bbox 1123 536 1218 608; x_wconf 86' lang='lat' dir='ltr'><strong>nns</strong></span> <span class='ocrx_word' id='word_1_4' title='bbox 1243 533 1542 607; x_wconf 70' lang='lat' dir='ltr'><strong>rennuens.</strong></span> <span class='ocrx_word' id='word_1_5' title='bbox 1617 494 1622 503; x_wconf 67' lang='grc'><em>“</em></span> 
     </span>
    </p>
   </div>
   <div class='ocr_carea' id='block_1_2' title="bbox 512 671 1937 918">
    <p class='ocr_par' dir='ltr' id='par_1_2' title="bbox 512 671 1937 918">
     <span class='ocr_line' id='line_1_2' title="bbox 512 671 1926 788; baseline -0.002 -31"><span class='ocrx_word' id='word_1_6' title='bbox 512 713 532 757; x_wconf 90' lang='lat' dir='ltr'><strong>a</strong></span> <span class='ocrx_word' id='word_1_7' title='bbox 550 683 640 761; x_wconf 87' lang='lat' dir='ltr'><strong>sede</strong></span> <span class='ocrx_word' id='word_1_8' title='bbox 657 680 857 788; x_wconf 87' lang='lat' dir='ltr'><strong>apostolica</strong></span> <span class='ocrx_word' id='word_1_9' title='bbox 873 679 1136 787; x_wconf 88' lang='lat' dir='ltr'><strong>approbatum,</strong></span> <span class='ocrx_word' id='word_1_10' title='bbox 1154 675 1337 758; x_wconf 86' lang='lat' dir='ltr'><strong>tamenin</strong></span> <span class='ocrx_word' id='word_1_11' title='bbox 1354 674 1572 780; x_wconf 88' lang='lat' dir='ltr'><strong>recepcione</strong></span> <span class='ocrx_word' id='word_1_12' title='bbox 1591 671 1750 751; x_wconf 76' lang='lat' dir='ltr'><strong>fratrum</strong></span> <span class='ocrx_word' id='word_1_13' title='bbox 1768 675 1863 754; x_wconf 87' lang='lat' dir='ltr'><strong>dicti</strong></span> <span class='ocrx_word' id='word_1_14' title='bbox 1880 705 1926 754; x_wconf 91' lang='lat' dir='ltr'><strong>or</strong></span> 
     </span>
     <span class='ocr_line' id='line_1_3' title="bbox 514 802 1937 918; baseline -0.002 -29"><span class='ocrx_word' id='word_1_15' title='bbox 514 812 627 904; x_wconf 88' lang='lat' dir='ltr'><strong>dinis,</strong></span> <span class='ocrx_word' id='word_1_16' title='bbox 650 829 688 889; x_wconf 89' lang='lat' dir='ltr'><strong>et</strong></span> <span class='ocrx_word' id='word_1_17' title='bbox 711 811 938 918; x_wconf 84' lang='lat' dir='ltr'><strong>quandoque</strong></span> <span class='ocrx_word' id='word_1_18' title='bbox 962 824 1062 916; x_wconf 89' lang='lat' dir='ltr'><strong>post,</strong></span> <span class='ocrx_word' id='word_1_19' title='bbox 1083 805 1325 885; x_wconf 84' lang='lat' dir='ltr'><strong>servabantur.</strong></span> <span class='ocrx_word' id='word_1_20' title='bbox 1347 821 1386 883; x_wconf 88' lang='lat' dir='ltr'><strong>et</strong></span> <span class='ocrx_word' id='word_1_21' title='bbox 1409 802 1550 882; x_wconf 86' lang='lat' dir='ltr'><strong>fiebant</strong></span> <span class='ocrx_word' id='word_1_22' title='bbox 1575 802 1623 881; x_wconf 88' lang='lat' dir='ltr'><strong>ab</strong></span> <span class='ocrx_word' id='word_1_23' title='bbox 1647 803 1738 910; x_wconf 83' lang='lat' dir='ltr'><strong>ipsis</strong></span> <span class='ocrx_word' id='word_1_24' title='bbox 1756 803 1937 885; x_wconf 80' lang='lat' dir='ltr'><strong>[ratribus</strong></span> 
     </span>
    </p>
   </div>
   <div class='ocr_carea' id='block_1_3' title="bbox 514 960 1470 1049">
    <p class='ocr_par' dir='ltr' id='par_1_3' title="bbox 514 960 1470 1049">
     <span class='ocr_line' id='line_1_4' title="bbox 514 960 1470 1049; baseline 0.001 -30"><span class='ocrx_word' id='word_1_25' title='bbox 514 971 588 1049; x_wconf 90' lang='lat' dir='ltr'><strong>que</strong></span> <span class='ocrx_word' id='word_1_26' title='bbox 608 960 843 1049; x_wconf 90' lang='lat' dir='ltr'><strong>sequuntur:</strong></span> <span class='ocrx_word' id='word_1_27' title='bbox 1466 992 1470 999; x_wconf 94' lang='lat'>·</span> 
     </span>
    </p>
   </div>
   <div class='ocr_carea' id='block_1_4' title="bbox 569 1064 1962 1178">
    <p class='ocr_par' dir='ltr' id='par_1_4' title="bbox 569 1064 1962 1178">
     <span class='ocr_line' id='line_1_5' title="bbox 569 1064 1962 1178; baseline -0.015 -26"><span class='ocrx_word' id='word_1_28' title='bbox 569 1073 752 1153; x_wconf 83' lang='lat' dir='ltr'>Videlicet</span> <span class='ocrx_word' id='word_1_29' title='bbox 768 1071 873 1178; x_wconf 92' lang='lat' dir='ltr'><strong>quod</strong></span> <span class='ocrx_word' id='word_1_30' title='bbox 888 1068 1049 1175; x_wconf 79' lang='lat' dir='ltr'><strong>quilibet</strong></span> <span class='ocrx_word' id='word_1_31' title='bbox 1061 1069 1102 1145; x_wconf 91' lang='lat' dir='ltr'><strong>in</strong></span> <span class='ocrx_word' id='word_1_32' title='bbox 1116 1066 1334 1172; x_wconf 90' lang='lat' dir='ltr'><strong>recepcione</strong></span> <span class='ocrx_word' id='word_1_33' title='bbox 1352 1093 1435 1156; x_wconf 84' lang='lat' dir='ltr'><strong>sua,</strong></span> <span class='ocrx_word' id='word_1_34' title='bbox 1454 1082 1493 1142; x_wconf 90' lang='lat' dir='ltr'><strong>et</strong></span> <span class='ocrx_word' id='word_1_35' title='bbox 1508 1064 1736 1170; x_wconf 84' lang='lat' dir='ltr'><strong>quandoque</strong></span> <span class='ocrx_word' id='word_1_36' title='bbox 1754 1083 1858 1172; x_wconf 89' lang='lat' dir='ltr'><strong>post,</strong></span> <span class='ocrx_word' id='word_1_37' title='bbox 1877 1070 1934 1147; x_wconf 78' lang='lat' dir='ltr'><strong>vel</strong></span> <span class='ocrx_word' id='word_1_38' title='bbox 1958 1124 1962 1131; x_wconf 92' lang='lat'>.</span> 
     </span>
    </p>
   </div>
   <div class='ocr_carea' id='block_1_5' title="bbox 479 1184 1936 2215">
    <p class='ocr_par' dir='ltr' id='par_1_5' title="bbox 513 1184 1936 1957">
     <span class='ocr_line' id='line_1_6' title="bbox 514 1184 1936 1310; baseline -0.004 -30"><span class='ocrx_word' id='word_1_39' title='bbox 514 1204 715 1310; x_wconf 88' lang='lat' dir='ltr'><strong>quamcito</strong></span> <span class='ocrx_word' id='word_1_40' title='bbox 731 1203 779 1279; x_wconf 91' lang='lat' dir='ltr'><strong>ad</strong></span> <span class='ocrx_word' id='word_1_41' title='bbox 793 1184 864 1280; x_wconf 95' lang='lat' dir='ltr'><strong>hec</strong></span> <span class='ocrx_word' id='word_1_42' title='bbox 878 1199 1183 1278; x_wconf 88' lang='lat' dir='ltr'><strong>commoditatem</strong></span> <span class='ocrx_word' id='word_1_43' title='bbox 1198 1197 1383 1303; x_wconf 88' lang='lat' dir='ltr'><strong>recipiens</strong></span> <span class='ocrx_word' id='word_1_44' title='bbox 1395 1195 1534 1273; x_wconf 87' lang='lat' dir='ltr'><strong>hahere</strong></span> <span class='ocrx_word' id='word_1_45' title='bbox 1550 1212 1711 1302; x_wconf 82' lang='lat' dir='ltr'><strong>poterat,</strong></span> <span class='ocrx_word' id='word_1_46' title='bbox 1726 1186 1936 1307; x_wconf 78' lang='lat' dir='ltr'><strong>abnegabat</strong></span> 
     </span>
     <span class='ocr_line' id='line_1_7' title="bbox 513 1325 1933 1437; baseline -0.005 -26"><span class='ocrx_word' id='word_1_47' title='bbox 513 1332 723 1424; x_wconf 88' lang='lat' dir='ltr'><strong>Christum,</strong></span> <span class='ocrx_word' id='word_1_48' title='bbox 746 1330 947 1437; x_wconf 91' lang='lat' dir='ltr'><strong>aliquando</strong></span> <span class='ocrx_word' id='word_1_49' title='bbox 972 1329 1224 1419; x_wconf 81' lang='lat' dir='ltr'><strong>Crucifixum,</strong></span> <span class='ocrx_word' id='word_1_50' title='bbox 1245 1344 1284 1404; x_wconf 87' lang='lat' dir='ltr'><strong>et</strong></span> <span class='ocrx_word' id='word_1_51' title='bbox 1306 1326 1535 1433; x_wconf 87' lang='lat' dir='ltr'><strong>quandoque</strong></span> <span class='ocrx_word' id='word_1_52' title='bbox 1558 1325 1731 1418; x_wconf 75' lang='lat' dir='ltr'><strong>thecum,</strong></span> <span class='ocrx_word' id='word_1_53' title='bbox 1753 1345 1794 1405; x_wconf 87' lang='lat' dir='ltr'><strong>et</strong></span> <span class='ocrx_word' id='word_1_54' title='bbox 1814 1357 1933 1435; x_wconf 76' lang='lat' dir='ltr'><strong>qran-</strong></span> 
     </span>
     <span class='ocr_line' id='line_1_8' title="bbox 514 1456 1932 1568; baseline 0.001 -31"><span class='ocrx_word' id='word_1_55' title='bbox 514 1461 638 1568; x_wconf 91' lang='lat' dir='ltr'><strong>doque</strong></span> <span class='ocrx_word' id='word_1_56' title='bbox 654 1463 796 1552; x_wconf 91' lang='lat' dir='ltr'><strong>Deum,</strong></span> <span class='ocrx_word' id='word_1_57' title='bbox 814 1477 852 1537; x_wconf 89' lang='lat' dir='ltr'><strong>et</strong></span> <span class='ocrx_word' id='word_1_58' title='bbox 866 1459 1143 1565; x_wconf 83' lang='lat' dir='ltr'><strong>aliquandoque</strong></span> <span class='ocrx_word' id='word_1_59' title='bbox 1157 1459 1308 1535; x_wconf 85' lang='lat' dir='ltr'><strong>Beatam</strong></span> <span class='ocrx_word' id='word_1_60' title='bbox 1322 1456 1534 1563; x_wconf 82' lang='lat' dir='ltr'><strong>Virginem,</strong></span> <span class='ocrx_word' id='word_1_61' title='bbox 1552 1472 1591 1532; x_wconf 86' lang='lat' dir='ltr'><strong>et</strong></span> <span class='ocrx_word' id='word_1_62' title='bbox 1604 1456 1833 1564; x_wconf 81' lang='lat' dir='ltr'><strong>quandoque</strong></span> <span class='ocrx_word' id='word_1_63' title='bbox 1849 1487 1932 1538; x_wconf 90' lang='lat' dir='ltr'><strong>om·</strong></span> 
     </span>
     <span class='ocr_line' id='line_1_9' title="bbox 513 1586 1930 1694; baseline 0.001 -28"><span class='ocrx_word' id='word_1_64' title='bbox 513 1619 581 1668; x_wconf 87' lang='lat' dir='ltr'><strong>nes</strong></span> <span class='ocrx_word' id='word_1_65' title='bbox 600 1609 746 1668; x_wconf 89' lang='lat' dir='ltr'><strong>sanctos</strong></span> <span class='ocrx_word' id='word_1_66' title='bbox 765 1609 803 1667; x_wconf 89' lang='lat' dir='ltr'><strong>et</strong></span> <span class='ocrx_word' id='word_1_67' title='bbox 821 1607 963 1668; x_wconf 79' lang='lat' dir='ltr'><strong>sanctae</strong></span> <span class='ocrx_word' id='word_1_68' title='bbox 981 1590 1069 1678; x_wconf 93' lang='lat' dir='ltr'><strong>Dei,</strong></span> <span class='ocrx_word' id='word_1_69' title='bbox 1092 1588 1268 1665; x_wconf 84' lang='lat' dir='ltr'><strong>inductus</strong></span> <span class='ocrx_word' id='word_1_70' title='bbox 1286 1615 1355 1664; x_wconf 91' lang='lat' dir='ltr'><strong>seu</strong></span> <span class='ocrx_word' id='word_1_71' title='bbox 1373 1588 1539 1665; x_wconf 83' lang='lat' dir='ltr'><strong>monitus</strong></span> <span class='ocrx_word' id='word_1_72' title='bbox 1562 1614 1632 1693; x_wconf 88' lang='lat' dir='ltr'><strong>per</strong></span> <span class='ocrx_word' id='word_1_73' title='bbox 1651 1586 1737 1665; x_wconf 89' lang='lat' dir='ltr'><strong>illos</strong></span> <span class='ocrx_word' id='word_1_74' title='bbox 1756 1589 1822 1694; x_wconf 91' lang='lat' dir='ltr'><strong>qui</strong></span> <span class='ocrx_word' id='word_1_75' title='bbox 1842 1617 1930 1668; x_wconf 88' lang='lat' dir='ltr'><strong>eum</strong></span> 
     </span>
     <span class='ocr_line' id='line_1_10' title="bbox 514 1715 1932 1826; baseline 0.001 -31"><span class='ocrx_word' id='word_1_76' title='bbox 514 1719 755 1826; x_wconf 85' lang='lat' dir='ltr'><strong>recipiebant.</strong></span> <span class='ocrx_word' id='word_1_77' title='bbox 774 1765 830 1779; x_wconf 83' lang='lat'><strong>-</strong></span> <span class='ocrx_word' id='word_1_78' title='bbox 847 1720 958 1810; x_wconf 87' lang='lat' dir='ltr'><strong>Item,</strong></span> <span class='ocrx_word' id='word_1_79' title='bbox 982 1716 1107 1824; x_wconf 82' lang='lat' dir='ltr'><strong>[qood]</strong></span> <span class='ocrx_word' id='word_1_80' title='bbox 1129 1717 1381 1794; x_wconf 90' lang='lat' dir='ltr'><strong>communiter</strong></span> <span class='ocrx_word' id='word_1_81' title='bbox 1398 1715 1531 1794; x_wconf 81' lang='lat' dir='ltr'><strong>fratrea</strong></span> <span class='ocrx_word' id='word_1_82' title='bbox 1558 1716 1632 1794; x_wconf 93' lang='lat' dir='ltr'><strong>hoc</strong></span> <span class='ocrx_word' id='word_1_83' title='bbox 1659 1716 1854 1796; x_wconf 66' lang='lat' dir='ltr'><strong>tacebant.</strong></span> <span class='ocrx_word' id='word_1_84' title='bbox 1874 1764 1932 1781; x_wconf 89' lang='lat'><strong>--</strong></span> 
     </span>
     <span class='ocr_line' id='line_1_11' title="bbox 513 1848 1004 1957; baseline -0.004 -31"><span class='ocrx_word' id='word_1_85' title='bbox 513 1851 624 1939; x_wconf 91' lang='lat' dir='ltr'><strong>Item,</strong></span> <span class='ocrx_word' id='word_1_86' title='bbox 644 1850 748 1957; x_wconf 93' lang='lat' dir='ltr'><strong>quod</strong></span> <span class='ocrx_word' id='word_1_87' title='bbox 767 1848 888 1956; x_wconf 87' lang='lat' dir='ltr'><strong>major</strong></span> <span class='ocrx_word' id='word_1_88' title='bbox 905 1875 1004 1955; x_wconf 89' lang='lat' dir='ltr'><strong>pare.</strong></span> 
     </span>
    </p>

    <p class='ocr_par' dir='ltr' id='par_1_6' title="bbox 479 1974 1734 2086">
     <span class='ocr_line' id='line_1_12' title="bbox 479 1974 1734 2086; baseline 0 -31"><span class='ocrx_word' id='word_1_89' title='bbox 479 2068 482 2073; x_wconf 17' lang='lat'><strong>⁴</strong></span> <span class='ocrx_word' id='word_1_90' title='bbox 569 1979 680 2070; x_wconf 87' lang='lat' dir='ltr'><strong>Item,</strong></span> <span class='ocrx_word' id='word_1_91' title='bbox 703 1978 809 2086; x_wconf 92' lang='lat' dir='ltr'><strong>quod</strong></span> <span class='ocrx_word' id='word_1_92' title='bbox 829 1978 947 2054; x_wconf 90' lang='lat' dir='ltr'><strong>eciam</strong></span> <span class='ocrx_word' id='word_1_93' title='bbox 964 1994 1050 2084; x_wconf 89' lang='lat' dir='ltr'><strong>post</strong></span> <span class='ocrx_word' id='word_1_94' title='bbox 1068 1978 1187 2083; x_wconf 88' lang='lat' dir='ltr'><strong>ipsam</strong></span> <span class='ocrx_word' id='word_1_95' title='bbox 1206 1976 1465 2082; x_wconf 89' lang='lat' dir='ltr'><strong>recepcionem</strong></span> <span class='ocrx_word' id='word_1_96' title='bbox 1484 1974 1697 2080; x_wconf 80' lang='lat' dir='ltr'><strong>aliquando.</strong></span> <span class='ocrx_word' id='word_1_97' title='bbox 1728 2014 1734 2019; x_wconf 92' lang='lat'>·</span> 
     </span>
    </p>

    <p class='ocr_par' dir='ltr' id='par_1_7' title="bbox 568 2104 1931 2215">
     <span class='ocr_line' id='line_1_13' title="bbox 568 2104 1931 2215; baseline 0.001 -30"><span class='ocrx_word' id='word_1_98' title='bbox 568 2109 679 2201; x_wconf 87' lang='lat' dir='ltr'><strong>Item,</strong></span> <span class='ocrx_word' id='word_1_99' title='bbox 701 2109 806 2214; x_wconf 93' lang='lat' dir='ltr'><strong>quod</strong></span> <span class='ocrx_word' id='word_1_100' title='bbox 826 2108 1001 2186; x_wconf 89' lang='lat' dir='ltr'><strong>dicebant</strong></span> <span class='ocrx_word' id='word_1_101' title='bbox 1020 2125 1058 2185; x_wconf 89' lang='lat' dir='ltr'><strong>et</strong></span> <span class='ocrx_word' id='word_1_102' title='bbox 1076 2105 1374 2215; x_wconf 84' lang='lat' dir='ltr'><strong>dogmatizabant</strong></span> <span class='ocrx_word' id='word_1_103' title='bbox 1397 2124 1610 2213; x_wconf 82' lang='lat' dir='ltr'><strong>receptores</strong></span> <span class='ocrx_word' id='word_1_104' title='bbox 1632 2104 1706 2184; x_wconf 86' lang='lat' dir='ltr'><strong>illis</strong></span> <span class='ocrx_word' id='word_1_105' title='bbox 1723 2134 1820 2215; x_wconf 85' lang='lat' dir='ltr'><strong>quoe</strong></span> <span class='ocrx_word' id='word_1_106' title='bbox 1838 2111 1931 2189; x_wconf 83' lang='lat' dir='ltr'><strong>reci-</strong></span> 
     </span>
    </p>
   </div>
   <div class='ocr_carea' id='block_1_6' title="bbox 348 2237 2008 2345">
    <p class='ocr_par' dir='ltr' id='par_1_8' title="bbox 348 2237 2008 2345">
     <span class='ocr_line' id='line_1_14' title="bbox 348 2237 2008 2345; baseline 0.004 -32"><span class='ocrx_word' id='word_1_107' title='bbox 348 2279 351 2284; x_wconf 86' lang='grc'><em>·</em></span> <span class='ocrx_word' id='word_1_108' title='bbox 389 2301 393 2309; x_wconf 95' lang='grc'><em>.</em></span> <span class='ocrx_word' id='word_1_109' title='bbox 512 2238 681 2345; x_wconf 82' lang='lat' dir='ltr'><strong>piabant,</strong></span> <span class='ocrx_word' id='word_1_110' title='bbox 704 2240 900 2318; x_wconf 87' lang='lat' dir='ltr'><strong>Christum</strong></span> <span class='ocrx_word' id='word_1_111' title='bbox 921 2267 998 2316; x_wconf 91' lang='lat' dir='ltr'><strong>non</strong></span> <span class='ocrx_word' id='word_1_112' title='bbox 1023 2267 1103 2316; x_wconf 86' lang='lat' dir='ltr'><strong>esse</strong></span> <span class='ocrx_word' id='word_1_113' title='bbox 1128 2267 1259 2317; x_wconf 86' lang='lat' dir='ltr'><strong>verum</strong></span> <span class='ocrx_word' id='word_1_114' title='bbox 1283 2239 1427 2328; x_wconf 90' lang='lat' dir='ltr'><strong>Deum,</strong></span> <span class='ocrx_word' id='word_1_115' title='bbox 1452 2237 1512 2316; x_wconf 90' lang='lat' dir='ltr'><strong>vel</strong></span> <span class='ocrx_word' id='word_1_116' title='bbox 1534 2237 1762 2345; x_wconf 85' lang='lat' dir='ltr'><strong>quandoque</strong></span> <span class='ocrx_word' id='word_1_117' title='bbox 1782 2241 1927 2333; x_wconf 84' lang='lat' dir='ltr'><strong>Iesum,</strong></span> <span class='ocrx_word' id='word_1_118' title='bbox 2002 2242 2008 2255; x_wconf 83' lang='grc'>’</span> 
     </span>
    </p>
   </div>
   <div class='ocr_carea' id='block_1_7' title="bbox 511 2370 1930 4005">
    <p class='ocr_par' dir='ltr' id='par_1_9' title="bbox 512 2370 1081 2478">
     <span class='ocr_line' id='line_1_15' title="bbox 512 2370 1081 2478; baseline 0 -33"><span class='ocrx_word' id='word_1_119' title='bbox 512 2370 580 2447; x_wconf 71' lang='lat' dir='ltr'><strong>vel·</strong></span> <span class='ocrx_word' id='word_1_120' title='bbox 592 2372 819 2478; x_wconf 90' lang='lat' dir='ltr'><strong>quandoque</strong></span> <span class='ocrx_word' id='word_1_121' title='bbox 840 2371 1081 2449; x_wconf 85' lang='lat' dir='ltr'><strong>Crucifixum.</strong></span> 
     </span>
    </p>

    <p class='ocr_par' dir='ltr' id='par_1_10' title="bbox 513 2497 1930 2738">
     <span class='ocr_line' id='line_1_16' title="bbox 567 2497 1930 2607; baseline 0.003 -31"><span class='ocrx_word' id='word_1_122' title='bbox 567 2500 677 2589; x_wconf 89' lang='lat' dir='ltr'><strong>Item,</strong></span> <span class='ocrx_word' id='word_1_123' title='bbox 699 2500 805 2607; x_wconf 93' lang='lat' dir='ltr'><strong>quod</strong></span> <span class='ocrx_word' id='word_1_124' title='bbox 825 2499 998 2578; x_wconf 80' lang='lat' dir='ltr'><strong>dicebant</strong></span> <span class='ocrx_word' id='word_1_125' title='bbox 1016 2499 1086 2605; x_wconf 90' lang='lat' dir='ltr'><strong>ipsi</strong></span> <span class='ocrx_word' id='word_1_126' title='bbox 1107 2497 1182 2577; x_wconf 87' lang='lat' dir='ltr'><strong>illis</strong></span> <span class='ocrx_word' id='word_1_127' title='bbox 1201 2526 1297 2606; x_wconf 89' lang='lat' dir='ltr'><strong>quos</strong></span> <span class='ocrx_word' id='word_1_128' title='bbox 1320 2497 1565 2604; x_wconf 90' lang='lat' dir='ltr'><strong>recipiebant,</strong></span> <span class='ocrx_word' id='word_1_129' title='bbox 1586 2498 1712 2604; x_wconf 80' lang='lat' dir='ltr'><strong>ipsum</strong></span> <span class='ocrx_word' id='word_1_130' title='bbox 1730 2497 1845 2579; x_wconf 71' lang='lat' dir='ltr'><strong>sulem</strong></span> <span class='ocrx_word' id='word_1_131' title='bbox 1864 2503 1930 2579; x_wconf 84' lang='lat' dir='ltr'><strong>Inl-</strong></span> 
     </span>
     <span class='ocr_line' id='line_1_17' title="bbox 513 2633 851 2738; baseline 0.003 -32"><span class='ocrx_word' id='word_1_132' title='bbox 513 2658 598 2706; x_wconf 89' lang='lat' dir='ltr'><strong>sum</strong></span> <span class='ocrx_word' id='word_1_133' title='bbox 617 2633 851 2738; x_wconf 89' lang='lat' dir='ltr'><strong>prophetam.</strong></span> 
     </span>
    </p>

    <p class='ocr_par' dir='ltr' id='par_1_11' title="bbox 513 2757 1928 2993">
     <span class='ocr_line' id='line_1_18' title="bbox 568 2757 1928 2870; baseline 0.004 -35"><span class='ocrx_word' id='word_1_134' title='bbox 568 2763 679 2848; x_wconf 90' lang='lat' dir='ltr'><strong>Item,</strong></span> <span class='ocrx_word' id='word_1_135' title='bbox 708 2762 833 2864; x_wconf 91' lang='lat' dir='ltr'><strong>ipsum</strong></span> <span class='ocrx_word' id='word_1_136' title='bbox 865 2787 941 2835; x_wconf 93' lang='lat' dir='ltr'><strong>non</strong></span> <span class='ocrx_word' id='word_1_137' title='bbox 971 2757 1084 2835; x_wconf 86' lang='lat' dir='ltr'><strong>luisse</strong></span> <span class='ocrx_word' id='word_1_138' title='bbox 1114 2786 1264 2862; x_wconf 78' lang='lat' dir='ltr'><strong>passum</strong></span> <span class='ocrx_word' id='word_1_139' title='bbox 1291 2786 1361 2862; x_wconf 93' lang='lat' dir='ltr'><strong>pro</strong></span> <span class='ocrx_word' id='word_1_140' title='bbox 1387 2759 1650 2864; x_wconf 91' lang='lat' dir='ltr'><strong>redempcione</strong></span> <span class='ocrx_word' id='word_1_141' title='bbox 1683 2764 1832 2870; x_wconf 86' lang='lat' dir='ltr'><strong>generis</strong></span> <span class='ocrx_word' id='word_1_142' title='bbox 1857 2764 1928 2839; x_wconf 94' lang='lat' dir='ltr'><strong>hu-</strong></span> 
     </span>
     <span class='ocr_line' id='line_1_19' title="bbox 513 2887 1502 2993; baseline 0.002 -31"><span class='ocrx_word' id='word_1_143' title='bbox 513 2888 630 2977; x_wconf 88' lang='lat' dir='ltr'><strong>mani,</strong></span> <span class='ocrx_word' id='word_1_144' title='bbox 657 2917 726 2964; x_wconf 89' lang='lat' dir='ltr'><strong>nec</strong></span> <span class='ocrx_word' id='word_1_145' title='bbox 745 2887 980 2975; x_wconf 86' lang='lat' dir='ltr'><strong>crucifixum,</strong></span> <span class='ocrx_word' id='word_1_146' title='bbox 1003 2888 1071 2964; x_wconf 91' lang='lat' dir='ltr'><strong>sed</strong></span> <span class='ocrx_word' id='word_1_147' title='bbox 1088 2916 1157 2993; x_wconf 91' lang='lat' dir='ltr'><strong>pro</strong></span> <span class='ocrx_word' id='word_1_148' title='bbox 1177 2887 1395 2964; x_wconf 89' lang='lat' dir='ltr'><strong>scelleribus</strong></span> <span class='ocrx_word' id='word_1_149' title='bbox 1413 2888 1502 2965; x_wconf 82' lang='lat' dir='ltr'><strong>suis.</strong></span> 
     </span>
    </p>

    <p class='ocr_par' dir='ltr' id='par_1_12' title="bbox 512 3016 1929 3383">
     <span class='ocr_line' id='line_1_20' title="bbox 569 3016 1928 3124; baseline 0.007 -33"><span class='ocrx_word' id='word_1_150' title='bbox 569 3019 680 3108; x_wconf 91' lang='lat' dir='ltr'><strong>Item,</strong></span> <span class='ocrx_word' id='word_1_151' title='bbox 700 3017 804 3122; x_wconf 93' lang='lat' dir='ltr'><strong>quod</strong></span> <span class='ocrx_word' id='word_1_152' title='bbox 820 3045 890 3093; x_wconf 92' lang='lat' dir='ltr'><strong>nec</strong></span> <span class='ocrx_word' id='word_1_153' title='bbox 908 3034 1118 3123; x_wconf 90' lang='lat' dir='ltr'><strong>receptores</strong></span> <span class='ocrx_word' id='word_1_154' title='bbox 1138 3045 1206 3093; x_wconf 93' lang='lat' dir='ltr'><strong>nec</strong></span> <span class='ocrx_word' id='word_1_155' title='bbox 1224 3018 1364 3121; x_wconf 90' lang='lat' dir='ltr'><strong>recepti</strong></span> <span class='ocrx_word' id='word_1_156' title='bbox 1384 3016 1572 3095; x_wconf 90' lang='lat' dir='ltr'><strong>habebant</strong></span> <span class='ocrx_word' id='word_1_157' title='bbox 1591 3046 1698 3124; x_wconf 87' lang='lat' dir='ltr'><strong>spem</strong></span> <span class='ocrx_word' id='word_1_158' title='bbox 1715 3019 1928 3101; x_wconf 86' lang='lat' dir='ltr'><strong>salvacionis</strong></span> 
     </span>
     <span class='ocr_line' id='line_1_21' title="bbox 513 3146 1929 3261; baseline 0.006 -39"><span class='ocrx_word' id='word_1_159' title='bbox 513 3146 686 3224; x_wconf 90' lang='lat' dir='ltr'><strong>habende</strong></span> <span class='ocrx_word' id='word_1_160' title='bbox 704 3176 773 3253; x_wconf 88' lang='lat' dir='ltr'><strong>per</strong></span> <span class='ocrx_word' id='word_1_161' title='bbox 787 3149 932 3236; x_wconf 82' lang='lat' dir='ltr'><strong>lesum,</strong></span> <span class='ocrx_word' id='word_1_162' title='bbox 952 3164 990 3224; x_wconf 88' lang='lat' dir='ltr'><strong>et</strong></span> <span class='ocrx_word' id='word_1_163' title='bbox 1004 3148 1078 3225; x_wconf 93' lang='lat' dir='ltr'><strong>hoc</strong></span> <span class='ocrx_word' id='word_1_164' title='bbox 1095 3146 1268 3225; x_wconf 88' lang='lat' dir='ltr'><strong>dicebant</strong></span> <span class='ocrx_word' id='word_1_165' title='bbox 1283 3147 1357 3225; x_wconf 92' lang='lat' dir='ltr'><strong>illis</strong></span> <span class='ocrx_word' id='word_1_166' title='bbox 1374 3176 1471 3254; x_wconf 92' lang='lat' dir='ltr'><strong>quos</strong></span> <span class='ocrx_word' id='word_1_167' title='bbox 1485 3149 1729 3255; x_wconf 88' lang='lat' dir='ltr'><strong>recipiebant,</strong></span> <span class='ocrx_word' id='word_1_168' title='bbox 1746 3150 1805 3229; x_wconf 89' lang='lat' dir='ltr'><strong>vel</strong></span> <span class='ocrx_word' id='word_1_169' title='bbox 1824 3155 1929 3261; x_wconf 89' lang='lat' dir='ltr'><strong>equi-</strong></span> 
     </span>
     <span class='ocr_line' id='line_1_22' title="bbox 512 3277 873 3383; baseline -0.003 -29"><span class='ocrx_word' id='word_1_170' title='bbox 512 3277 644 3383; x_wconf 90' lang='lat' dir='ltr'><strong>polens</strong></span> <span class='ocrx_word' id='word_1_171' title='bbox 664 3278 720 3355; x_wconf 87' lang='lat' dir='ltr'><strong>vel</strong></span> <span class='ocrx_word' id='word_1_172' title='bbox 740 3278 873 3354; x_wconf 90' lang='lat' dir='ltr'><strong>simile.</strong></span> 
     </span>
    </p>

    <p class='ocr_par' dir='ltr' id='par_1_13' title="bbox 511 3385 1924 3776">
     <span class='ocr_line' id='line_1_23' title="bbox 567 3385 1924 3517; baseline 0.005 -32"><span class='ocrx_word' id='word_1_173' title='bbox 567 3410 676 3498; x_wconf 89' lang='lat' dir='ltr'><strong>Item,</strong></span> <span class='ocrx_word' id='word_1_174' title='bbox 696 3409 801 3517; x_wconf 94' lang='lat' dir='ltr'><strong>quod</strong></span> <span class='ocrx_word' id='word_1_175' title='bbox 817 3385 999 3485; x_wconf 82' lang='lat' dir='ltr'><strong>faciehant</strong></span> <span class='ocrx_word' id='word_1_176' title='bbox 1015 3408 1099 3485; x_wconf 94' lang='lat' dir='ltr'><strong>illos</strong></span> <span class='ocrx_word' id='word_1_177' title='bbox 1116 3436 1211 3515; x_wconf 87' lang='lat' dir='ltr'><strong>quoe</strong></span> <span class='ocrx_word' id='word_1_178' title='bbox 1228 3409 1458 3516; x_wconf 89' lang='lat' dir='ltr'><strong>recipiebant</strong></span> <span class='ocrx_word' id='word_1_179' title='bbox 1472 3438 1608 3517; x_wconf 87' lang='lat' dir='ltr'><strong>spuere</strong></span> <span class='ocrx_word' id='word_1_180' title='bbox 1626 3440 1740 3517; x_wconf 86' lang='lat' dir='ltr'><strong>super</strong></span> <span class='ocrx_word' id='word_1_181' title='bbox 1758 3441 1924 3505; x_wconf 89' lang='lat' dir='ltr'><strong>crucem,</strong></span> 
     </span>
     <span class='ocr_line' id='line_1_24' title="bbox 512 3537 1924 3650; baseline 0.005 -37"><span class='ocrx_word' id='word_1_182' title='bbox 512 3565 579 3613; x_wconf 88' lang='lat' dir='ltr'><strong>seu</strong></span> <span class='ocrx_word' id='word_1_183' title='bbox 605 3566 717 3642; x_wconf 93' lang='lat' dir='ltr'><strong>super</strong></span> <span class='ocrx_word' id='word_1_184' title='bbox 741 3539 891 3645; x_wconf 86' lang='lat' dir='ltr'><strong>signum</strong></span> <span class='ocrx_word' id='word_1_185' title='bbox 911 3537 967 3614; x_wconf 89' lang='lat' dir='ltr'><strong>vel</strong></span> <span class='ocrx_word' id='word_1_186' title='bbox 987 3538 1217 3643; x_wconf 89' lang='lat' dir='ltr'><strong>sculpturam</strong></span> <span class='ocrx_word' id='word_1_187' title='bbox 1238 3541 1359 3616; x_wconf 90' lang='lat' dir='ltr'><strong>crucis</strong></span> <span class='ocrx_word' id='word_1_188' title='bbox 1378 3558 1416 3616; x_wconf 89' lang='lat' dir='ltr'><strong>et</strong></span> <span class='ocrx_word' id='word_1_189' title='bbox 1432 3542 1644 3650; x_wconf 82' lang='lat' dir='ltr'><strong>ymaginem</strong></span> <span class='ocrx_word' id='word_1_190' title='bbox 1662 3542 1924 3638; x_wconf 62' lang='lat' dir='ltr'><strong>Chriettlicet</strong></span> 
     </span>
     <span class='ocr_line' id='line_1_25' title="bbox 511 3668 1414 3776; baseline 0.004 -33"><span class='ocrx_word' id='word_1_191' title='bbox 511 3668 704 3744; x_wconf 90' lang='lat' dir='ltr'><strong>interdum</strong></span> <span class='ocrx_word' id='word_1_192' title='bbox 725 3670 791 3775; x_wconf 89' lang='lat' dir='ltr'><strong>qui</strong></span> <span class='ocrx_word' id='word_1_193' title='bbox 811 3668 1087 3774; x_wconf 88' lang='lat' dir='ltr'><strong>recipiebantur</strong></span> <span class='ocrx_word' id='word_1_194' title='bbox 1105 3686 1284 3774; x_wconf 90' lang='lat' dir='ltr'><strong>spuerent</strong></span> <span class='ocrx_word' id='word_1_195' title='bbox 1298 3670 1414 3776; x_wconf 81' lang='lat' dir='ltr'><strong>juxta.</strong></span> 
     </span>
    </p>

    <p class='ocr_par' dir='ltr' id='par_1_14' title="bbox 511 3799 1928 4005">
     <span class='ocr_line' id='line_1_26' title="bbox 564 3799 1928 3910; baseline 0.005 -35"><span class='ocrx_word' id='word_1_196' title='bbox 564 3800 675 3889; x_wconf 90' lang='lat' dir='ltr'><strong>Item,</strong></span> <span class='ocrx_word' id='word_1_197' title='bbox 701 3799 808 3904; x_wconf 92' lang='lat' dir='ltr'><strong>quod</strong></span> <span class='ocrx_word' id='word_1_198' title='bbox 832 3799 952 3904; x_wconf 89' lang='lat' dir='ltr'><strong>ipsam</strong></span> <span class='ocrx_word' id='word_1_199' title='bbox 976 3827 1126 3875; x_wconf 88' lang='lat' dir='ltr'><strong>crucem</strong></span> <span class='ocrx_word' id='word_1_200' title='bbox 1152 3799 1314 3904; x_wconf 87' lang='lat' dir='ltr'><strong>pedibus</strong></span> <span class='ocrx_word' id='word_1_201' title='bbox 1338 3801 1545 3879; x_wconf 89' lang='lat' dir='ltr'><strong>conculcari</strong></span> <span class='ocrx_word' id='word_1_202' title='bbox 1566 3801 1794 3910; x_wconf 74' lang='lat' dir='ltr'><strong>qtmndoque</strong></span> <span class='ocrx_word' id='word_1_203' title='bbox 1820 3833 1928 3882; x_wconf 89' lang='lat' dir='ltr'><strong>man-</strong></span> 
     </span>
     <span class='ocr_line' id='line_1_27' title="bbox 511 3929 659 4005; baseline 0 -1"><span class='ocrx_word' id='word_1_204' title='bbox 511 3929 659 4005; x_wconf 87' lang='lat' dir='ltr'><strong>dabant.</strong></span> 
     </span>
    </p>
   </div>
   <div class='ocr_carea' id='block_1_8' title="bbox 510 4059 1925 4430">
    <p class='ocr_par' dir='ltr' id='par_1_15' title="bbox 510 4059 1925 4430">
     <span class='ocr_line' id='line_1_28' title="bbox 564 4059 1925 4173; baseline 0.005 -37"><span class='ocrx_word' id='word_1_205' title='bbox 564 4063 677 4151; x_wconf 89' lang='lat' dir='ltr'><strong>Item,</strong></span> <span class='ocrx_word' id='word_1_206' title='bbox 699 4061 805 4168; x_wconf 92' lang='lat' dir='ltr'><strong>quod</strong></span> <span class='ocrx_word' id='word_1_207' title='bbox 826 4062 999 4138; x_wconf 88' lang='lat' dir='ltr'><strong>eamdem</strong></span> <span class='ocrx_word' id='word_1_208' title='bbox 1020 4088 1168 4138; x_wconf 89' lang='lat' dir='ltr'><strong>crucem</strong></span> <span class='ocrx_word' id='word_1_209' title='bbox 1193 4061 1263 4167; x_wconf 89' lang='lat' dir='ltr'><strong>ipsi</strong></span> <span class='ocrx_word' id='word_1_210' title='bbox 1281 4059 1411 4140; x_wconf 85' lang='lat' dir='ltr'><strong>fratres</strong></span> <span class='ocrx_word' id='word_1_211' title='bbox 1430 4065 1569 4170; x_wconf 88' lang='lat' dir='ltr'><strong>recepti</strong></span> <span class='ocrx_word' id='word_1_212' title='bbox 1587 4067 1816 4173; x_wconf 88' lang='lat' dir='ltr'><strong>quandoque</strong></span> <span class='ocrx_word' id='word_1_213' title='bbox 1836 4096 1925 4143; x_wconf 91' lang='lat' dir='ltr'><strong>con·</strong></span> 
     </span>
     <span class='ocr_line' id='line_1_29' title="bbox 510 4189 714 4267; baseline 0.015 -4"><span class='ocrx_word' id='word_1_214' title='bbox 510 4189 714 4267; x_wconf 88' lang='lat' dir='ltr'><strong>culcahant.</strong></span> 
     </span>
     <span class='ocr_line' id='line_1_30' title="bbox 563 4320 1925 4430; baseline 0.007 -35"><span class='ocrx_word' id='word_1_215' title='bbox 563 4320 674 4410; x_wconf 90' lang='lat' dir='ltr'><strong>Item,</strong></span> <span class='ocrx_word' id='word_1_216' title='bbox 697 4322 802 4426; x_wconf 91' lang='lat' dir='ltr'><strong>quod</strong></span> <span class='ocrx_word' id='word_1_217' title='bbox 828 4322 1046 4430; x_wconf 84' lang='lat' dir='ltr'><strong>mingebant</strong></span> <span class='ocrx_word' id='word_1_218' title='bbox 1070 4340 1108 4400; x_wconf 89' lang='lat' dir='ltr'><strong>et</strong></span> <span class='ocrx_word' id='word_1_219' title='bbox 1131 4323 1399 4401; x_wconf 90' lang='lat' dir='ltr'><strong>conculcabant</strong></span> <span class='ocrx_word' id='word_1_220' title='bbox 1422 4325 1629 4417; x_wconf 90' lang='lat' dir='ltr'><strong>interdum,</strong></span> <span class='ocrx_word' id='word_1_221' title='bbox 1651 4342 1689 4403; x_wconf 88' lang='lat' dir='ltr'><strong>et</strong></span> <span class='ocrx_word' id='word_1_222' title='bbox 1710 4324 1802 4404; x_wconf 86' lang='lat' dir='ltr'><strong>ahos</strong></span> <span class='ocrx_word' id='word_1_223' title='bbox 1827 4328 1925 4404; x_wconf 91' lang='lat' dir='ltr'><strong>min-</strong></span> 
     </span>
    </p>
   </div>
   <div class='ocr_carea' id='block_1_9' title="bbox 506 4450 1923 4680">
    <p class='ocr_par' dir='ltr' id='par_1_16' title="bbox 506 4450 1923 4680">
     <span class='ocr_line' id='line_1_31' title="bbox 506 4450 1923 4561; baseline 0.006 -35"><span class='ocrx_word' id='word_1_224' title='bbox 506 4478 592 4553; x_wconf 90' lang='lat' dir='ltr'><strong>gere</strong></span> <span class='ocrx_word' id='word_1_225' title='bbox 610 4450 795 4529; x_wconf 85' lang='lat' dir='ltr'><strong>Inciebant</strong></span> <span class='ocrx_word' id='word_1_226' title='bbox 811 4483 926 4561; x_wconf 90' lang='lat' dir='ltr'><strong>super</strong></span> <span class='ocrx_word' id='word_1_227' title='bbox 945 4454 1062 4559; x_wconf 85' lang='lat' dir='ltr'><strong>ipsam</strong></span> <span class='ocrx_word' id='word_1_228' title='bbox 1084 4482 1249 4546; x_wconf 89' lang='lat' dir='ltr'><strong>crucem,</strong></span> <span class='ocrx_word' id='word_1_229' title='bbox 1269 4472 1307 4533; x_wconf 91' lang='lat' dir='ltr'><strong>et</strong></span> <span class='ocrx_word' id='word_1_230' title='bbox 1325 4457 1398 4533; x_wconf 93' lang='lat' dir='ltr'><strong>hoc</strong></span> <span class='ocrx_word' id='word_1_231' title='bbox 1417 4458 1456 4533; x_wconf 92' lang='lat' dir='ltr'><strong>in</strong></span> <span class='ocrx_word' id='word_1_232' title='bbox 1477 4458 1538 4535; x_wconf 88' lang='lat' dir='ltr'><strong>die</strong></span> <span class='ocrx_word' id='word_1_233' title='bbox 1557 4459 1715 4537; x_wconf 82' lang='lat' dir='ltr'><strong>Veneris</strong></span> <span class='ocrx_word' id='word_1_234' title='bbox 1732 4461 1848 4537; x_wconf 80' lang='lat' dir='ltr'><strong>sancti</strong></span> <span class='ocrx_word' id='word_1_235' title='bbox 1866 4461 1923 4537; x_wconf 91' lang='lat' dir='ltr'><strong>ali·</strong></span> 
     </span>
     <span class='ocr_line' id='line_1_32' title="bbox 506 4581 896 4680; baseline 0.021 -29"><span class='ocrx_word' id='word_1_236' title='bbox 506 4581 683 4680; x_wconf 89' lang='lat' dir='ltr'><strong>quociens</strong></span> <span class='ocrx_word' id='word_1_237' title='bbox 704 4581 896 4659; x_wconf 81' lang='lat' dir='ltr'><strong>faciebant.</strong></span> 
     </span>
    </p>
   </div>
   <div class='ocr_carea' id='block_1_10' title="bbox 502 4708 1916 4948">
    <p class='ocr_par' dir='ltr' id='par_1_17' title="bbox 502 4708 1916 4948">
     <span class='ocr_line' id='line_1_33' title="bbox 559 4708 1916 4824; baseline 0.015 -41"><span class='ocrx_word' id='word_1_238' title='bbox 559 4708 671 4796; x_wconf 87' lang='lat' dir='ltr'><strong>Item,</strong></span> <span class='ocrx_word' id='word_1_239' title='bbox 699 4708 802 4811; x_wconf 92' lang='lat' dir='ltr'><strong>quod</strong></span> <span class='ocrx_word' id='word_1_240' title='bbox 826 4712 999 4788; x_wconf 87' lang='lat' dir='ltr'><strong>nonnulli</strong></span> <span class='ocrx_word' id='word_1_241' title='bbox 1025 4740 1172 4803; x_wconf 88' lang='lat' dir='ltr'><strong>eorum,</strong></span> <span class='ocrx_word' id='word_1_242' title='bbox 1196 4715 1274 4820; x_wconf 91' lang='lat' dir='ltr'><strong>ipsa</strong></span> <span class='ocrx_word' id='word_1_243' title='bbox 1298 4717 1358 4794; x_wconf 88' lang='lat' dir='ltr'><strong>die</strong></span> <span class='ocrx_word' id='word_1_244' title='bbox 1383 4717 1440 4793; x_wconf 88' lang='lat' dir='ltr'><strong>vel</strong></span> <span class='ocrx_word' id='word_1_245' title='bbox 1465 4717 1535 4793; x_wconf 89' lang='lat' dir='ltr'><strong>alia</strong></span> <span class='ocrx_word' id='word_1_246' title='bbox 1555 4719 1761 4824; x_wconf 87' lang='lat' dir='ltr'><strong>septimane</strong></span> <span class='ocrx_word' id='word_1_247' title='bbox 1781 4737 1916 4803; x_wconf 73' lang='lat' dir='ltr'><strong>sancte,</strong></span> 
     </span>
     <span class='ocr_line' id='line_1_34' title="bbox 502 4835 1761 4948; baseline 0.013 -37"><span class='ocrx_word' id='word_1_248' title='bbox 502 4864 571 4940; x_wconf 90' lang='lat' dir='ltr'><strong>pro</strong></span> <span class='ocrx_word' id='word_1_249' title='bbox 592 4835 804 4914; x_wconf 87' lang='lat' dir='ltr'><strong>culcacione</strong></span> <span class='ocrx_word' id='word_1_250' title='bbox 825 4855 863 4914; x_wconf 90' lang='lat' dir='ltr'><strong>et</strong></span> <span class='ocrx_word' id='word_1_251' title='bbox 881 4841 1044 4918; x_wconf 75' lang='lat' dir='ltr'><strong>minione</strong></span> <span class='ocrx_word' id='word_1_252' title='bbox 1063 4843 1240 4948; x_wconf 85' lang='lat' dir='ltr'><strong>predictis</strong></span> <span class='ocrx_word' id='word_1_253' title='bbox 1259 4847 1455 4926; x_wconf 88' lang='lat' dir='ltr'><strong>convenire</strong></span> <span class='ocrx_word' id='word_1_254' title='bbox 1476 4867 1761 4927; x_wconf 84' lang='lat' dir='ltr'><strong>consueverunt.</strong></span> 
     </span>
    </p>
   </div>
   <div class='ocr_carea' id='block_1_11' title="bbox 2009 4856 2034 4921">
    <p class='ocr_par' dir='ltr' id='par_1_18' title="bbox 2009 4856 2034 4921">
     <span class='ocr_line' id='line_1_35' title="bbox 2009 4856 2034 4921; baseline 0 0"><span class='ocrx_word' id='word_1_255' title='bbox 2009 4856 2034 4921; x_wconf 69' lang='lat' dir='ltr'><strong>t*</strong></span> 
     </span>
    </p>
   </div>
   <div class='ocr_carea' id='block_1_12' title="bbox 0 0 2044 6052">
    <p class='ocr_par' dir='ltr' id='par_1_19' title="bbox 0 0 2044 6052">
     <span class='ocr_line' id='line_1_36' title="bbox 0 0 2044 6052; baseline 0 1"><span class='ocrx_word' id='word_1_256' title='bbox 0 0 2044 6052; x_wconf 95' lang='lat' dir='ltr'><strong> </strong></span> 
     </span>
    </p>
   </div>
  </div>
 </body>
</html>
