4080 6052
316 546 388 620 ser
697 522 894 618 proces
919 544 1015 616 nus
1042 542 1343 619 rsnrmnns

367 689 478 778 Item,
500 684 549 763 ad
565 701 611 765 xa
631 703 670 763 et
688 713 712 767 r
731 704 950 794 sequentes,
971 686 1019 762 de
1039 685 1196 764 crimine
1212 686 1458 775 sodomitico,
1473 687 1678 793 respoudit
1693 713 1734 767 se

312 815 428 894 nichil
447 815 539 892 scire
559 815 631 892 nisi
621 815 755 922 quod
774 844 887 923 supra
906 813 1094 921 deposuit.

367 948 477 1036 Item,
500 945 548 1021 ad
569 971 653 1025 xcvi
673 961 711 1047 et
733 973 803 1023 m
827 961 1042 1052 sequentes,
1065 945 1113 1021 de
1132 944 1255 1053 ydolis
1275 960 1313 1022 et
1332 944 1514 1035 cordulis,
1534 886 1665 1025 niodo
1661 974 1730 1024 re-

310 1075 508 1181 cepcionis,
520 1075 627 1180 penis
647 1074 884 1183 illorumque
873 1074 1082 1152 nolebant
1098 1074 1220 1155 lacere
1234 1075 1292 1153 rel
1313 1075 1529 1154 revelabant
1543 1075 1726 1183 predicta,

309 1206 504 1310 respondit
523 1235 562 1282 se
579 1205 695 1285 nichil
714 1207 806 1283 scire
826 1205 897 1282 nisi
917 1204 1023 1312 quod
1039 1195 1152 1309 supra
1171 1205 1359 1311 deposuit
1394 1242 1402 1283 ;
1648 1287 1658 1304 ‚

363 1334 474 1423 Item,
500 1336 548 1412 ad
572 1361 680 1413 mnu
709 1352 747 1411 et
771 1364 903 1413 omnes
924 1352 1124 1443 sequentes
1145 1333 1347 1441 'respoudit
1367 1332 1477 1440 quod
1496 1332 1597 1412 ultra
1615 1364 1725 1441 quam

307 1494 420 1571 supra
436 1467 654 1570 deposuerit
672 1466 876 1554 nesciebat,
897 1466 969 1542 nisi
990 1465 1059 1543 ista
1076 1492 1151 1571 que
1171 1481 1401 1572 sequuntur,
1418 1492 1509 1541 nam
1528 1456 1671 1572 absque
1689 1465 1727 1545 li

307 1597 432 1672 cencia
450 1625 526 1673 non
545 1613 718 1702 poterant
739 1597 928 1688 confiteri,
951 1596 1022 1673 nisi
1042 1595 1219 1673 fratribus
1237 1596 1459 1702 presbiteris
1479 1595 1632 1673 ordinis.
1652 1597 1724 1673 Ne·

305 1724 489 1832 gligentes
507 1725 655 1802 fuerant
680 1727 892 1831 superiores
912 1755 1060 1814 eorum,
1082 1726 1266 1832 quianon
1286 1742 1505 1802 corexeraut
1520 1724 1636 1803 dictos
1660 1753 1720 1802 er·

304 1882 430 1942 rores,
465 1884 535 1932 nec
568 1854 882 1933 denunciaverunt
914 1855 1095 1947 Bedesis,
1129 1855 1197 1932 sed
1231 1853 1431 1932 inferiores
1468 1852 1609 1932 ordinis
1643 1881 1720 1931 non

304 1985 494 2062 audebant
514 1987 741 2063 denunciare
760 2003 914 2092 propter
929 1985 1141 2091 periculum
1161 1984 1293 2062 mortis
1313 1985 1417 2092 quod
1438 1984 1495 2061 eis
1514 1983 1724 2063 imminuis-

304 2131 373 2190 set.
395 2116 438 2190 ln
462 2114 650 2222 aliquibus
673 2115 764 2193 locis
786 2116 930 2193 ordinis
951 2115 1049 2193 bene
1070 2115 1213 2193 fiebant
1233 2114 1478 2201 ellemosiue‚
1502 2129 1541 2191 et
1564 2113 1724 2221 hospita·

304 2242 389 2320 litas
408 2243 632 2334 servabatur,
648 2261 686 2320 et
705 2245 745 2352 in
765 2245 846 2322 aliis
866 2274 943 2323 non
957 2307 966 2337 ,
981 2263 1025 2323 ut
1044 2246 1179 2337 credit,
1197 2261 1236 2322 et
1252 2244 1533 2350 precipiebatur
1551 2243 1608 2320 eis
1623 2244 1723 2352 quod

304 2373 420 2450 nichil
448 2373 577 2450 illicite
609 2375 856 2481 acquirerent.
876 2375 984 2475 Clam
1010 2403 1143 2452 eorum
1167 2373 1340 2479 capitulia
1358 2372 1607 2466 tenebantur,
1630 2373 1723 2452 cele·

303 2503 408 2582 brata
423 2505 529 2610 prius
545 2505 586 2582 in
604 2504 845 2613 generalibus
863 2505 1035 2611 capitulis
1055 2505 1168 2580 missa
1183 2504 1230 2580 de
1247 2504 1382 2581 Sancto
1397 2501 1562 2608 Spiritu,
1576 2519 1618 2580 et
1632 2502 1722 2582 lacto

303 2661 477 2714 sermone
494 2666 563 2743 per
582 2636 747 2744 aliquem
766 2637 1004 2742 religiossum
1024 2635 1064 2711 in
1080 2635 1164 2712 loco
1183 2635 1223 2711 in
1240 2661 1317 2740 quo
1337 2632 1505 2710 debebat
1520 2633 1721 2740 capitulum

304 2767 441 2858 teneri,
465 2784 503 2843 et
521 2768 846 2874 perquerebantur
860 2793 1022 2854 camere,
1046 2781 1084 2841 et
1103 2763 1368 2870 providebatur
1382 2762 1490 2868 quod
1512 2762 1636 2842 nullus
1652 2762 1716 2869 qui

304 2921 382 2969 non
403 2912 500 2972 esset
517 2898 564 2972 de
585 2898 717 2975 ordine
731 2913 858 3003 posset
878 2895 1010 2972 audire
1031 2922 1076 2971 ea
1094 2922 1169 3001 que
1190 2893 1397 3003 agebantur
1414 2892 1457 2969 in
1476 2891 1659 3001 capitulis3
1680 2908 1717 2968 et

305 3022 515 3129 quodquod
531 3053 599 3129 per
618 3054 796 3132 magnum
813 3025 1033 3134 Magistrum
1052 3053 1139 3101 cum
1158 3039 1344 3099 conventu
1365 3023 1610 3101 ordinabatur
1624 3022 1719 3108 ultra

305 3178 407 3227 mare
423 3153 636 3229 servabatur
650 3155 740 3231 citra
757 3184 859 3232 mare
880 3156 920 3230 in
938 3156 1087 3247 ordine,
1107 3152 1312 3230 nec-credit
1332 3151 1499 3258 aliquem
1519 3153 1641 3231 vivere
1659 3154 1720 3261 qui

306 3281 423 3357 dictos
443 3310 587 3359 errores
605 3283 854 3360 introduxerit
873 3285 912 3359 in
930 3284 1079 3371 ordine,
1098 3300 1135 3360 et
1152 3282 1272 3359 credit
1291 3282 1446 3388 grandia
1459 3282 1632 3358 scandala
1644 3311 1723 3388 pro

303 3427 387 3515 pter
400 3414 569 3517 predicta
585 3433 712 3491 contra
730 3415 904 3491 ordinem
919 3442 999 3490 esse
1013 3430 1149 3490 exorta.
1165 3414 1213 3488 Et
1228 3441 1270 3491 ea
1289 3413 1498 3498 inhonesta,
1517 3411 1718 3516 dequibus

304 3569 415 3646 supra
430 3543 622 3649 deposuit,
640 3544 760 3620 credit
775 3543 879 3649 quod
895 3559 1019 3619 essent
1033 3560 1121 3618 nota
1138 3542 1176 3616 in
1194 3541 1326 3618 ordine
1347 3538 1528 3645 aliquibus
1543 3567 1587 3614 er
1600 3540 1718 3645 majo-

303 3671 424 3761 ribus,
444 3674 606 3750 sednon
627 3674 803 3750 omnibus
823 3702 892 3750 nec
912 3673 986 3749 illis
1005 3673 1071 3778 qui
1092 3688 1295 3753 nouerant
1315 3672 1362 3747 de
1383 3668 1527 3757 ordine,
1544 3685 1583 3745 et
1599 3668 1718 3746 credit

304 3804 409 3908 quod
433 3833 590 3911 magnus
618 3806 794 3911 Magister
821 3821 859 3880 et
884 3803 947 3880 alii
973 3803 1129 3880 confessi
1153 3802 1306 3878 fuerunt
1330 3801 1492 3907 illaque
1520 3800 1560 3875 in
1587 3800 1721 3877 litteris

304 3934 515 4037 apostolicis
546 3936 759 4012 continetur
792 3962 855 4011 eos
885 3933 1073 4011 confessos
1105 3933 1232 4009 luisse.
1269 3931 1486 4037 Requisitus
1514 3931 1545 4006 si
1576 3930 1630 4007 sic
1659 3930 1721 4006 de·

303 4084 479 4169 posuerat
502 4097 629 4173 prece,
656 4083 854 4173 precepto,
880 4066 1037 4154 timore,
1060 4092 1203 4152 amore,
1225 4063 1329 4151 odio,
1356 4063 1414 4139 vel
1438 4061 1638 4167 temporali
1665 4088 1720 4138 co

305 4196 418 4272 modo
450 4196 579 4274 habito
606 4197 664 4274 vel
689 4197 885 4288 habendo,
912 4196 1107 4302 respondit
1132 4195 1236 4301 quod
1264 4191 1358 4283 non,
1385 4192 1453 4269 sed
1477 4192 1718 4297 proteritate

305 4324 473 4405 dicenda.
496 4329 568 4408 Cui
598 4328 670 4406 suit
694 4327 898 4405 inhibitum
924 4356 992 4432 per
1016 4328 1136 4403 dictos
1161 4325 1335 4402 dominos
1365 4323 1657 4412 commissarios,
1677 4322 1718 4397 in

304 4456 439 4533 virtute
451 4460 654 4565 juramenti
670 4459 814 4564 prestiti
831 4486 898 4564 per
914 4457 1094 4545 eundem,
1107 4455 1301 4562 quod'non
1316 4455 1497 4531 revelaret
1508 4456 1607 4532 hanc
1621 4478 1718 4548 suam

307 4586 584 4691 deposicionem
605 4617 803 4695 quousque
824 4588 1083 4664 attestaciones
1103 4585 1246 4662 fuerint
1265 4584 1465 4690 publicata.
1488 4584 1588 4660 sane
1608 4582 1717 4660 scien·

307 4712 400 4789 dum
420 4721 598 4822 estquod
618 4719 806 4825 deposicio
828 4720 917 4797 dicti
936 4719 1042 4796 testis
1061 4717 1133 4794 luit
1157 4716 1251 4792 lacta
1269 4713 1470 4790 verbaliter
1495 4742 1565 4820 per
1585 4713 1713 4791 dictum

304 4840 455 4933 testem,
473 4846 534 4922 die
554 4849 682 4927 Martis
702 4850 882 4956 predicta,
900 4867 1072 4956 presente
1094 4848 1195 4925 dicto
1217 4846 1371 4924 domino
1392 4826 1641 4934 Narbonensi,
1654 4837 1713 4946 qui
