4148 6052
325 569 394 640 no
711 546 905 639 rnocts
930 564 1024 638 ons
1049 560 1350 639 renuamus

320 709 463 786 ordinis
487 735 508 781 a
532 707 691 812 peccatis
720 734 870 796 eorum,
892 723 931 783 ct
953 704 1127 783 similitor
1154 704 1336 811 capellani
1365 702 1544 780 ordinarii
1567 720 1745 809 poterant

319 841 391 916 hoc
415 838 552 926 lacerc3
574 837 621 912 de
643 838 894 915 visitatoribus
919 854 958 914 et
981 835 1063 912 aliis
1087 862 1284 942 nunquam
1313 832 1456 912 audivit
1477 832 1570 923 dici,
1592 834 1643 913 de
1661 838 1745 917 aliis

320 969 505 1082 contentis
523 968 563 1043 in
583 966 690 1044 dictis
710 991 746 1046 vt
766 965 946 1058 aniculis,
969 955 1062 1042 dixit
1081 992 1121 1042 se
1140 965 1259 1042 nichil
1277 966 1385 1043 scire.

377 1104 481 1192 ltem,
498 1126 613 1206 super
625 1124 696 1176 xxx
709 1098 878 1191 articulo,
887 1099 954 1206 qui
967 1098 1108 1204 incipit,
1121 1100 1215 1176 Item
1228 1100 1334 1207 quod
1349 1100 1391 1175 in
1405 1099 1742 1204 recapcione,·otc.,

321 1250 359 1309 et
381 1258 487 1323 xxxi,
512 1254 610 1307 xxxu
637 1246 676 1307 et
700 1257 741 1309 m
765 1229 930 1306 articulis
952 1229 1182 1336 requisitus,
1208 1228 1407 1336 respondit
1429 1227 1534 1334 qnod
1557 1228 1744 1335 recipiens

321 1391 426 1451 eum,
456 1363 605 1468 dequo
633 1390 746 1466 supra
775 1360 967 1465 deposuit,
989 1359 1075 1452 fuit,
1103 1360 1143 1435 in
1173 1360 1256 1466 ejus
1286 1359 1524 1466 recepcione,
1553 1359 1745 1438 osculatus

321 1521 409 1568 cum
435 1493 475 1566 in
494 1515 577 1577 ore,
598 1490 638 1564 in
659 1488 839 1571 umbilico
855 1506 897 1566 et
915 1505 1018 1566 retro
1043 1490 1083 1564 in
1107 1490 1265 1567 renibus
1284 1518 1398 1597 supra
1416 1489 1544 1567 locum
1563 1488 1742 1597 bngalis,

323 1638 360 1696 et
378 1619 498 1696 credit
516 1618 622 1725 quod
641 1619 691 1694 ita
709 1619 825 1696 fiebat
843 1619 924 1696 aliis
944 1620 984 1694 in
1004 1619 1104 1696 dicto
1124 1620 1270 1698 ordine.

378 1753 491 1841 ltem,
525 1777 639 1856 super
667 1775 791 1827 xxxmr
820 1749 993 1837 articulo,
1023 1749 1092 1855 qui
1122 1751 1271 1856 incipit,
1304 1752 1419 1837 ltem-'
1430 1750 1536 1857 quod
1566 1751 1606 1827 in
1640 1778 1745 1830 rece·

322 1882 471 1987 pcione,
500 1895 588 1971 etc,
614 1896 654 1956 et
680 1904 795 1985 super
816 1903 1094 1958 xxxv-xxxvmr
1113 1879 1278 1956 articulis
1297 1880 1521 1986 requisitus,
1547 1881 1748 1986 respondit

322 2011 427 2115 quod
449 2009 621 2086 fecerunt
647 2009 772 2114 ipsum
792 2007 921 2115 jurare
947 2008 987 2087 in
1011 2037 1079 2086 sua
1104 2010 1323 2123 recepcione
1349 2009 1454 2116 quod
1473 2009 1618 2087 ‹licttm
1637 2010 1744 2087 ordi-

323 2167 412 2215 nem
426 2167 503 2216 non
521 2140 652 2230 exiret,
675 2156 713 2215 et
730 2139 906 2216 dixerunt
921 2140 1026 2244 quod
1041 2168 1110 2245 pro
1124 2139 1292 2246 professo
1311 2139 1520 2217 habebatur
1540 2139 1685 2232 statim,
1704 2159 1743 2219 ot
1824 2215 1827 2227 ,

323 2270 396 2347 luit
410 2266 504 2346 lacta
522 2298 590 2347 sua
606 2270 775 2376 recepcio
791 2264 1035 2362 clandestine,
1047 2270 1175 2378 januis
1189 2271 1335 2360 clausis,
1352 2270 1468 2347 nullis
1482 2270 1739 2376 presentibus,

322 2403 393 2480 nisi
413 2402 590 2480 fratribus
609 2402 697 2478 dicti
718 2402 877 2492 ordinis,
900 2419 938 2479 et
956 2402 1077 2479 credit
1100 2403 1206 2509 quod
1225 2402 1328 2481 idem
1348 2402 1457 2481 fieret
1476 2418 1515 2480 et
1533 2420 1743 2482 servaretur

322 2535 362 2611 in
380 2533 601 2639 recepcione
621 2531 782 2610 aliorum
800 2532 959 2609 bonum
979 2532 1068 2609 dicti
1096 2532 1372 2642 ordinis;·dixit
1389 2532 1508 2608 eciam
1528 2559 1569 2610 se
1589 2533 1742 2612 credere

321 2681 360 2740 et
378 2663 561 2740 audivisse
582 2691 603 2738 a
622 2661 795 2768 pluribus
811 2660 1048 2739 secularibus
1073 2662 1179 2768 quod
1203 2680 1359 2769 propter
1381 2664 1481 2740 hanc
1498 2662 1745 2742 clandestina-

322 2794 471 2868 cionem
486 2793 690 2870 vehemens
707 2790 1014 2897 suspiciosscontra
1032 2791 1176 2868 dictum
1194 2793 1366 2870 ordinem
1382 2792 1610 2882 habebatur-3
1628 2821 1649 2869 a
1663 2820 1744 2900 qut

323 2921 395 2997 bus
412 2936 540 2997 tamen
565 2938 603 2997 et
624 2920 693 2997 ubi
716 2921 883 3027 predicta
902 2922 1045 2999 audivit
1064 2922 1137 2999 dici
1147 2910 1273 3013 ,dixit
1290 2950 1369 3001 non
1386 2951 1471 3001 esse
1490 2938 1651 3010 certum,
1675 2950 1744 3001 au-

323 3049 465 3127 diverat
481 3067 623 3140 tamen,
643 3068 687 3128 ut
706 3052 813 3140 dixit,
836 3070 920 3130 ante
943 3054 1160 3160 capcionem
1179 3082 1326 3131 corum.

379 3183 488 3270 ltem,
510 3208 625 3287 super
642 3208 688 3258 xc
707 3181 880 3273 articulo,
898 3184 969 3290 qui
988 3183 1135 3289 incipit,
1152 3186 1246 3261 ltem
1266 3185 1373 3291 quod
1386 3182 1581 3272 fratribus,
1598 3199 1689 3274 etc,
1707 3202 1744 3261 et

323 3339 437 3418 super
454 3336 609 3392 xer-xcv
627 3313 792 3390 articulis
813 3312 1036 3420 requisitus,
1058 3315 1255 3420 respondit
1275 3344 1315 3392 se
1341 3314 1458 3391 nichil
1478 3313 1574 3391 scite
1594 3340 1668 3390 nec
1681 3340 1744 3390 an·

324 3432 458 3519 divisse
479 3459 564 3520 ante
583 3444 798 3550 capcionem
818 3472 938 3521 suam.

378 3556 484 3663 Item,
505 3601 620 3680 super
633 3599 715 3653 xcvi
731 3574 904 3667 articulo,
920 3575 989 3681 qui
1009 3576 1155 3682 incipit,
1173 3576 1267 3652 Item
1284 3575 1391 3681 quod
1410 3574 1498 3681 ipsi,
1519 3589 1608 3660 etc,
1626 3589 1666 3651 et
1682 3600 1744 3650 su·

322 3728 390 3805 per
406 3728 602 3782 xtut-cxrv
619 3703 784 3781 articulis
799 3704 1021 3811 requisitus,
1039 3705 1236 3810 respondit
1251 3706 1358 3811 quod
1375 3706 1415 3782 in
1433 3704 1495 3782 die
1512 3703 1741 3811 reoepciouis

323 3859 391 3908 sue
409 3831 482 3908 fuit
500 3834 667 3938 positum
687 3833 880 3940 quoddam
901 3834 1022 3939 capud
1041 3835 1081 3911 in
1101 3836 1206 3912 altari
1232 3835 1374 3942 capelle
1395 3837 1434 3912 in
1453 3862 1530 3942 qua
1547 3832 1624 3912 tuit
1640 3860 1742 3911 reoc-

322 3979 424 4065 ptus,
446 3980 485 4040 et
503 3962 575 4040 suit
593 3963 664 4041 sibi
686 3965 829 4041 dictum
848 3964 954 4070 quod
973 3964 1136 4043 debebat
1154 3966 1337 4043 adhorare
1357 3967 1503 4043 dicaam
1522 3964 1658 4071 capud.
1677 3960 1742 4043 tte-

323 4092 501 4196 quisitus,
518 4094 548 4170 si
562 4093 706 4171 dictum
720 4095 842 4201 capud
850 4112 930 4172 erat
938 4122 1119 4188 aureum,
1133 4113 1369 4202 argenteum,
1385 4097 1444 4174 tel
1460 4122 1618 4184 eneum,
1631 4093 1691 4171 vel
1704 4093 1744 4171 li-

325 4248 481 4326 gneum,
499 4224 558 4301 vel
575 4224 622 4301 de
640 4254 723 4303 osse
741 4243 806 4303 aut
822 4227 870 4303 de
889 4254 967 4333 quo
987 4226 1062 4304 alio
1082 4243 1178 4314 erat,
1199 4226 1396 4333 respondit
1414 4254 1454 4302 se
1474 4222 1744 4330 nascite,·qnia

326 4377 402 4427 non
424 4352 588 4430 multum
610 4383 649 4432 se
672 4355 1010 4463 appropinquabat,
1031 4355 1230 4463 apparebat
1250 4373 1378 4434 tamen
1401 4354 1546 4462 effigies
1560 4352 1744 4463 ymaginis

324 4478 428 4558 faciei
449 4482 627 4562 humane.
648 4485 866 4592 Requisitus
890 4487 999 4594 cujus
1021 4487 1157 4565 coloris
1182 4502 1276 4577 erat,
1299 4486 1497 4593 respondit
1515 4485 1621 4592 quod
1638 4481 1742 4592 quusi

325 4609 460 4686 coloris
478 4610 601 4688 rubei.
623 4615 856 4722 Requisitus,
877 4615 910 4692 si
930 4634 1009 4695 erat
1026 4618 1170 4724 pictum
1190 4617 1252 4694 acl
1272 4642 1366 4708 non,
1385 4617 1479 4694 dixit
1496 4644 1538 4694 se
1549 4642 1629 4694 non
1645 4639 1742 4691 aaa*

324 4735 426 4813 tissa.
445 4739 678 4845 llequisitus,
697 4746 744 4823 de
762 4744 1014 4853 grossitudine
1033 4764 1073 4824 et
1088 4749 1296 4856 quantitate
1314 4747 1404 4826 dicti
1423 4745 1572 4854 capitis,
1590 4768 1743 4852 respon·

324 4864 382 4941 dit
404 4867 510 4973 quod
535 4887 614 4947 erat
636 4875 741 4978 quasi
768 4875 1033 4981 grossitudinis
1059 4877 1190 4983 capitis
1214 4877 1383 4956 humani.
1411 4875 1631 4984 Requisitus
1658 4870 1742 4982 quit
