4080 6052
514 528 587 603 tos
905 501 1099 596 rnocts
1125 521 1220 593 nus
1245 519 1547 593 reuertens.

512 668 781 750 confiterentur
801 663 872 739 nisi
891 661 1149 740 sacerdotibus
1162 660 1323 752 ordinis;
1342 676 1381 737 et
1394 659 1490 737 infra
1504 677 1668 766 quatuor
1681 661 1768 739 dies
1781 691 1804 738 a
1817 691 1952 772 recep

514 802 621 878 cione
638 827 705 875 sua
724 797 803 901 ipse
822 794 927 872 testis
946 792 1020 870 luit
1038 790 1230 868 consessus
1249 791 1297 867 de
1311 791 1490 898 predictis
1510 791 1722 885 erroribus,
1744 794 1785 869 in
1806 795 1950 901 capella

514 935 552 1008 in
574 959 648 1037 qua
664 928 784 1004 fuerat
802 942 985 1032 receptus,
1006 919 1109 999 fratri
1130 922 1322 1026 Stephano
1339 923 1386 999 de
1404 923 1614 1000 Pontissara
1623 923 1772 1000 ordinis
1781 923 1942 1004 flatrum

514 1063 722 1147 Minorum,
744 1075 834 1133 tunc
854 1053 1099 1134 commoranti
1121 1053 1161 1129 in
1185 1055 1373 1131 conventu
1397 1081 1531 1130 eorum
1552 1053 1760 1144 Meldensi,
1779 1057 1843 1161 qui
1867 1056 1942 1134 fuit

395 1273 400 1284 ,
477 1204 483 1213 ’
515 1191 620 1267 valde
641 1187 869 1295 stupefactus
887 1186 934 1263 de
948 1184 1139 1292 predictis,
1155 1200 1193 1258 et
1207 1183 1450 1290 interrogavit
1466 1211 1556 1261 eum
1574 1184 1605 1260 si
1622 1183 1765 1262 fecerat
1778 1188 1941 1291 predicta

517 1350 560 1397 ex
580 1320 709 1406 corde;
728 1345 805 1424 quo
825 1317 1078 1422 respondente
1099 1314 1204 1420 quod
1231 1341 1326 1406 non,
1358 1314 1516 1392 absolvit
1540 1342 1642 1402 eum,
1672 1315 1854 1422 imposita
1875 1317 1944 1395 sibi

515 1449 728 1556 penitencia
750 1447 855 1554 quod
868 1446 1060 1554 jejunaret
1081 1472 1309 1551 perannum
1334 1446 1446 1523 sextis
1471 1445 1573 1522 feriis
1592 1445 1631 1522 in
1653 1474 1754 1551 pane
1773 1465 1815 1524 et
1835 1476 1941 1556 aqua,

517 1581 621 1686 quod
641 1595 679 1656 et
697 1577 795 1655 lecit.
818 1577 949 1655 Credit
970 1576 1075 1682 quod
1095 1575 1329 1683 negligentes
1353 1575 1524 1664 luenmt,
1548 1576 1579 1652 si
1605 1575 1779 1654 sciebant
1803 1606 1944 1656 errores

518 1728 556 1787 et
575 1738 651 1786 non
678 1724 922 1786 correxerunt
945 1736 1014 1783 nec
1035 1706 1357 1784 denunciaverunt
1380 1706 1562 1799 Ecclesie3
1588 1707 1657 1784 sed
1681 1710 1804 1816 magis
1828 1711 1942 1786 credit

517 1841 622 1949 quod
640 1868 785 1918 errores
804 1866 872 1944 per
898 1866 987 1915 eum
1015 1837 1212 1916 confessati
1239 1864 1316 1914 non
1342 1837 1612 1915 intervenirent
1634 1838 1674 1914 in
1698 1839 1863 1917 aliorum
1883 1869 1943 1918 re-

518 1972 759 2078 cepcionibus
783 1999 898 2077 quarn
922 1970 1163 2047 contrarium.
1192 1970 1234 2045 ln
1265 1967 1357 2045 locis
1382 1969 1421 2045 in
1447 1968 1587 2075 quibus
1611 1968 1686 2047 fuit
1709 1988 1883 2049 moratus
1908 1974 1944 2048 in

518 2101 668 2191 ordine,
690 2102 783 2177 vidit
802 2101 1027 2177 elemosinas
1046 2117 1085 2176 et
1102 2098 1396 2205 hospitalitatem
1415 2101 1681 2191 convenienter
1696 2104 1858 2191 servari,
1885 2105 1945 2181 sed

519 2231 659 2308 audivit
679 2231 750 2306 dici
767 2230 871 2336 quod
887 2231 925 2306 in
939 2230 1130 2336 aliquibus
1141 2229 1233 2307 locis
1247 2230 1582 2336 restringebantur,
1597 2248 1635 2308 et
1648 2231 1758 2338 quod
1776 2234 1947 2339 capitulla

519 2361 613 2439 clam
626 2361 864 2452 tenebantur,
879 2362 1035 2439 credens
1046 2361 1085 2437 in
1099 2361 1233 2438 ordine
1246 2360 1360 2438 luisse
1375 2378 1562 2438 servatum
1576 2363 1684 2469 quod
1698 2390 1863 2471 magnus
1875 2367 1948 2443 lda-

518 2493 632 2598 gister
651 2521 738 2568 curn
756 2509 941 2568 conventu
961 2491 1167 2578 statuisset,
1186 2508 1224 2568 et
1238 2491 1343 2597 quod
1364 2491 1518 2597 grandia
1537 2491 1712 2581 scandala
1731 2512 1861 2571 exorta
1878 2495 1947 2573 sint

519 2640 645 2699 contra
666 2622 839 2699 ordinem
859 2639 1013 2728 propter
1030 2621 1094 2697 illa
1116 2650 1190 2728 que
1218 2622 1468 2727 imponuntur
1487 2621 1631 2712 eidem;
1653 2640 1693 2700 et
1711 2625 1857 2702 audivit
1877 2626 1946 2703 dici

518 2752 623 2857 quod
642 2781 800 2858 magnus
824 2750 1002 2856 Magister
1026 2751 1150 2827 etalii
1178 2749 1337 2827 confessi
1361 2769 1449 2827 sunt
1477 2751 1625 2857 aliquos
1648 2779 1795 2831 errores
1818 2771 1942 2830 contra

519 2882 703 2957 ordinem.
726 2882 784 2958 Ad
805 2882 912 2987 cujus
932 2882 1205 2974 deffensionem
1225 2909 1266 2957 se
1286 2881 1375 2957 alias
1394 2909 1471 2957 non
1492 2881 1703 2976 obtulerat,
1720 2912 1787 2960 nec
1806 2885 1858 2960 sic
1878 2887 1942 2960 de·

519 3011 646 3115 posuit
663 3038 791 3115 prece,
808 3029 1005 3117 precepto,
1021 3013 1175 3099 timore,
1197 3038 1341 3100 amore,
1362 3012 1469 3100 odio,
1488 3011 1548 3088 vel
1566 3014 1765 3120 temporali
1784 3016 1943 3094 comodo

520 3139 649 3216 habito
674 3139 732 3214 vel
752 3139 945 3230 babendo,
970 3141 1037 3216 sed
1056 3171 1125 3246 pro
1151 3141 1310 3218 dicenda
1329 3144 1500 3233 veritate,
1524 3160 1567 3219 ut
1587 3143 1700 3234 dixit3
1721 3147 1782 3223 cui
1801 3145 1875 3225 fuit
1894 3149 1947 3224 in-

516 3273 691 3377 junctum
711 3270 815 3373 quod
833 3298 909 3346 non
930 3271 1111 3348 revelaret
1129 3274 1224 3348 banc
1244 3301 1349 3349 suam
1371 3273 1656 3378 deposicionem
1676 3304 1876 3383 quousque
1896 3296 1947 3354 at·

519 3402 740 3477 testaciones
759 3400 900 3476 fuerint
919 3401 1119 3506 publicate.

577 3531 666 3606 Acta
683 3529 838 3608 suerunt
858 3534 928 3608 hoc
949 3532 1057 3609 dictis
1078 3533 1139 3608 die
1159 3551 1196 3608 et
1216 3533 1314 3624 loco,
1336 3534 1576 3638 presentibus
1590 3537 1758 3641 magistro
1774 3536 1939 3625 Amisio,

521 3690 580 3736 me
603 3662 854 3738 Floriamonte
873 3663 1087 3750 Dondedei‚
1112 3681 1148 3739 et
1169 3665 1250 3740 aliis
1270 3666 1424 3741 notariis
1444 3695 1557 3771 supra
1575 3667 1705 3744 ultimo
1721 3667 1938 3744 nominatis.

577 3925 665 3998 Post
681 3925 768 4009 hec,
791 3923 852 3999 die
873 3926 1029 4001 Veneris
1050 3926 1239 4031 sequenti,
1260 3956 1333 4030 quo
1354 3924 1424 4001 luit
1443 3928 1575 4032 quinta
1597 3927 1680 4003 dies
1701 3926 1790 4002 dicti
1810 3929 1946 4004 mensis

520 4051 732 4141 Februarii,
760 4071 1015 4130 convenerunt
1041 4055 1080 4129 in
1117 4057 1215 4132 dicta
1243 4055 1357 4132 domo
1390 4056 1479 4132 dicti
1508 4057 1655 4134 domini
1681 4057 1846 4163 episcopi
1874 4060 1946 4135 Ma·

519 4183 690 4286 tlreus0et
709 4183 993 4259 archidiaconus
1012 4184 1273 4274 Tridentinus,
1297 4204 1335 4261 et
1353 4185 1425 4262 fuit
1445 4187 1630 4263 adductus
1650 4188 1698 4264 ad
1716 4189 1945 4293 presenciam

522 4313 743 4389 eorumdem
775 4313 888 4390 frater
915 4313 1143 4392 Guillelmus
1177 4316 1223 4392 de
1250 4316 1454 4423 Arreblayo
1486 4317 1774 4396 elemosinarius
1806 4321 1945 4427 regius,

521 4443 737 4521 Parisiensis
754 4445 928 4530 diocesis,
946 4462 1143 4551 preceptor
1163 4447 1299 4524 domus
1314 4449 1461 4553 Templi
1485 4449 1532 4527 de
1553 4451 1728 4557 Soysiaco
1748 4451 1947 4529 Meldensis

523 4571 696 4660 diocesis,
719 4577 897 4663 serviens,
919 4578 1024 4653 testis
1045 4606 1157 4682 supra
1169 4577 1330 4683 juratus,
1352 4597 1396 4655 ut
1416 4580 1625 4684 deponeret
1650 4581 1800 4659 dictum
1821 4611 1944 4660 suum:

522 4724 599 4772 non
621 4701 806 4777 defferens
825 4703 1047 4780 mantellum
1068 4706 1229 4795 ordinis,
1246 4708 1356 4814 quia,
1377 4738 1464 4785 oum
1484 4709 1545 4784 alii
1568 4710 1701 4787 fratres
1721 4712 1869 4790 ordinis
1888 4711 1943 4787 ab

517 4826 678 4932 jecerint
698 4832 895 4909 mantellos
920 4864 1008 4912 suos
1036 4837 1075 4912 in
1106 4839 1265 4916 concilio
1296 4838 1523 4931 Senonensi,
1546 4841 1681 4947 aliqui,
1703 4843 1773 4947 qui
1799 4841 1947 4947 recipie-
