4080 6052
520 530 597 602 202
623 546 632 559 ·
906 501 1100 596 raoans
1127 516 1221 593 nus
1246 517 1550 592 rnurmnns.

518 671 577 748 vel
589 670 727 777 rigore,
740 669 861 744 immo
876 692 964 742 cum
976 660 1364 742 exterminato‘lnrore
1382 661 1508 739 subito
1527 658 1622 766 capti
1640 658 1796 738 fuerunt
1813 688 1951 740 omnes
1994 662 1999 671 '

457 902 460 907 ι
521 801 653 879 fratres
670 797 841 908 ejusdem
859 795 1003 874 ordinis
1019 794 1062 871 in·
1077 815 1195 901 regno
1214 793 1386 881 Francia,
1407 809 1445 869 et
1462 809 1656 899 tamquam
1675 814 1762 870 oves
1781 792 1832 870 ad
1851 793 1953 872 occi-

522 932 668 1009 sionem
688 930 808 1016 ducti,
825 927 952 1005 subito
967 926 1078 1004 bonis
1096 942 1135 1004 et
1149 923 1265 1002 rebus
1282 924 1362 1002 auis
1380 923 1558 1003 omnibus
1575 923 1740 1030 spoliati,
1760 923 1852 1003 diris
1868 950 1949 1003 car-

443 1036 446 1042 *
522 1060 672 1139 ceribus
690 1058 905 1166 mancipati,
927 1073 967 1135 et
988 1080 1058 1167 per
1081 1055 1227 1133 diversa
1245 1070 1288 1133 et=
1308 1056 1406 1132 varia
1424 1083 1564 1167 genera·
1582 1071 1880 1150 tormentorum,
1903 1086 1948 1135 er

522 1191 662 1298 quibus
679 1189 790 1268 multi
809 1188 973 1267 etmulti
991 1187 1147 1265 berum
1164 1187 1322 1274 mortui,
1344 1187 1454 1264 multi
1476 1203 1662 1294 perpetuo
1684 1187 1886 1279 debilitati,
1909 1206 1948 1265 et

523 1321 632 1399 multi
648 1319 697 1398 ad
710 1337 878 1427 tempus,
895 1318 1039 1396 cohacti
1054 1317 1211 1395 brenmt
1225 1317 1377 1395 mentiri
1395 1333 1524 1394 contra
1540 1346 1581 1396 se
1598 1319 1699 1425 ipsos
1716 1334 1755 1396 ct
1769 1318 1946 1397 ordinem

522 1476 653 1540 suum,
679 1467 718 1528 at
739 1478 810 1558 per
833 1449 1019 1556 predictas
1042 1448 1255 1554 capciones,
1280 1448 1545 1555 spoliaciones,
1571 1448 1772 1527 violencias
1801 1466 1840 1527 et
1867 1467 1951 1527 tor-=

523 1598 664 1669 menta,
685 1580 877 1658 sublatum
893 1578 966 1663 fuit
982 1579 1036 1656 eis
1054 1576 1218 1656 totaliter
1234 1579 1400 1657 liberum
1417 1578 1632 1670 arbitrium,
1649 1580 1761 1688 quod
1774 1597 1832 1658 est
1847 1581 1947 1688 quic·

522 1710 725 1818 quidboni
744 1711 1004 1819 potestbomo
1023 1707 1163 1786 habere
1182 1739 1191 1786 ε
1213 1709 1315 1786 unde
1340 1710 1406 1815 qui
1434 1724 1535 1786 caret
1557 1708 1679 1786 libero
1699 1708 1870 1801 arbitrio,
1894 1738 1946 1788 ce

522 1860 581 1918 rot
600 1842 704 1919 omni
721 1842 841 1934 bono,
859 1841 1033 1930 sciencia,
1052 1839 1234 1918 memoria
1249 1856 1288 1916 et
1304 1840 1508 1918 intellectu.
1527 1841 1626 1948 Ergo
1646 1840 1826 1948 quioquid
1843 1839 1944 1917 dicat

523 1972 563 2048 in
581 1972 644 2050 tali
667 1989 781 2064 statu,
802 2000 873 2048 nec
897 1970 985 2061 sibi,
1007 1998 1078 2048 nec
1097 1970 1221 2048 ordini
1246 1996 1320 2048 suo·
1340 1971 1575 2079 prejudicare
1597 1969 1712 2048 debet
1728 1971 1787 2047 vel
1805 1986 1940 2078 potest

523 2103 649 2194 Quare
674 2112 938 2209 protestantur,
962 2119 1001 2178 ct
1019 2102 1151 2179 dicunt
1175 2101 1280 2208 quod
1299 2101 1330 2179 si
1350 2101 1445 2209 quid
1463 2102 1712 2179 testificentur
1734 2102 1795 2179 vel
1819 2101 1943 2179 dicant

522 2231 639 2339 aliqui
663 2231 795 2311 batres
814 2232 966 2338 Templi
988 2249 1117 2310 contra
1140 2227 1365 2339 religionem
1389 2261 1513 2326 suam,
1534 2232 1592 2309 vel
1616 2249 1744 2311 contra
1763 2262 1804 2310 se
1825 2234 1939 2340 ipsos,

522 2388 599 2439 non
618 2364 829 2472 prejudicet
847 2363 1019 2472 religioni
1039 2363 1208 2471 predicte
1226 2364 1287 2441 vel
1305 2363 1389 2442 sibi.

577 2494 688 2585 ltem,
705 2495 826 2602 quod,
840 2513 884 2573 ut
897 2492 1044 2572 facilius
1058 2510 1097 2572 ct
1110 2493 1248 2572 melius
1263 2510 1415 2601 possent
1430 2494 1558 2571 induci
1576 2495 1707 2572 fratres
1721 2495 1882 2602 predicti
1896 2496 1943 2572 ad

522 2625 790 2703 menciendum
813 2642 852 2702 et
876 2625 1157 2703 testificandum
1181 2641 1310 2702 contra
1335 2654 1374 2702 se
1399 2625 1500 2731 ipsos
1525 2643 1564 2703 et
1586 2625 1775 2719 ordinem,
1805 2623 1943 2705 daban·

521 2771 584 2831 tur
605 2756 659 2831 eis
677 2756 802 2833 littere
828 2784 915 2832 cum
934 2753 1039 2831 bulla
1059 2754 1203 2832 domini
1228 2756 1338 2863 Bagis
1362 2756 1559 2862 pendenti,
1587 2757 1647 2849 de·
1660 2758 1942 2836 conservacione

522 2884 782 2962 membrorum
795 2903 835 2963 et
844 2887 931 2974 vite,
954 2915 994 2961 ac
1011 2885 1207 2978 libertatis,
1222 2915 1264 2962 ac
1277 2886 1380 2963 omni
1398 2914 1506 2993 pena,
1519 2904 1557 2962 et
1574 2887 1776 2994 diligenter
1793 2888 1943 2965 caveba-

521 3028 585 3086 tur
605 3013 748 3090 eisdem
769 3016 816 3092 de
836 3015 936 3091 bona
954 3016 1165 3122 provisione
1184 3033 1222 3093 ct
1238 3017 1382 3124 magnis
1401 3016 1615 3094 redditibus
1634 3016 1706 3094 sibi
1728 3018 1860 3096 dandis
1878 3048 1942 3095 an-

522 3143 667 3218 nuatim
688 3144 727 3220 in
746 3145 818 3221 vita
838 3146 1023 3251 ipsorum,
1045 3146 1276 3250 predicendo
1301 3173 1450 3253 semper
1475 3147 1529 3224 eis
1553 3148 1657 3252 quod
1678 3148 1773 3225 ordo
1793 3150 1938 3256 Templi

522 3292 601 3350 erat
613 3275 910 3381 condempnatus
920 3275 1087 3352 omnino.
1098 3276 1206 3353 Unde
1217 3305 1457 3384 quecumque
1472 3274 1599 3353 contra
1613 3278 1757 3354 dictum
1768 3279 1940 3358 ordinem

520 3406 651 3483 fratres
666 3407 816 3513 Templi
833 3406 1009 3498 dixerint,
1034 3407 1179 3513 corupti
1199 3424 1289 3483 sunt
1306 3436 1350 3483 ex
1365 3409 1484 3484 causis
1499 3407 1688 3513 predictis.
1706 3412 1797 3485 Nam
1815 3413 1940 3488 omnia

520 3536 687 3640 predicta
711 3555 800 3615 sunt
820 3538 869 3614 ita
887 3535 1038 3644 publica
1059 3554 1098 3613 et
1116 3538 1277 3629 notoria,
1300 3538 1404 3645 quod
1423 3538 1527 3614 nulla
1546 3555 1704 3643 possunt
1721 3539 1939 3644 tergiversa-

520 3669 626 3744 cione
643 3668 766 3746 celari.
781 3671 905 3763 Quare
923 3684 1178 3774 protestantur
1193 3669 1297 3775 quod
1313 3698 1388 3747 non
1404 3670 1616 3777 prejudicet
1630 3668 1796 3777 religioni
1813 3673 1939 3777 predi-

520 3816 680 3890 cte,cum
700 3799 770 3875 hec
790 3799 916 3876 omnia
935 3799 1011 3875 sint
1033 3800 1167 3905 parati,
1190 3818 1228 3876 et
1252 3828 1290 3876 sc
1312 3800 1470 3877 offerant
1495 3800 1741 3878 incontinenti
1764 3803 1935 3907 probare.

575 3932 686 4016 Item,
708 3931 813 4038 quod
831 3958 963 4007 omnes
982 3929 1081 4007 bone
1102 3931 1408 4037 presumpciones
1427 3930 1568 4008 faciunt
1586 3960 1655 4038 pro
1675 3930 1809 4009 ordine
1826 3936 1936 4011 Tem-

518 4059 588 4162 pli,
615 4078 743 4137 contra
771 4088 864 4167 quas
892 4061 1137 4166 probaciones
1161 4061 1201 4137 iu
1229 4062 1457 4139 contrarium
1487 4063 1600 4168 recipi
1629 4091 1705 4138 non
1734 4063 1933 4152 deberent;

522 4190 658 4291 primo,
680 4192 768 4299 quia
789 4192 918 4270 nullus
938 4192 1054 4269 debet
1074 4192 1176 4270 credi
1197 4210 1274 4269 tam
1294 4193 1419 4271 fatuus
1439 4193 1497 4269 vel
1517 4192 1685 4279 insanus,
1707 4195 1773 4300 qui
1794 4195 1833 4270 in
1854 4223 1934 4300 pcr-

519 4319 666 4397 dicione
686 4325 809 4400 anime
830 4353 896 4400 suc
917 4323 1139 4430 religionem
1159 4325 1316 4403 intraret
1334 4325 1392 4402 vel
1411 4342 1676 4431 perseveraret.

574 4451 679 4542 ltem,
699 4454 786 4558 quia
803 4453 913 4530 multi
929 4453 1076 4531 nobiles
1096 4471 1134 4530 et
1152 4473 1325 4560 potentes
1339 4454 1569 4532 diversarum
1586 4454 1793 4561 patriarum
1811 4473 1850 4532 et
1865 4474 1934 4532 ter·

518 4606 661 4668 rarum,
680 4609 843 4685 quorum
859 4583 973 4689 aliqui
994 4584 1102 4660 valde
1123 4587 1283 4692 antiqui,
1303 4603 1340 4662 et
1360 4587 1398 4663 in
1419 4585 1546 4662 seculo
1565 4585 1633 4661 viri
1655 4585 1765 4662 multi
1786 4584 1927 4671 famosi,

519 4706 675 4782 honeste
693 4735 868 4813 persone,
888 4716 993 4791 aede
1013 4717 1156 4823 magnis
1176 4717 1378 4823 generibus
1401 4716 1564 4806 oriundi,
1584 4717 1667 4823 qui,
1686 4715 1768 4793 zelo
1793 4714 1928 4792 accensi

518 4836 606 4912 fidei
634 4837 858 4924 orthodoxe,
879 4843 1033 4944 professi
1061 4845 1215 4923 fuerunt
1241 4849 1278 4923 in
1300 4848 1437 4931 ,ordine
1463 4846 1627 4951 Templi,
1655 4863 1929 4951 perseverantes
