4080 6052
478 530 670 627 esoces
695 550 1114 644 nnsssrnnnttntas
1426 555 1499 631 aas

88 697 246 772 luntarie
265 695 402 771 fecerat
418 693 489 769 sibi
509 694 590 770 radi
609 690 780 781 barbam,
808 720 897 771 cum
918 706 1003 801 ‘quo
1020 695 1149 772 fuerat·
1165 695 1260 772 alias·
1278 697 1500 802 inquisitum

85 854 154 931 per
174 827 371 902 dominum
391 824 609 930 episcopum
626 822 933 901 Aurelianensem
954 820 1129 915 Senonis,
1151 826 1247 903 'sede
1259 843 1427 916 vacante,
1454 828 1500 904 de

84 955 181 1032 facto
200 984 292 1045 suo,¹
309 973 347 1033 et
364 954 487 1032 inerat
505 955 701 1033 absolutus
719 968 757 1031 et
774 956 1036 1035 reconciliatus
1057 985 1126 1064 per
1145 976 1258 1047 etrrn,
1276 974 1502 1051 mereretu-

82 1087 132 1163 tis
151 1088 298 1164 circiter
312 1080 438 1165 xxxnn
457 1102 663 1174 annorum,
684 1102 737 1161 ut·
753 1084 858 1164 dixit.
878 1089 998 1165 Lectis
1017 1106 1143 1165 autem
1164 1082 1422 1194 etdiligenter
1441 1116 1502 1166 ex·

82 1219 214 1321 positis
231 1214 305 1293 sibi
324 1215 504 1293 omnibus
520 1232 561 1292 et
575 1214 732 1322 singulis
748 1216 928 1307 articulis,
948 1218 1141 1324 respondit
1155 1217 1203 1293 ad
1216 1214 1298 1308 eos,
1321 1218 1499 1323 etpn'mo

85 1348 132 1424 ad
151 1347 294 1453 primos
312 1373 378 1436 nn,
406 1362 450 1421 ut
472 1344 672 1450 sequitant
689 1344 864 1423 videlicet
882 1374 922 1423 se
941 1347 1094 1423 credere
1119 1347 1224 1453 quod
1247 1349 1500 1425 communiter

84 1479 341 1583 reciperentur
368 1476 407 1551 in
432 1474 565 1551 ordine
592 1464 788 1580 sicutipse
811 1474 1144 1582 sueratreceptus3
1169 1504 1246 1553 non
1270 1494 1396 1553 tamen
1421 1498 1500 1556 erat

84 1611 132 1687 de
151 1610 224 1685 boc
242 1624 382 1698 certus,
404 1604 492 1712 quia
511 1603 830 1682 non-interfuerat
847 1607 1057 1712 recepcioni
1078 1607 1235 1714 aiicujus
1254 1607 1408 1685 alterius
1427 1608 1498 1686 sra-

81 1741 149 1816 tris
179 1739 338 1826 ordinis,
371 1764 443 1813 nec
468 1735 640 1841 capitulis
661 1762 807 1812 eorum.
825 1736 917 1841 'lpse
944 1754 1070 1814 autern
1096 1737 1217 1813 iuerat
1239 1754 1429 1843 receptus,
1452 1756 1499 1816 ut

83 1872 189 1963 dixit,
208 1898 277 1977 per
285 1869 437 1979 fratrem
452 1868 662 1945 Jobannem
680 1865 729 1942 de
749 1884 875 1944 sancto
887 1866 1016 1957 Clero,
1029 1868 1189 1944 condam
1201 1885 1294 1943 tunc
1305 1887 1500 1975 precepto-

81 2030 164 2077 rem
186 2002 323 2077 domus
336 1998 487 2104 Templi
507 1998 555 2075 de
575 1997 695 2075 Salice
715 2025 829 2104 super
841 2000 987 2074 Yonem
1001 1996 1310 2077 Altisiodcrensis
1319 2000 1496 2092 diocesis,

83 2135 121 2208 in
150 2131 289 2237 capella
313 2130 411 2206 dicte
437 2129 590 2215 domus,
616 2129 711 2206 circa
735 2129 898 2205 mediant
920 2124 1272 2238 Quadragessintam
1299 2130 1496 2207 instantem

83 2279 195 2338 erunt
223 2288 270 2339 vn
296 2258 384 2335 anni
411 2256 471 2333 vel
490 2257 601 2344 c'irca,
621 2257 860 2362 presentibus
884 2257 1060 2334 fratribus
1086 2257 1291 2336 Guiilelmo
1321 2259 1495 2349 Lenfant,

82 2393 250 2470 iohanne
271 2392 380 2466 Perre
401 2404 439 2464 et
457 2388 625 2463 Jobanne
646 2387 693 2464 de
722 2385 905 2465 Menestal
929 2403 967 2462 et
984 2387 1204 2485 Vincencio,
1229 2391 1337 2496 cujus
1361 2418 1499 2496 cogno-

83 2553 170 2600 men
189 2523 349 2628 ignorat,
371 2536 410 2595 et
427 2518 603 2595 iohanne.
620 2518 658 2594 lo
684 2519 798 2606 Petit,
823 2514 1072 2594 servientibus
1099 2514 1313 2610 deffunctis,
1338 2519 1377 2595 in
1397 2521 1498 2599 bunc

82 2655 252 2731 modum.
274 2654 364 2728 Nam
382 2658 474 2726 ‘cum
493 2648 667 2754 peciisset
685 2675 822 2753 panem
846 2665 886 2727 et
905 2674 1040 2753 aquam
1061 2648 1231 2738 ordinis,¹
1250 2648 1373 2727 dictus
1397 2678 1499 2731 rece-

81 2803 165 2893 ptor
184 2784 277 2861 dixit
293 2782 329 2859 ei'
348 2780 453 2887 quod
462 2779 644 2887 grandem
657 2806 738 2855 rem
748 2777 924 2884 petebat,¹
936 2794 976 2854 et
992 2779 1098 2885 quod
1112 2777 1212 2856 bene
1226 2779 1435 2859 adverteret
1450 2784 1498 2860 ad

81 2917 169 3007 hoc,
189 2914 276 3020 quia
294 2929 385 2988 tunc
405 2926 485 2986 erat
500 2908 599 2986 liber
616 2909 839 2998 etfrancus,
867 2925 906 2984 et
931 2927 1162 3014 supponeret
1183 2936 1224 2987 se
1246 2912 1498 3004 servituti-et
1609 2988 1616 2997 ,

81 3044 198 3122 multa
217 3043 311 3119 dura
330 3057 521 3146 oporteret
540 3037 667 3116 subire
688 3040 863 3117 eundem.
885 3040 984 3134 Quo·
996 3040 1248 3145 respondente
1273 3068 1313 3117 se
1335 3042 1498 3122 votunu-

80 3193 158 3251 tem
172 3173 310 3251 habere
328 3172 376 3248 ad
395 3172 492 3248 bene
512 3168 742 3262 faciendum,
762 3170 863 3246 etad
883 3170 1181 3276 supportandum
1201 3197 1314 3248 onera
1332 3175 1493 3266 ordinis,

79 3304 168 3383 fecit
198 3332 284 3381 eum
312 3326 449 3379 vovera
471 3301 694 3391 castitatem,
723 3299 999 3390 obedienciam,
1023 3301 1200 3378 etvivere
1225 3302 1305 3379 sine
1325 3306 1494 3410 proprio,

80 3453 117 3512 et
141 3432 296 3511 tradidit
316 3430 386 3509 sibi
408 3430 628 3507 mantellum
652 3430 814 3521 ordinis,
837 3448 875 3507 et
894 3431 1084 3508 osculatus
1100 3430 1171 3507 suit
1191 3460 1280 3508 eum
1301 3433 1339 3507 in
1359 3461 1436 3525 ore,
1459 3453 1497 3512 et

80 3595 212 3643 omnes
231 3565 361 3641 fratres
380 3578 541 3639 astantes
565 3561 720 3638 osculati
738 3560 902 3638 ¹suerunt
925 3561 1049 3667 ipsum
1068 3577 1204 3637 testem
1225 3562 1263 3637 in
1284 3591 1367 3653 ore,
1388 3580 1427 3641 et
1442 3565 1497 3642 ie·

80 3698 129 3773 cit
148 3720 235 3772 eum
252 3696 379 3801 jurare
400 3720 514 3798 super
529 3694 721 3798 quendam
739 3692 897 3781 librum,
914 3693 954 3766 in
974 3718 1050 3797 quo
1072 3709 1150 3768 erat
1168 3720 1300 3802 ymago
1319 3693 1493 3774 Crucifixi

80 3824 245 3929 depicta,
263 3841 308 3900 ut
324 3822 394 3900 sibi
405 3822 564 3910 videtur,
584 3822 689 3927 qnod
703 3838 865 3898 servaret
882 3839 1021 3898 secreta
1040 3821 1199 3915 ordinis,
1221 3841 1258 3901 et
1275 3826 1381 3931 quod
1401 3846 1497 3904 esset

80 3954 264 4032 obediens
290 3950 553 4058 superioribus
572 3952 661 4029 suis.
687 3953 775 4027 Post
803 3980 878 4058 que
900 3952 1071 4057 precepit
1093 3954 1136 4028 -ei
1165 3955 1270 4059 quod
1297 3955 1497 4063 abnegaret

79 4085 204 4162 Deum
225 4092 264 4161 et
281 4082 385 4190 quod
405 4097 558 4186 spueret
576 4109 689 4185 super
706 4081 918 4189 ymaginem
936 4081 1162 4187 predictam,
1184 4084 1361 4189 quiahoc
1381 4087 1496 4165 debe·

79 4215 142 4292 bat
167 4215 305 4306 facere,
333 4230 380 4289 nt
404 4211 511 4300 dixit,
540 4211 749 4287 secundum
775 4227 912 4317 puncta
938 4211 1097 4301 ordinis,
1124 4230 1162 4290 et
1186 4214 1264 4318 ipse
1283 4217 1389 4294 testis
1409 4248 1494 4296 cum

80 4346 210 4423 dolore
231 4345 371 4432 cordis,
391 4360 434 4419 ut
453 4340 564 4430 dixit,
586 4342 732 4449 negavit
751 4370 816 4419 ore
840 4368 917 4418 non
940 4342 1071 4432 corde,
1099 4360 1137 4419 et
1158 4345 1259 4450 spuit
1281 4374 1358 4423 non
1385 4378 1496 4455 supra

79 4475 147 4551 sed
164 4476 269 4580 juxta
299 4475 416 4579 ipsam
441 4472 671 4578 ymaginem,
700 4473 741 4549 in
764 4490 879 4561 terra3
907 4490 944 4550 et
967 4473 1084 4581 magis
1106 4474 1299 4568 voluisset,
1321 4495 1364 4555 ut
1383 4480 1494 4574 dixit,

79 4604 255 4682 babuisse
276 4604 338 4680 iila
356 4603 418 4679 die
441 4602 569 4679 tibiam
590 4602 742 4680 fractam
769 4621 807 4680 et
831 4604 949 4680 eciam
967 4603 1187 4697 brachium,
1208 4636 1322 4714 quam
1338 4612 1427 4717 quia
1442 4612 1497 4690 ie-

79 4738 129 4814 cit
147 4734 325 4841 predicta.
347 4735 450 4813 Dixit
473 4735 630 4840 insuper
647 4735 860 4841 predictum
885 4752 1142 4842 preceptorem
1165 4738 1299 4817 dixisse
1319 4741 1354 4817 ei
1372 4743 1495 4848 quod,

76 4868 109 4945 si
135 4864 267 4943 fratres
288 4864 499 4972 indigerent
517 4865 635 4955 lecto,
654 4865 893 4945 acomodaret
910 4866 964 4945 eis
982 4895 1114 4958 suum,
1136 4885 1173 4947 et
1191 4872 1297 4979 quod
1317 4874 1498 4979 perenite-

163 5002 270 5066 rnocis
292 5024 343 5066 nes
364 5022 619 5065 retrectans-r.
1348 5008 1391 5077 ΔΑ
