4080 6052
477 524 1123 625 raooasnasrau'rmaas.
1205 585 1212 597 ·
1464 554 1510 629 tc

95 697 203 775 dictis
231 710 269 771 et
294 690 377 770 aliis
399 686 576 797 pluribus
603 689 851 795 perpensatis,
880 691 1181 768 deliberaverunt
1207 707 1246 768 et
1268 693 1514 772 decreverunt

94 826 194 925 aliud
203 824 400 932 publicum
412 821 578 898 edictum
592 849 660 926 per
674 848 740 932 eos
753 849 835 898 esse
850 821 976 899 denuo
991 821 1306 900 transmitendum
1321 822 1370 900 ad
1382 852 1512 904 omnes

92 951 641 1065 amhiepiscoposetepiecopos
652 951 740 1028 dicti
750 953 1028 1060 regni,vicari0s
1037 971 1075 1032 et
1088 953 1263 1033 officiales
1276 955 1510 1049 eorumdem,

91 1116 205 1195 super
218 1086 393 1164 citatione
413 1083 686 1161 evocandorum
706 1083 754 1159 ad
773 1083 1032 1163 defensionem
1052 1084 1142 1162 dicti
1162 1085 1320 1179 ordinis,
1343 1101 1381 1163 et
1395 1087 1512 1163 eciam

91 1220 140 1297 ad
157 1217 418 1297 testimonium
440 1212 736 1320 perhibendum,
757 1214 945 1320 prelatum
971 1216 1136 1293 edictum
1152 1218 1349 1308 ‚mittentes
1367 1246 1436 1324 per
1454 1218 1514 1295 lit-

91 1368 190 1427 teras
207 1366 392 1456 patentes,
413 1346 545 1452 sigillis
564 1373 697 1423 eorum
717 1344 756 1422 in
772 1346 952 1452 pendenti
973 1347 1164 1454 sigillatas,
1184 1366 1356 1426 tenorem
1371 1351 1436 1455 qui
1457 1376 1514 1428 se·

93 1480 222 1585 quitur
240 1478 472 1556 continentes
488 1479 500 1552 ε’

145 1740 437 1820 Venerabilibus
453 1740 492 1816 in
512 1738 662 1818 Christo
686 1740 871 1846 patribus,
893 1737 1058 1817 dominis
1085 1739 1155 1818 Dei
1184 1741 1304 1847 gracia
1337 1740 1513 1846 archiepi-

89 1898 200 1977 scopo
213 1871 434 1962 Senonensi,
452 1871 534 1978 ejus
549 1870 802 1978 suffraganeis,
818 1871 962 1947 vicariis
976 1887 1015 1948 et
1033 1869 1254 1949 officialibus
1271 1869 1510 1963 eorumdem,

89 2001 332 2080 miseracione
364 2003 576 2110 ejusdem...
603 2002 904 2109 archiepiscopus
933 2001 1227 2081 Narbonensis...
1255 2002 1509 2109 Bajocensis...

89 2129 336 2223 Mimatensis,
358 2148 397 2209 et
416 2133 691 2210 Lemovicensis
710 2133 888 2239 episcopi,
906 2161 976 2209 nec
994 2160 1072 2208 non
1092 2131 1267 2211 Mothous
1285 2130 1332 2209 de
1358 2130 1513 2238 Neapoli

89 2258 241 2364 majoris
265 2260 384 2338 Caleti
410 2261 721 2366 Rothomagensis
750 2263 851 2339 sedis
882 2261 1082 2368 apostolice
1111 2261 1293 2354 notarius,
1325 2262 1513 2340 lohannes

91 2388 139 2464 de
170 2391 324 2466 Mantua
350 2389 587 2478 Tridentino,
617 2407 656 2463 et
682 2393 869 2465 lohannes
892 2390 939 2465 de
968 2392 1097 2466 Monte
1124 2393 1247 2466 Lauro
1273 2391 1512 2496 Magalonen-

89 2517 139 2593 sis
178 2517 419 2593 ecclesiarum
453 2513 720 2606 archidiaconi,
746 2543 822 2592 una
856 2543 943 2591 cum
982 2514 1186 2591 venerabili
1216 2517 1295 2592 viro
1337 2519 1513 2624 magistro

90 2646 296 2724 Guillelmo
315 2645 451 2752 Agaroi
476 2641 641 2751 Aquen'si
661 2645 867 2750 preposito,
897 2645 1081 2749 legittime
1111 2662 1298 2735 excusato,
1330 2674 1416 2723 cum
1450 2646 1514 2724 illa

90 2776 397 2870 clausula,.Quod
411 2776 441 2853 si
456 2803 533 2851 non
548 2802 691 2863 omnes,
708 2791 777 2850 etc.
796 2774 845 2850 ad
861 2771 1093 2878 infrascripta
1105 2800 1175 2879 per
1191 2774 1320 2850 sedem
1338 2775 1512 2881 apostoli-

90 2935 170 2983 cam
190 2908 374 3014 deputati,
396 2906 556 2985 salntem
576 2922 615 2983 et
633 2904 818 2986 mandatis
842 2904 1053 3009 apostolicis
1072 2905 1279 2996 humiliter,
1299 2921 1514 2985 reverenter

90 3054 128 3113 et
145 3037 306 3115 firmiter
320 3036 486 3115 obedire.
513 3032 665 3111 Pn'dem
684 3031 790 3110 vobis
811 3049 848 3109 et
874 3030 1050 3110 omnibus
1070 3033 1150 3111 aliis
1170 3034 1455 3143 archiepiscopis
1475 3054 1513 3114 et
1533 3134 1540 3151 .

92 3166 274 3271 episcopis
303 3166 409 3272 regni
432 3163 601 3254 Francia,
622 3161 765 3239 vicariis
799 3178 837 3238 et
856 3161 1078 3239 officialibus
1107 3164 1253 3254 vestris,
1274 3163 1511 3272 signifficasse

90 3295 334 3372 meminimus
362 3293 524 3401 qualiter
543 3320 627 3384 nos,
648 3290 755 3397 juxta
774 3291 1047 3369 commissionis
1069 3292 1179 3371 nohis
1197 3293 1290 3370 facte
1317 3324 1338 3371 a
1357 3293 1511 3374 domino

88 3442 218 3503 nostro
241 3455 392 3505 summo
411 3421 589 3502 Pontifice
612 3439 802 3514 tenorem,
822 3449 891 3527 pro
916 3423 1163 3530 inquisicione
1192 3442 1320 3502 contra
1339 3426 1513 3532 Templa-

88 3554 232 3633 riorum
252 3558 424 3634 ordinem
443 3555 483 3632 in
503 3554 603 3631 dicto
622 3579 741 3658 regno
759 3552 912 3629 Francia
931 3552 1114 3644 facienda,
1136 3554 1358 3631 vocabamus
1373 3573 1410 3633 et
1424 3556 1512 3633 cita-

88 3681 220 3764 hamus
254 3716 323 3793 per
346 3684 544 3792 publicum
574 3681 758 3758 citationis
785 3681 949 3760 edictum
975 3682 1271 3789 perhemptorie,
1287 3686 1511 3762 auctoritate

87 3812 199 3889 nohis
224 3816 359 3892 tra-dite
377 3813 584 3920 potestatis,
604 3812 816 3918 predictum
838 3813 1009 3891 ordinem
1035 3814 1354 3920 Templariorum,
1383 3813 1513 3892 fratres

91 3938 179 4015 dicti
195 3941 337 4018 ordinis
352 3960 391 4018 et
404 3970 535 4019 omnes
547 3942 768 4034 evocandos,
784 3958 829 4018 ut
842 3941 964 4048 prima
978 3944 1040 4020 die
1052 3972 1129 4022 non
1141 3943 1269 4021 seriata
1281 3961 1366 4050 post
1375 3942 1513 4020 festum

89 4069 189 4146 beati
212 4070 362 4147 Martini
377 4070 540 4149 hiemale
552 4087 643 4145 tunc
665 4099 843 4176 aequem,
855 4099 957 4147 nunc
972 4099 1062 4148 vero
1077 4073 1242 4176 lapsum,
1256 4090 1513 4177 comparerent

91 4198 319 4278 sufficienter
332 4226 457 4276 coram
471 4197 582 4276 nohis
600 4199 777 4290 Parisios,
800 4199 839 4274 in
859 4199 944 4274 aula
960 4199 1176 4304 episcopali,
1193 4199 1285 4277 hora
1303 4202 1440 4307 prime,
1457 4232 1514 4280 su·

90 4356 158 4434 per
176 4330 420 4408 contentisin
447 4327 555 4405 dictis
580 4326 714 4405 litteris
735 4327 961 4433 apostolicis,
983 4356 1145 4435 quarum
1163 4331 1426 4436 transcriptum
1449 4361 1512 4408 vo»

90 4457 349 4550 hismisimus,
371 4475 409 4537 et
423 4486 466 4535 ea
479 4456 734 4563 tangentibus,
756 4473 871 4564 prout
878 4456 1027 4563 justum
1043 4475 1154 4552 esset,
1173 4461 1394 4565 processuri.
1411 4458 1512 4538 Alio·

91 4588 184 4694 quin
204 4604 353 4667 extunc
372 4587 421 4665 ad
451 4604 625 4664 contenta
644 4588 684 4664 in
704 4586 812 4666 dictis
831 4587 963 4664 litteris
985 4589 1195 4694 apostolicis
1220 4590 1510 4695 procederemus

90 4718 215 4824 previa
228 4720 392 4811 racione,
410 4745 543 4797 eorum
561 4719 733 4795 absencia
747 4747 824 4796 non
844 4718 1026 4796 obstante.
1050 4721 1324 4827 Requisivimus
1342 4723 1508 4828 insuper,

95 4865 130 4927 et
148 4850 244 4929 dicta
262 4852 479 4930 auctoritate
499 4851 663 4928 districte
684 4851 957 4941 mandavimus,
981 4852 1085 4958 quod
1109 4881 1173 4930 vos
1193 4871 1231 4931 et
1248 4872 1415 4933 vestrum
1434 4855 1510 4930 sin-
