4080 6052
692 536 888 628 moces
913 554 1008 626 nus
1033 552 1332 625 inuramus.
1637 557 1718 628 ur

307 698 547 783 luitrintrare.
569 696 681 788 ltem,
703 722 747 770 ex
771 722 834 781 eo,
857 694 945 800 quia
970 692 1112 770 audivit
1133 691 1276 798 pluries
1305 693 1409 798 quod
1432 694 1587 799 quidam
1607 698 1720 775 Tem-

306 827 447 935 plarius
465 826 619 903 nomine
639 817 855 911 Gervasius,
877 825 925 901 de
945 853 1022 930 quo
1042 822 1219 928 deposuit
1238 811 1414 928 magistei
1433 822 1654 929 Radulphus
1671 824 1718 902 de

305 957 475 1045 Praellis,
496 955 660 1033 habebat
678 955 883 1062 quemdam
904 952 1337 1041 librum‚'continentem
1354 952 1462 1058 plura
1479 970 1613 1030 statuta
1631 955 1719 1031 dicti

261 1122 263 1126 ⁷
306 1088 448 1166 ordinis
461 1117 535 1194 que
545 1086 770 1164 videbantur
783 1084 844 1165 isti
859 1085 945 1161 testi
959 1084 1046 1161 satis
1059 1083 1175 1175 bona,
1198 1083 1259 1159 cui
1274 1083 1449 1162 Gervasio
1466 1081 1539 1190 [sic]
1555 1084 1648 1160 dixit
1658 1085 1719 1163 isti

305 1220 414 1298 testi:
434 1218 516 1296 Alia
535 1234 624 1295 sunt
639 1233 775 1293 statuta
792 1216 832 1291 in
849 1215 981 1292 ordine
999 1230 1127 1290 nostro
1145 1242 1258 1318 quam
1275 1213 1350 1290 sint
1366 1214 1446 1289 ista.
1465 1214 1512 1289 Et
1529 1214 1632 1292 idem
1647 1214 1721 1292 sra-

306 1367 365 1427 ter
380 1348 578 1428 Gervasius
600 1345 747 1423 dicebat
768 1345 874 1451 quasi
898 1344 1094 1450 gemendo
1107 1342 1211 1448 quod
1232 1360 1338 1419 erant
1358 1343 1429 1419 alia
1449 1362 1587 1449 puncta
1607 1347 1646 1422 in
1665 1346 1722 1423 di-

308 1496 367 1557 cto
384 1479 515 1556 ordine
533 1506 607 1583 que
626 1505 702 1553 non
722 1475 879 1552 auderet
897 1474 1009 1550 alicui
1029 1471 1210 1558 revelare,
1233 1472 1316 1549 etsi
1334 1471 1545 1561 revelleret,
1564 1476 1721 1553 haberet

307 1610 353 1687 de
379 1609 451 1685 hoc
472 1607 636 1683 multum
661 1606 749 1712 pati.
771 1605 987 1711 Requisitus
1006 1603 1074 1680 ubi
1098 1603 1171 1679 hoc
1195 1602 1353 1693 audivit,
1377 1603 1469 1680 dixit
1492 1605 1596 1711 quod
1620 1607 1720 1711 apud

304 1739 533 1816 Laudunum
553 1738 592 1812 in
615 1736 729 1814 domo
750 1735 898 1841 Templi
923 1765 1037 1842 quam
1062 1734 1164 1811 idem
1183 1733 1380 1814 Gervasius
1399 1735 1561 1812 tenebat.
1584 1738 1722 1842 Requi-

304 1869 397 1946 situs
414 1867 566 1975 quando
584 1869 658 1944 hoc
675 1866 832 1956 audivit,
853 1865 946 1942 dixit
961 1894 1030 1971 per
1048 1866 1143 1942 duos
1161 1893 1278 1941 annos
1294 1864 1353 1941 vel
1371 1864 1470 1940 circa¹
1483 1883 1567 1942 ante
1586 1867 1722 1972 capeio

306 2026 393 2074 nem
412 1997 727 2103 Templariorum.
758 1995 975 2102 Requisitus
1000 1995 1048 2071 de
1073 1995 1279 2072 astantibus
1287 1991 1303 2082 ,'
1326 1995 1420 2072 dixit
1446 1995 1552 2101 quod
1577 1995 1721 2103 aliquo-

307 2128 408 2204 ciens
424 2145 502 2204 erat
514 2109 632 2217 solui,
654 2126 804 2233 quando
818 2128 892 2204 hoc
907 2126 961 2202 eis
980 2125 1143 2217 dicebat,
1166 2143 1204 2202 et
1223 2125 1451 2233 aliquociens
1471 2115 1551 2204 erat
1568 2157 1721 2234 presens

306 2257 481 2362 magister
504 2253 726 2360 Radulphus
755 2255 801 2331 de
827 2253 980 2331 Praellis
1004 2271 1042 2329 et
1059 2253 1218 2330 lacobus
1242 2254 1289 2330 de
1313 2254 1466 2332 Nuliaco
1487 2257 1612 2333 clerici
1630 2275 1721 2334 tunc

307 2386 408 2492 apud
422 2385 651 2463 Laudunum
666 2399 950 2463 commorantes.
968 2383 1075 2472 Item,
1091 2381 1183 2458 dixit
1196 2411 1234 2459 se
1252 2384 1428 2486 suspicari
1444 2385 1621 2488 predicta,
1635 2389 1722 2493 quia

306 2517 404 2593 bene
428 2532 517 2592 sunt
542 2529 622 2591 11110‘
634 2515 729 2593 enni
756 2513 815 2591 vel
840 2513 936 2590 circa
960 2512 1081 2618 quod,
1104 2528 1252 2588 mortua
1280 2540 1394 2589 uxore
1415 2541 1497 2604 sua,
1519 2514 1597 2619 ipse
1617 2517 1721 2592 testis

307 2647 480 2723 affectans
499 2646 636 2721 intrare
658 2643 831 2720 ordinem
851 2639 999 2746 Templi
1020 2657 1058 2717 et
1076 2640 1215 2718 habere
1242 2669 1356 2717 unam
1376 2639 1539 2719 domum·
1554 2642 1640 2720 dicti
1662 2675 1722 2721 or-

306 2776 404 2853 dinis
428 2774 678 2882 propinquam
703 2771 835 2848 domui
860 2788 974 2877 quam
994 2769 1162 2861 tenebat,
1184 2769 1287 2846 idem
1311 2769 1425 2847 lrater
1443 2769 1641 2850 Gervasius'
1660 2804 1721 2852 ro-

305 2907 402 3014 gavit
417 2907 541 3013 ipsum
551 2902 783 2990 Gervasium,
798 2902 904 3008 quod
916 2916 1134 3007 procuraret
1151 2900 1330 3005 predicta,
1349 2902 1437 3007 quia
1454 2903 1532 3008 ipse
1550 2904 1721 2980 Nicolaus

305 3036 468 3115 habebat
491 3035 579 3112 satis
604 3032 652 3109 de
674 3033 832 3139 pecunia
851 3048 890 3108 et
909 3047 1006 3107 esset
1025 3030 1079 3107 eis
1101 3029 1216 3117 bene,
1244 3048 1282 3107 et
1306 3029 1426 3108 dictus
1445 3030 1643 3111 Gervasius
1662 3063 1721 3110 rc-

307 3167 482 3273 spondit:
507 3165 605 3241 «Hal
634 3164 699 3240 hal
726 3162 754 3238 il
782 3163 794 3237 i
821 3161 969 3268 auriaye
999 3146 1084 3266 trop
1102 3168 1122 3237 a
1138 3158 1268 3237 faire.»
1293 3163 1524 3267 Requisitus,
1555 3164 1585 3241 si
1613 3164 1721 3270 plura

307 3296 446 3375 sciebat
464 3323 578 3402 super
600 3293 794 3399 predictis,
816 3292 910 3399 dixit
933 3292 1039 3398 quod
1057 3320 1145 3368 non.
1167 3292 1397 3398 Requisitus‚
1420 3293 1451 3370 si
1474 3295 1528 3369 sic
1548 3297 1722 3400 deposuit

306 3455 432 3534 prece,
457 3425 601 3533 precio,
632 3451 776 3510 amore,
806 3422 959 3513 timore,
991 3414 1167 3500 odio'vet
1193 3422 1391 3527 temporali
1419 3405 1596 3510 comodo,
1630 3425 1721 3502 dixit

306 3557 411 3664 quod
431 3586 518 3634 non.
1443 3631 1446 3636 ,

363 3689 535 3793 Cumque
553 3704 638 3793 post
654 3690 741 3773 hec,
761 3687 906 3765 eisdem
925 3686 984 3763 die
1004 3686 1158 3772 etloco,
1178 3686 1308 3762 datum
1327 3704 1423 3765 esset
1440 3688 1597 3794 intelligi
1616 3690 1723 3766 dictis

310 3816 474 3892 dominis
498 3817 776 3905 commissariis‚
801 3816 907 3923 quod
929 3815 1042 3894 frater
1063 3818 1253 3894 lohannes
1277 3817 1325 3894 de
1352 3836 1477 3895 sancto
1503 3819 1721 3906 Benedicto,

310 3961 506 4052 preceptor
524 3945 570 4020 de
588 3945 728 4021 lnsulla
743 3946 943 4039 Bochardi‚
962 3946 1193 4024 Turonensis
1211 3946 1384 4037 diocesis,
1402 3946 1670 4053 producendus
1687 3951 1724 4024 in

310 4092 443 4151 testem
465 4074 502 4149 in
523 4074 687 4179 presenti
711 4074 883 4178 negocio,
905 4075 1010 4157 adeo¹
1025 4074 1285 4151 infirmabatur
1314 4077 1414 4180 apud
1443 4094 1610 4153 sanctum
1636 4077 1726 4156 Glo-

311 4204 492 4282 doaldum
505 4203 610 4310 quod
624 4231 701 4282 non
713 4219 860 4308 poterat
873 4230 1004 4280 coram·
1012 4204 1101 4309 ipsis
1114 4203 1277 4281 dominis
1293 4207 1484 4310 presencia
1501 4224 1539 4283 et
1552 4236 1727 4313 persona-

311 4335 395 4411 liter
415 4362 630 4440 comparare
648 4361 718 4410 nec
736 4333 888 4424 adduci,
911 4332 1112 4410 voluenmt
1131 4349 1169 4410 et
1188 4333 1564 4433 ordinaverunt-dicti
1585 4340 1728 4417 domini

312 4464 555 4542 commissarii
575 4464 702 4571 quod,
731 4493 818 4539 cum
845 4464 892 4541 de
920 4481 1039 4541 morte
1058 4462 1176 4571 ipsius
1196 4463 1395 4541 timeretur
1413 4483 1450 4543 et
1467 4484 1564 4544 esset
1577 4469 1731 4574 -pericu-

313 4595 412 4680 lum,
430 4595 625 4672 reverendi
643 4609 784 4700 patres,
806 4593 896 4670 dicti
914 4595 1059 4671 demini
1076 4593 1288 4700 Bajocensis
1308 4611 1345 4671 et
1364 4596 1733 4704 Lenrovicensisepi-

314 4723 426 4829 scopi,
440 4741 479 4799 et
493 4720 670 4818 dominus
680 4723 956 4830 Magalonensis
968 4722 1263 4810 archidiaconus,
1275 4753 1361 4800 cum
1373 4727 1523 4805 duobus
1535 4728 1596 4805 ¹vel
1611 4729 1732 4806 tribus

317 4854 467 4932 notariis
492 4856 711 4932 accederent
734 4872 772 4931 et
791 4854 1052 4962 juramentum
1072 4854 1119 4932 ab
1141 4883 1185 4932 eo
1206 4855 1431 4962 reciperent,
1447 4859 1552 4968 juxta
1572 4858 1731 4936 sormam

398 4991 503 5054 esocis
525 5013 577 5054 nes
599 5011 770 5054 restauras.
784 5027 824 5038 -
839 5013 859 5051 1.
1410 5018 1419 5038 ·
1585 4995 1623 5054 23
