4080 6052
330 584 404 655 250
716 565 911 658 enocns
936 578 1031 652 nus
1057 572 1359 648 venemens.

328 725 600 829 representacio
628 740 706 801 erat
728 726 768 800 in
800 724 900 801 dicto
918 721 1034 810 libro,
1065 717 1105 795 in
1134 744 1210 824 quo
1239 715 1337 792 libro
1363 707 1752 819 apparebatquodam

327 881 462 961 ymago
480 855 597 931 rubea
616 854 810 944 Crucifixi,
829 870 867 929 et
882 878 969 929 curn
983 876 1053 955 per
1071 850 1197 954 ipsum
1215 863 1351 923 testem
1375 842 1513 919 fuisset·
1525 866 1752 945 responsum

328 984 433 1090 quod
452 985 519 1075 sic,
540 985 707 1090 precepit
726 985 759 1061 ei
781 984 903 1061 dictus
922 980 1036 1058 frater
1056 980 1245 1057 Johannos
1264 974 1370 1082 quod
1389 988 1543 1078 spueret
1561 994 1678 1076 super
1696 969 1766 1073 di-¹

329 1132 431 1192 ctum
447 1114 605 1207 librum,
626 1117 761 1222 etipse
780 1115 884 1193 testis
903 1112 976 1190 fuit
994 1138 1040 1188 ex
1054 1108 1119 1186 tali
1138 1124 1326 1215 precepto,
1348 1121 1392 1182 ut
1411 1104 1519 1190 dixit,
1540 1101 1752 1208 plurimum

327 1244 569 1351 stupefactus,
592 1264 630 1323 et
648 1246 773 1324 noluit
792 1272 927 1351 spuere
952 1268 1065 1348 super
1085 1241 1227 1318 dictum
1246 1237 1404 1321 librum,
1424 1234 1492 1312 scd
1512 1232 1617 1339 spuit
1636 1246 1751 1338 prope

329 1376 453 1481 ipsum
470 1376 623 1454 librum.

383 1507 492 1591 Item,
511 1504 604 1580 dixit
620 1506 724 1610 quod
742 1505 932 1610 predictus
949 1503 1061 1581 frater
1078 1502 1266 1580 Johannes
1283 1500 1375 1576 dixit
1392 1515 1482 1574 tunc
1500 1498 1534 1572 ei
1551 1496 1660 1602 quod
1673 1497 1749 1601 ipse

326 1650 472 1739 poterat
480 1634 603 1741 jacere
620 1663 707 1711 cum
720 1634 801 1711 aliis
816 1632 993 1712 iratribus
1008 1633 1151 1711 ordinis
1169 1650 1207 1709 et
1223 1632 1293 1737 ipsi
1312 1658 1399 1707 eum
1413 1655 1476 1719 eo,
1496 1643 1535 1703 et
1545 1627 1627 1732 ipse
1648 1627 1749 1703 testis

327 1765 501 1856 credidit,
521 1782 564 1842 ut
579 1766 687 1857 dixit,
705 1767 809 1873 quod
828 1764 943 1843 simul
955 1780 1108 1871 possent
1121 1763 1245 1870 jacere
1264 1778 1418 1868 propter
1432 1757 1633 1864 penuriam
1652 1757 1750 1833 loco—

214 1950 218 1957 ·
327 1923 429 1984 rum,
452 1923 522 1972 nec
547 1895 780 2007 intelligebat
802 1895 966 2004 aliquam
992 1892 1268 2000 turpitudinem
1295 1892 1334 1967 in
1362 1889 1461 1967 dicto
1490 1904 1665 1994 precepto
1694 1886 1751 1960 in-

327 2024 441 2100 cludi.
462 2025 538 2101 Sed
557 2025 678 2102 dictus
697 2024 810 2102 frater
826 2027 1013 2103 Johannes
1030 2024 1224 2132 subjunxit
1240 2040 1278 2099 et
1295 2021 1493 2099 declaravit
1508 2017 1614 2125 quod
1633 2044 1750 2093 carna·

327 2154 414 2231 liter
436 2172 608 2260 poterant
626 2157 876 2246 commisceri,
899 2156 947 2232 de
968 2184 1044 2263 quo
1064 2156 1143 2261 ipse
1161 2153 1267 2231 testis
1286 2151 1358 2229 fuit
1375 2151 1539 2227 multum
1558 2149 1745 2237 turbatus,

328 2302 371 2361 ut
385 2284 493 2377 dixit,
514 2302 551 2361 et
567 2285 732 2362 multum
750 2286 985 2374 desideravit,
1007 2301 1053 2362 ut
1071 2286 1179 2373 dixit,
1201 2284 1305 2391 quod
1324 2299 1415 2361 tuno
1432 2294 1532 2359 esset
1550 2298 1654 2357 extra
1672 2306 1747 2384 por·

326 2431 403 2491 tam
423 2416 521 2493 dicte
542 2416 694 2522 capelle.
716 2420 916 2525 Nunquam
934 2434 1080 2506 tamen,
1102 2417 1198 2492 sicut
1217 2414 1324 2502 dixit,
1347 2412 1586 2490 commiscuit·
1604 2439 1642 2487 se
1665 2438 1744 2486 cum

327 2546 453 2652 aliquo
474 2548 547 2624 alio
566 2576 636 2624 nec
657 2550 749 2625 alter
769 2578 856 2626 cum
881 2551 980 2655 ipso,
1006 2576 1076 2624 neo
1099 2546 1263 2652 aliquem
1283 2544 1478 2651 requisivit
1502 2543 1550 2619 de
1570 2543 1661 2632 hoe,
1682 2568 1745 2617 nec

326 2678 530 2783 requisitus
550 2679 596 2754 ab
616 2679 752 2784 aliquo.
1626 2682 1630 2687 ’

383 2808 495 2894 Item,
515 2808 605 2884 dixit
620 2809 725 2913 quod
742 2809 844 2884 idem
859 2810 1043 2915 recipiens
1059 2809 1225 2914 precepit
1239 2826 1330 2884 tunc
1349 2808 1417 2912 ipsi
1433 2806 1540 2911 quod
1555 2821 1746 2910 renegaret

327 2935 467 3022 Deum,
491 2955 528 3011 et
547 2938 625 3041 ipso
644 2940 749 3015 testis
768 2940 963 3044 respondit
983 2939 1016 3015 oi
1038 2938 1142 3044 quod
1159 2965 1236 3016 non
1256 2936 1392 3014 laceret
1409 2935 1524 3023 illud,
1547 2937 1577 3013 si
1596 2935 1747 3013 deberet

328 3082 520 3169 amputare
536 3066 667 3170 capud.
688 3070 772 3160 Qua
786 3071 1029 3174 responsione
1045 3070 1182 3160 audita,
1201 3069 1322 3144 dictus
1337 3067 1523 3173 recipiens
1537 3066 1700 3172 precepit
1711 3065 1744 3141 ei

327 3192 431 3298 quod
449 3195 682 3271 oscularetur
695 3198 835 3272 eumin
848 3200 1012 3275 vestibus
1032 3201 1110 3275 suis
1127 3225 1240 3303 super
1254 3197 1495 3283 umbilicum,
1518 3212 1558 3271 et
1576 3196 1744 3272 linteum

326 3323 513 3400 osculatus
533 3325 572 3400 in
593 3326 700 3401 dictis
714 3328 895 3416 vestibus,
914 3330 980 3404 sod
1000 3357 1077 3405 non
1098 3331 1136 3403 in
1157 3356 1238 3419 ore,
1256 3356 1325 3403 nec
1342 3328 1383 3402 in
1400 3328 1522 3432 aliqua
1540 3326 1610 3401 alia
1623 3344 1742 3430 parte,

326 3455 418 3531 alios
434 3474 560 3532 autem
581 3456 711 3533 fratres
731 3456 801 3533 fuit
821 3459 1008 3534 osculatus
1028 3460 1067 3533 in
1085 3486 1161 3535 ore.
1184 3460 1399 3565 Requisitus
1412 3458 1475 3563 qui
1494 3456 1646 3530 fixerunt
1659 3485 1744 3559 pre-

326 3603 449 3662 sentes
473 3587 512 3661 in
534 3586 726 3692 predictis,
753 3589 947 3692 respondit
971 3589 1075 3694 quod
1097 3589 1228 3665 fratres
1253 3589 1441 3666 Gerardus
1463 3584 1509 3659 de
1535 3586 1738 3673 Lauduno,

327 3733 364 3792 et
382 3717 569 3793 Johnnnes
582 3718 705 3795 dictus
722 3717 758 3793 la
771 3719 931 3804 (iambe,
952 3736 990 3795 et
1005 3719 1162 3797 Amicus
1181 3721 1301 3795 dictus
1317 3715 1553 3825 Burgondus,
1576 3733 1614 3790 et
1635 3717 1743 3792 Lam·

325 3847 455 3923 bertus
488 3849 535 3922 de
560 3849 784 3925 Ramecourt
807 3850 1024 3937 servientes,
1053 3878 1148 3955 quos
1180 3878 1312 3927 omnes
1343 3849 1436 3924 dixit
1460 3847 1595 3924 obiisse
1621 3865 1744 3952 preter

326 3979 477 4055 fratrem
498 3979 542 4056 G.
565 3981 612 4054 de
633 3979 836 4071 Lauduno,
858 4008 973 4085 quom
998 3981 1118 4057 credit
1133 3983 1254 4057 vivere
1276 3996 1314 4055 et
1339 4000 1418 4056 esse
1445 3976 1659 4084 fugitivum.
1679 3981 1741 4054 Re·

325 4109 485 4212 quisitus
504 4109 534 4184 si
557 4109 677 4185 dictus
694 4109 831 4187 modus
849 4110 1078 4216 reeepcionis
1095 4111 1323 4187 confossatus
1336 4138 1405 4215 per
1424 4136 1514 4184 eum
1532 4108 1740 4186 servabatur

325 4240 574 4315 communiter
594 4241 631 4316 in
650 4241 750 4317 dicto
769 4240 917 4333 ordino,
938 4242 1131 4348 respondit
1151 4272 1189 4319 so
1211 4243 1362 4318 credero
1381 4239 1485 4346 quod
1501 4241 1568 4328 sie,
1593 4258 1631 4317 et
1643 4240 1737 4347 quod

324 4368 464 4445 audivit
483 4371 521 4444 in
541 4371 724 4474 prisione,
746 4389 946 4477 postquam
963 4372 1036 4449 suit
1055 4391 1201 4479 captus,
1224 4375 1270 4449 ab
1290 4372 1479 4478 aliquibus
1493 4370 1672 4451 fraoibm
1690 4370 1739 4446 di-

325 4500 372 4574 cti
399 4500 541 4575 ordinis
565 4503 629 4606 qui
654 4519 760 4578 erant
783 4503 878 4609 capti
904 4532 990 4580 cum
1016 4532 1061 4581 eo
1087 4506 1187 4610 apud
1211 4503 1439 4592 Gizorcium,
1468 4503 1573 4608 quod
1597 4502 1737 4579 fuerant

324 4630 460 4730 recepti
481 4657 548 4732 per
569 4635 746 4710 eumdem
762 4633 936 4725 modum,
959 4653 998 4712 et
1012 4636 1116 4742 quod
1135 4637 1249 4742 aliqui
1266 4662 1399 4711 eorum
1417 4633 1568 4709 fuerant
1587 4629 1733 4710 osculati

324 4771 424 4831 rotro
445 4758 483 4830 in
504 4784 575 4833 nno
590 4761 635 4836 ab
656 4764 721 4840 illo
736 4767 801 4871 qui
817 4767 1019 4872 recipiebat
1039 4795 1123 4856 eos3
1147 4769 1193 4845 de
1210 4767 1428 4843 nominibus
1446 4782 1574 4842 autem
1589 4765 1732 4841 illorum

324 4915 344 4962 a
364 4887 503 4992 quibus
523 4889 664 4967 audivit
682 4895 865 4997 predicta,
889 4898 981 4974 dixit
1000 4927 1039 4975 se
1060 4928 1136 4976 non
1154 4900 1352 4976 recordari.
1376 4897 1487 4974 Plura
1508 4915 1630 4976 autem
1646 4892 1735 4972 dixit
