4080 6052
311 533 383 606 too
695 505 891 599 ruocus
917 517 1009 595 oss
1035 518 1342 595 iuuentutis,

308 673 419 761 odio,
445 670 509 747 vel
529 667 726 775 temporali
752 666 915 746 comodo
938 662 1072 743 habito
1102 663 1160 740 vel
1175 661 1380 749 babendo,
1398 661 1603 768 respondit
1629 668 1735 772 quod

307 828 400 892 iton,
422 800 490 878 sed
517 822 588 907 pro
612 786 766 877 veritate
792 795 967 882 dicenda,
989 811 1027 871 et
1050 810 1097 871 ut
1119 793 1190 871 sibi
1210 795 1428 901 imponatur
1452 793 1671 900 penitencia
1696 816 1735 876 et

308 944 420 1039 perta,
433 944 471 1010 et
480 944 524 1009 ut
537 933 640 1010 Deus
652 928 891 1038 paroeatsibi.
906 922 980 1006 cui
991 923 1065 1003 luit
1078 925 1307 1034 injunctum,
1321 922 1364 1001 in
1377 924 1519 1002 virtute
1526 926 1728 1034 juramenti

307 1063 452 1170 prestiti
473 1086 541 1168 per
561 1059 867 1168 eundem,.quod
886 1050 963 1135 non
991 1055 1174 1137 revelaret
1200 1058 1298 1134 hanc
1319 1082 1426 1137 suam
1447 1055 1725 1162 deposicionern

308 1214 504 1300 quousque
527 1192 784 1273 attesmciones
802 1189 946 1268 luerint
964 1182 1165 1296 publicate.

362 1454 516 1530 Eisdem
546 1451 608 1527 die
636 1467 676 1528 et
704 1449 818 1541 loco‚-
838 1447 911 1525 luit
940 1447 1129 1528 adductus
1159 1445 1208 1524 ad
1238 1446 1473 1552 presenciam
1508 1449 1729 1528 eurumdem

308 1584 551 1663 dominorum
583 1579 926 1657 commissariorum
959 1578 1073 1657 irater
1111 1577 1344 1656 llumbertus
1387 1580 1438 1656 de
1468 1596 1592 1659 sancto
1621 1581 1728 1660 Jorio

307 1715 431 1804 miles,
457 1727 654 1819 preceptor
672 1709 821 1787 baillive
842 1708 1141 1796 catholanensis,
1168 1706 1278 1786 tostis
1296 1711 1567 1820 suprajuratus,
1588 1728 1632 1787 ut
1646 1713 1724 1789 -de-

308 1856 464 1950 poneret
483 1842 628 1920 dictum
648 1869 778 1931 suum,
798 1838 906 1918 etatis
920 1839 1101 1918 circitert
1118 1864 1320 1932 annorum3
1339 1865 1418 1918 non
1437 1837 1609 1918 deferens
1620 1869 1726 1918 mun-

186 1965 189 1976 ’
306 1975 440 2051 tellum
455 1957 615 2063 ordinis,
630 1972 718 2077 quia
733 1969 893 2047 dimissit
911 1968 1038 2076 ipsum
1055 1970 1095 2046 iu
1109 1969 1270 2047 concilio
1284 1970 1495 2049 Senonensi
1512 2000 1600 2049 cum
1613 1971 1728 2078 pluri·

307 2107 379 2180 bus
394 2103 489 2190 aliis,
509 2117 547 2177 et
564 2118 692 2206 postea
707 2100 798 2177 fecit
811 2099 882 2177 sibi
898 2099 978 2176 radi
993 2098 1167 2190 barbam,
1188 2116 1227 2176 et
1244 2097 1317 2176 fuit
1336 2100 1565 2208 inquisitum
1578 2131 1666 2180 crim
1684 2131 1727 2181 eo

307 2263 375 2341 per
395 2232 593 2310 dominum
619 2231 837 2337 episcopum
863 2229 1108 2308 Parisiensem
1129 2247 1167 2306 et
1188 2227 1384 2308 absolutus
1408 2249 1449 2309 et
1469 2233 1727 2312 reconciliatus

307 2367 353 2441 ab
374 2392 430 2441 eo.
454 2364 574 2440 Lectis
594 2379 720 2440 autem
741 2377 780 2438 ct
794 2360 996 2468 diligenter
1013 2360 1086 2439 sibi
1108 2361 1285 2467 expositis
1304 2361 1486 2441 omnibus
1505 2381 1545 2441 et
1574 2365 1726 2471 singuiis

307 2495 487 2582 articulis,
517 2492 714 2600 respondit
740 2491 789 2569 ad
813 2518 895 2584 eos,
917 2509 955 2570 et
977 2492 1102 2599 primo
1124 2491 1171 2568 ad
1192 2491 1337 2596 primos
1355 2508 1450 2583 um,
1477 2512 1523 2572 ut
1546 2496 1724 2602 sequitur,

304 2614 492 2716 videlicet,
513 2654 553 2703 sc
573 2652 649 2702 non
669 2622 804 2700 vidisse
824 2623 960 2700 servari
979 2622 1020 2699 in
1039 2618 1176 2701 ordine
1201 2639 1376 2700 contenta
1398 2624 1439 2700 in
1464 2624 1577 2703 dictis
1594 2627 1726 2704 articu-

304 2759 364 2844 lis,
387 2757 459 2834 nisi
479 2757 519 2833 in
538 2755 758 2863 recepcione
779 2780 861 2843 sua,
884 2770 922 2830 et
942 2751 1164 2830 interfuerat
1186 2752 1357 2860 capitulis
1383 2771 1422 2831 et
1443 2756 1721 2863 recepciouibus

183 2896 189 2906 ‘
306 2888 477 2963 aliorum.
496 2888 578 2993 lpse
599 2903 726 2964 autem
748 2901 922 2990 receptus
941 2881 1063 2960 luerat
1083 2883 1123 2959 in
1144 2883 1261 2961 domo
1277 2883 1428 2990 Templi
1450 2884 1501 2963 de
1520 2886 1613 2964 Nova
1628 2885 1720 2964 Villa

301 3016 406 3120 juxta
426 3016 692 3107 Cathelanum,
715 3038 784 3120 per
806 3013 960 3092 fratrem
981 3000 1192 3092 iohannem
1202 3012 1399 3106 Adcmari,
1416 3015 1611 3124 quondam
1626 3014 1721 3092 mili·

304 3162 399 3232 tem,
420 3161 512 3220 tunc
529 3160 789 3251 preceptorem
808 3143 944 3220 ballivo
963 3161 1090 3242 vocate
1111 3143 1159 3220 de
1182 3144 1352 3250 Paganis‚
1372 3144 1412 3221 iu
1436 3143 1534 3223 festo
1556 3147 1725 3224 Nativita-

306 3276 353 3350 tis
383 3274 482 3350 beati
515 3275 693 3352 iohannis
726 3274 889 3378 Baptista
921 3275 1093 3379 proximo
1125 3273 1304 3380 preterito
1344 3273 1501 3352 fuerunt
1533 3302 1637 3353 uvuu
1672 3277 1725 3352 vel

306 3408 366 3480 xxu'
382 3397 484 3491 anui,
503 3405 541 3479 in
562 3401 702 3513 capella
721 3400 819 3479 dicte
838 3404 987 3490 domus,
1008 3406 1106 3481 inter
1125 3403 1285 3510 primam
1301 3420 1340 3480 ct
1358 3405 1524 3489 terciam,
1540 3406 1721 3508 presenti·

304 3535 376 3610 bus
401 3533 576 3611 fratribus
602 3533 751 3610 Andrea
779 3533 826 3609 de
853 3535 994 3625 Rodia,
1026 3535 1237 3640 presbitero
1257 3533 1460 3640 quondam,
1488 3532 1646 3637 Hugone
1670 3533 1718 3609 de

167 3668 171 3675 ’
304 3664 488 3742 Gabilone
514 3665 651 3752 milite,
679 3692 795 3769 quem
820 3664 939 3740 credit
959 3691 1039 3742 csse
1060 3666 1200 3753 vivum,
1224 3665 1395 3742 Johanne
1414 3663 1460 3740 de
1483 3662 1619 3739 Aubon
1644 3691 1718 3740 ser-

304 3797 425 3872 viente
451 3814 488 3872 et
512 3794 701 3901 aliquibus
727 3794 807 3869 aliis
834 3793 880 3870 de
908 3822 1073 3900 quorum
1093 3821 1170 3871 non
1190 3795 1409 3871 recordatur
1427 3793 1665 3884 nominibus,
1686 3795 1722 3871 in

304 3926 405 4001 hunc
430 3927 606 4016 modum;
640 3951 726 4000 nam
753 3943 976 4029 receperunt
1003 3952 1091 4004 eum
1116 3925 1164 4000 ad
1188 3924 1516 4031 participacionem
1535 3926 1721 4003 bonorum

305 4058 446 4134 ordinis
472 4074 508 4133 et
534 4080 669 4162 panem
698 4072 735 4131 et
753 4081 887 4160 aquam
904 4072 941 4131 et
959 4081 1163 4161 pauperem
1184 4055 1359 4132 vestitum
1381 4055 1543 4142 ordinis3
1570 4075 1609 4132 et
1631 4056 1721 4132 fece·

305 4207 392 4264 runt
412 4216 499 4265 eum
520 4213 650 4265 vovere
673 4204 710 4262 et
722 4185 850 4292 jurare
867 4187 1091 4274 castitatem,
1105 4185 1380 4273 obedienciam,
1403 4187 1525 4262 vivere
1546 4186 1630 4264 sinc
1644 4212 1721 4293 pro-

304 4319 405 4421 prio,
439 4344 582 4397 servare
613 4333 754 4394 secreta
783 4317 1068 4422 capitoliorum
1099 4334 1138 4393 et
1167 4316 1290 4393 dictus
1314 4335 1487 4424 receptor
1511 4318 1669 4394 tradidit
1689 4314 1718 4391 ei

304 4449 540 4537 mantellum,
563 4466 601 4527 ct
625 4448 694 4553 ipsi
720 4465 880 4524 astantes
902 4447 1057 4526 luerunt
1080 4475 1168 4525 eum
1193 4447 1349 4525 osculati
1376 4447 1415 4524 in
1448 4475 1535 4536 ore;
1559 4465 1718 4554 postmo-

305 4580 397 4653 dum
415 4581 590 4657 instruxit
604 4606 692 4657 eum
713 4577 760 4655 de
782 4579 912 4656 multis
930 4579 1040 4657 bonis
1056 4578 1205 4686 punctis
1222 4578 1365 4656 ordinis
1381 4596 1422 4655 et
1432 4578 1599 4685 qualiter
1612 4578 1716 4656 debe·

304 4723 361 4779 ret
390 4709 513 4783 dicere
541 4711 652 4785 Potor
679 4726 792 4791 notter
820 4727 859 4786 et
883 4708 1107 4797 consimilia;
1136 4710 1379 4815 postmodum
1410 4708 1503 4786 dixit
1536 4710 1571 4785 ei
1605 4710 1713 4785 dictus

304 4853 474 4940 receptor
493 4836 597 4942 quod
626 4838 694 4941 ipsi
721 4840 910 4917 habebant
929 4842 1071 4948 aliquas
1092 4840 1348 4918 observancias
1368 4869 1462 4948 quas
1482 4840 1563 4946 ipse
1585 4841 1712 4919 diceret
