4080 6052
308 559 380 629 sis
692 537 887 630 rnoons
912 555 1008 630 ons
1034 553 1335 631 reuertens.

306 698 454 772 minum
489 680 809 801 arehiepiscopum
840 697 1119 781 senonensem,
1154 714 1191 772 et
1225 715 1281 774 est
1312 697 1420 775 etatis
1453 699 1732 807 quinquaginta

305 828 473 934 quinque
487 854 672 903 annorum
692 828 750 903 vel
772 829 876 903 cirea.
899 827 1017 903 Lectio
1034 843 1162 903 autern
1186 844 1223 903 et
1243 828 1443 933 diligenter
1458 827 1537 905 sibi
1554 832 1729 935 expositis

307 958 484 1033 omnibus
504 974 541 1031 et
561 957 715 1063 singulis
734 957 915 1043 articulis,
935 956 1129 1060 respondit
1147 956 1195 1032 sd
1214 984 1295 1047 eos,
1318 958 1497 1062 etprimo
1518 958 1569 1035 ad
1584 961 1725 1064 primos

306 1116 387 1175 xm,
401 1087 558 1192 repetita
572 1088 844 1192 protestacione
863 1085 1036 1191 superius
1053 1086 1207 1190 quaudo
1220 1086 1362 1194 juravit
1380 1086 1474 1164 faeta
1488 1117 1562 1193 >per
1577 1118 1663 1167 eum
1684 1110 1722 1168 et

307 1218 412 1306 alias,
434 1218 539 1324 quod
557 1219 746 1294 nesciebat
771 1220 800 1294 si
825 1233 1000 1295 contenta
1024 1217 1062 1293 in
1080 1217 1192 1293 dietis
1212 1217 1385 1321 capitulis
1404 1236 1515 1295 erent
1535 1248 1632 1298 vere.
1651 1224 1725 1299 Nee

307 1350 378 1426 boc
398 1349 588 1438 credebat,
610 1350 698 1455 quia
717 1349 860 1425 viderat
879 1348 993 1452 recipi
1014 1346 1054 1422 in
1073 1346 1215 1453 capella
1238 1348 1377 1428 mus
1397 1350 1552 1456 Templi
1573 1351 1622 1429 de
1643 1352 1726 1428 Mel·

307 1482 387 1556 lans
412 1481 605 1556 Remensis
629 1480 804 1566 diocesis,
833 1507 900 1584 per
926 1478 1077 1586 fratrem
1101 1478 1297 1555 Terrioum
1317 1479 1364 1555 de
1376 1481 1514 1558 *Bosois
1534 1481 1725 1587 quotidem

308 1611 526 1715 magistrum
548 1591 751 1686 Bdseormu
772 1609 936 1714 Templi,
961 1626 1049 1686 sunt
1073 1636 1108 1686 ru
1134 1610 1223 1687 anni
1249 1610 1305 1687 vel
1331 1610 1444 1696 eirea,
1460 1609 1623 1689 lintrem
1649 1612 1721 1692 Go-

308 1741 466 1817 dardum
488 1741 535 1816 de
551 1740 636 1817 Alto
654 1741 774 1818 Vivari
792 1741 1033 1828 servientem,
1052 1740 1149 1817 dicte
1169 1741 1325 1818 diocesis
1347 1741 1720 1848 Remensis,qu1luit

307 1888 435 1977 eaptus
457 1900 533 1947 una
555 1901 642 1947 cum
662 1872 764 1961 aliis,
788 1872 834 1948 de
856 1872 967 1978 enjus
987 1872 1058 1947 vita
1078 1872 1136 1947 vel
1157 1888 1277 1949 morte
1300 1899 1399 1947 nunc
1419 1899 1498 1949 non
1523 1871 1635 1952 hebet
1651 1903 1721 1952 eer-

305 2002 528 2090 titudinem,
547 2002 784 2108 prusentibus
799 2001 975 2079 frutribus
988 2001 1160 2079 lohanne
1172 2001 1231 2078 de„
1241 2002 1379 2080 Anesio
1393 2002 1673 2091 Lauduneusis.
1689 2023 1723 2080 et

308 2132 533 2209 Manesserio
558 2131 602 2207 de
625 2132 834 2210 Cormerssi
859 2132 1054 2210 Remensis
1074 2131 1300 2217 diocessnrn.
1329 2131 1545 2212 deffunetis.
1562 2136 1605 2212 ln
1621 2137 1724 2242 cujus

308 2264 522 2367 recepcione
548 2263 664 2338 nichil
686 2263 779 2338 vidit
804 2261 885 2339 fieri
910 2261 1085 2339 illicitum
1111 2259 1169 2339 vel
1184 2263 1450 2350 inhonestum,
1473 2292 1545 2341 nee
1568 2268 1639 2357 soit
1657 2295 1723 2347 nec

308 2393 426 2467 eredit
444 2392 550 2498 quod
566 2392 703 2470 laetum
722 2392 838 2472 fuerit
859 2411 945 2498 post
965 2392 1102 2470 dictam
1125 2394 1398 2497 reoepcionem.
1413 2395 1499 2499 lpse
1519 2423 1608 2473 uero
1623 2399 1724 2474 testis

306 2541 480 2627 receptus
497 2522 617 2600 luerat
636 2525 832 2601 Dominioa
857 2539 942 2628 post
967 2521 1104 2599 lestum
1130 2521 1348 2628 Magdalsne
1376 2525 1550 2628 proximo
1570 2530 1725 2633 preteri-

306 2671 386 2729 tum
409 2652 563 2731 fuerunt
589 2682 640 2731 un
667 2655 752 2729 unni
780 2653 837 2729 vel
854 2653 969 2739 eima,
998 2653 1037 2728 in
1058 2653 1220 2758 quadem
1247 2682 1393 2731 camera
1416 2655 1557 2734 domm
1578 2659 1722 2762 Templi

306 2784 517 2873 Remensis‚
543 2812 610 2887 per
629 2783 781 2859 fratrem
800 2782 1029 2860 Galcherum
1051 2781 1097 2857 de
1123 2782 1316 2859 Lienouria
1337 2782 1510 2870 militem,
1531 2803 1720 2890 precepto

306 2940 386 2986 rem
416 2915 645 2989 -Remeusem
678 2931 715 2988 et
739 2914 1049 3002 lundunensem,
1080 2912 1315 3017 presentibus
1345 2913 1516 2992 fratribus
1547 2916 1719 2993 tohmne

306 3041 467 3118 Linocbe
494 3043 726 3148 presbytero,
748 3046 916 3120 lohanne
941 3044 991 3148 de
1013 3043 1124 3122 Anesi
1150 3044 1338 3149 predicto,
1361 3063 1400 3121 et
1415 3045 1550 3124 Odone
1576 3047 1625 3122 de
1647 3048 1723 3123 Lu-

307 3171 434 3246 chiaoo
462 3171 722 3259 servientibus,
752 3175 799 3249 de
823 3197 986 3279 quornm
1012 3175 1085 3250 vita
1109 3174 1165 3250 vel
1194 3193 1415 3252 mortenon
1439 3177 1554 3254 babet
1575 3179 1725 3254 certitu·

307 3303 451 3387 dinem,
478 3304 517 3377 in
539 3302 640 3377 hunc
669 3305 837 3380 modum.
861 3307 950 3382 Nam
980 3333 1064 3380 eum
1096 3305 1266 3410 peciuisset
1286 3334 1421 3409 panem
1450 3325 1488 3382 et
1509 3335 1664 3411 aquam,
1690 3326 1723 3383 et

306 3435 519 3509 sociotatem
543 3452 579 3508 et
601 3435 918 3538 participationem
942 3436 1130 3510 bonorum
1154 3435 1313 3524 ordinis,
1335 3453 1372 3511 et
1392 3436 1559 3512 finaliter
1579 3465 1720 3514 conres-

306 3565 438 3639 sissent
464 3566 513 3649 ei,
537 3565 737 3641 voluerunt
757 3566 850 3641 seire
877 3595 944 3670 per
968 3583 1242 3642 sacramentum
1265 3566 1310 3642 ab
1331 3566 1411 3670 ipso
1431 3567 1462 3641 si
1482 3586 1569 3665 erat
1587 3566 1718 3645 servilis

306 3696 551 3784 condicionis,
569 3698 929 3783 excommunicatus,
949 3696 1203 3780 niatrimonim
1219 3696 1391 3803 religioni
1404 3698 1462 3772 vel
1478 3698 1618 3778 debitis
1634 3698 1720 3775 obli-

304 3843 427 3931 gatus‚
452 3845 488 3901 et
510 3828 537 3901 si
558 3797 717 3902 habebat
741 3826 998 3902 infirmitatem
1016 3825 1206 3901 latentem.
1230 3827 1315 3918 Quo
1341 3829 1599 3932 respondente
1622 3829 1721 3935 quod

306 3985 396 4040 non,
411 3955 496 4031 lecit
508 3987 595 4032 eum
607 3986 736 4031 vovere
751 3958 923 4061 etjurare
936 3957 1157 4042 uastitatem,
1172 3957 1448 4042 obedienciam,
1463 3976 1501 4032 et
1511 3960 1634 4035 vivere
1649 3961 1720 4035 sins

304 4089 465 4190 proprio.
496 4089 744 4162 Postmodum
778 4087 958 4190 imposuit
989 4086 1061 4162 sibi
1090 4085 1325 4170 mantellum,
1354 4105 1391 4162 et
1419 4089 1496 4191 ipse
1528 4107 1567 4164 et
1598 4090 1721 4165 fratres

303 4233 463 4292 astantes
483 4215 635 4294 luerunt
674 4246 761 4294 eum
782 4217 937 4293 osculati
965 4219 1002 4292 in
1029 4246 1107 4293 ore.
1133 4217 1280 4293 Deinde
1309 4217 1431 4293 dictus
1462 4220 1658 4296 lohannes
1678 4220 1721 4297 de

304 4346 439 4422 Anesio
453 4349 561 4433 traxit
576 4349 696 4452 ipsum
713 4364 848 4423 testem
862 4347 909 4422 ad
924 4376 1043 4426 unum
1051 4346 1232 4452 angulum
1245 4375 1402 4432 sortiere,
1421 4348 1523 4424 dicto
1532 4367 1721 4455 receptore

303 4477 440 4553 etaliis
463 4480 746 4554 remanentibus
774 4479 812 4552 in
839 4478 922 4554 loco
955 4478 1142 4583 predicto,
1159 4493 1200 4552 et
1223 4477 1315 4553 dixit
1340 4480 1392 4561 ei,
1420 4481 1634 4571 ostendens
1655 4473 1719 4557 sibi

174 4695 183 4707 ,
302 4609 504 4708 quamdam
523 4638 671 4685 crucem
688 4609 848 4714 ligneam
873 4611 910 4682 in
932 4628 1099 4714 quaerat
1118 4637 1251 4714 ymago
1273 4609 1467 4697 Cruciliri,
1483 4613 1608 4689 nescit
1624 4610 1720 4688 unde

303 4754 505 4839 acceptam,
524 4741 627 4842 quod
650 4741 851 4846 abnegaret
866 4725 974 4815 illum
998 4740 1221 4845 prophetam
1235 4740 1297 4844 qui
1315 4743 1649 4844 representabetur
1661 4770 1722 4847 per

304 4863 440 4940 dictem
462 4869 692 4973 ymaginem,
711 4872 781 4974 -qui
811 4870 930 4948 luerat
954 4874 1099 4975 positus
1125 4872 1162 4945 in
1188 4898 1312 4958 ornem
1339 4889 1487 4950 etcum
1516 4873 1596 4977 ipse
1624 4872 1732 4950 testis·
