4080 6052
480 552 674 644 procas
700 571 793 643 nns
819 570 1124 646 rnuenrnns.
1438 582 1506 649 ou

155 711 242 786 Acta
259 709 413 786 luerunt
433 711 503 786 hec
522 710 631 788 dietis
648 712 709 789 die
724 728 761 788 et
778 711 878 802 loco,
902 714 1141 816 presentibus
1160 712 1336 818 magistro
1352 715 1511 807 Amisio,

97 870 157 915 me
173 843 200 914 F
203 840 427 916 loriamonte
444 840 660 930 Dondedei,
684 860 721 919 et
740 841 822 918 aliis
839 843 993 919 notariis
1010 873 1123 949 supra
1140 842 1276 919 ultimo
1298 843 1509 919 nominatis.

152 1101 240 1176 Post
259 1101 346 1186 hec,
382 1100 443 1175 die
470 1103 593 1179 sabati
622 1102 810 1208 sequenti,
832 1129 906 1206 que
934 1100 1005 1177 luit
1035 1129 1130 1179 xxvn
1156 1102 1236 1178 dies
1262 1101 1352 1177 dicti
1375 1104 1513 1179 mensis

94 1228 302 1318 Februarii,
321 1228 393 1305 luit
411 1231 596 1308 adductus
607 1232 655 1308 ad
665 1231 894 1337 presenciam
906 1233 1128 1307 corumdem
1149 1231 1393 1308 dominorum
1410 1261 1512 1308 com-

95 1359 366 1447 missariorum,
403 1360 439 1434 in
465 1361 579 1437 domo
606 1362 771 1467 predicta
798 1360 956 1436 fratrum
977 1361 1186 1451 Minorum,
1219 1360 1333 1436 frater
1352 1363 1513 1471 Poncips

95 1487 142 1562 de
164 1488 363 1564 Masualior
382 1491 560 1578 serviens,
588 1491 862 1566 Lemovicensis
890 1490 1064 1579 diocesis,
1088 1491 1192 1565 testis
1221 1518 1333 1595 supra
1348 1492 1512 1596 juratus,

92 1635 135 1693 ut
155 1619 362 1722 deponeret
380 1620 522 1695 dictum
540 1649 669 1710 suum,
692 1620 916 1696 mantellum
930 1619 1073 1695 ordinis
1093 1620 1295 1708 defferens,
1314 1621 1515 1728 quadrage·

93 1747 219 1823 narius
242 1748 302 1824 vel
325 1749 437 1836 circa,
464 1779 551 1825 omn
573 1777 650 1856 quo
672 1749 894 1854 inquisitum
915 1748 1051 1834 luerat,
1077 1748 1272 1824 absolutus
1296 1767 1333 1823 et
1350 1751 1516 1825 reconci-

93 1875 204 1952 liatus
222 1906 290 1982 per
308 1879 506 1955 dominum
525 1879 829 1954 Lemovicensem
849 1878 1083 1983 episcopum,
1104 1878 1169 1982 qui
1186 1905 1286 1953 nunc
1304 1894 1371 1952 est.
1394 1880 1516 1955 Lectis
1545 1907 1548 1913 ·

95 2023 220 2082 autem
241 2024 278 2082 et
298 2007 497 2112 diligenter
518 2007 693 2112 expositis
724 2006 795 2083 sibi
816 2006 992 2083 omnibus
1013 2023 1050 2082 et
1075 2006 1231 2112 singulis
1257 2007 1436 2095 articulis,
1459 2036 1517 2083 re·

94 2136 245 2241 spondit
260 2166 298 2213 se
319 2138 460 2214 nescire
482 2138 527 2213 de
553 2138 605 2214 eis
628 2137 697 2214 nisi
713 2137 831 2244 quod'
847 2139 1027 2244 sequitur,
1057 2137 1223 2214 scilicet:
1250 2137 1353 2241 quod
1380 2138 1456 2243 ipse
1478 2156 1515 2216 et

93 2263 206 2341 frater
232 2266 355 2341 Helias
384 2268 430 2343 de
455 2268 619 2375 Brigolio
649 2268 828 2359 serviens,
856 2268 1130 2343 Lemovicensis
1158 2267 1332 2355 diocesis,
1362 2266 1516 2345 suerunt

93 2394 208 2471 simul
221 2396 376 2500 recepti,
392 2397 486 2473 circa
500 2398 639 2475 festum
655 2398 755 2474 beati
771 2397 920 2475 Martini
936 2396 1110 2483 hiemalis
1126 2395 1347 2500 preteritum
1362 2394 1517 2473 suerunt

93 2525 238 2602 circiter
253 2554 322 2604 xxx
336 2528 441 2617 anni,
456 2558 525 2635 per
545 2528 699 2605 fratrem
716 2528 926 2605 lohannem
945 2527 992 2602 de
1012 2526 1065 2603 las
1079 2527 1284 2605 Clrassadas
1302 2528 1513 2632 quondam,

92 2673 350 2761 preceptorem
376 2673 466 2733 tunc
497 2658 543 2734 de
576 2657 780 2744 Paulhaco,
819 2656 1067 2733 demandato
1098 2655 1219 2731 fratris
1244 2655 1444 2731 Franconis
1469 2655 1516 2731 de

92 2788 183 2862 Boxt
200 2786 346 2877 militis,
362 2789 555 2893 quondam
573 2787 780 2893 superioris
796 2787 838 2865 ¹in
865 2785 1036 2892 partibus
1056 2785 1148 2875 illis,
1166 2785 1203 2859 in
1222 2782 1362 2889 capella
1380 2783 1516 2859 domus

92 2915 240 3022 Templi
270 2918 316 2993 de
348 2919 466 2994 Mansi
487 2917 556 2994 Dei
583 2920 631 2995 de
665 2917 823 2994 Lobertz
855 2915 1130 2992 Lemovicensis
1157 2912 1331 3002 diocesis,
1365 2940 1518 3016 presen-

91 3046 194 3123 tibus
210 3045 387 3123 lratribus
400 3049 565 3154 Seguino
580 3048 815 3138 d'Estanhac,
828 3047 999 3123 Johanne
1011 3046 1184 3133 Arestan,
1199 3044 1237 3117 in
1253 3043 1384 3118 eadem
1401 3041 1516 3118 domo

93 3176 429 3266 commorantibus,
465 3177 684 3269 dellunotis,
716 3195 755 3255 et
783 3176 977 3284 Aymerico
1008 3173 1207 3253 Masualier
1238 3188 1373 3277 patruo
1399 3170 1516 3276 ipsius

93 3305 213 3391 testis,
236 3325 455 3413 preceptore
479 3324 570 3383 tunc
596 3308 693 3383 dicte
717 3307 854 3423 domus
868 3303 1133 3389 servientibus,
1156 3304 1195 3377 in
1212 3302 1314 3377 hunc
1334 3300 1514 3375 modum:

93 3465 178 3511 nam
197 3464 317 3541 quum
332 3437 628 3544 requisivissent,
647 3435 825 3513 instructi
838 3434 885 3511 ab
898 3433 980 3510 aliis
994 3431 1187 3517 fratribus,
1205 3429 1397 3503 caritatem
1414 3426 1518 3503 ordi·

94 3565 152 3642 nis
161 3594 228 3670 per
240 3566 372 3671 plures
381 3569 478 3644 vices
492 3566 734 3672 interpolate,
750 3581 788 3642 et
800 3564 854 3640 eis
867 3588 1094 3667 responsum·
1105 3559 1235 3634 fuisset
1249 3556 1392 3661 pluries
1411 3554 1516 3660 quod

93 3694 189 3771 bene
216 3696 488 3782 deliberarent,¹
510 3696 597 3800 quia
617 3693 798 3800 grandem
820 3720 899 3768 rem
930 3689 1124 3796 petebant,
1146 3704 1184 3765 et
1203 3686 1305 3791 quod
1324 3700 1515 3790 oporteret

94 3851 158 3900 eos
177 3824 296 3900 multa
317 3825 411 3900 dura
429 3841 467 3900 et
486 3851 614 3928 aspera
627 3823 831 3908 sustinere,
847 3819 1012 3897 finaliter
1031 3818 1112 3925 ipso
1128 3833 1224 3893 teste
1242 3832 1278 3892 et
1294 3815 1394 3890 dicto
1408 3813 1514 3889 Helia

94 3953 309 4031 dicentibus
323 3954 429 4059 quod
447 3953 579 4030 omnia
589 3951 827 4028 sustinerent>
837 3967 875 4027 et
894 3977 961 4055 pro
980 3946 1201 4053 recepciono
1220 3970 1353 4021 eorum
1373 3943 1514 4019 instan-

12 4061 20 4078 ⁰
94 4083 394 4170 tibus‚focerunt
404 4110 468 4160 eos
481 4111 611 4160 vovere
621 4096 659 4158 et
664 4083 792 4188 jurare
800 4106 913 4185 snper
921 4077 1130 4184 quemdam
1138 4073 1281 4151 librum
1295 4072 1513 4160 castitatem,

95 4211 373 4301 obedienciam,
399 4214 521 4291 vivere
546 4213 628 4290 sine
653 4210 824 4317 proprio,
854 4225 893 4285 et-
914 4236 1058 4286 servare
1083 4208 1205 4284 bonos
1229 4232 1320 4281 usus
1339 4218 1376 4279 et
1395 4200 1512 4276 bonas

94 4344 386 4429 consuetudines
415 4343 575 4434 ordinis,
602 4359 640 4418 et
670 4340 781 4447 qnod-
802 4356 927 4417 essent
948 4338 1041 4415 servi
1069 4335 1200 4415 esclavi
1224 4336 1341 4410 Terre
1366 4333 1512 4414 Sancte,

93 4473 342 4550 Postmodum
364 4473 487 4551 dictsrs
513 4488 686 4581 receptor
706 4469 901 4576 imposuit,
928 4468 1051 4575 primo
1076 4467 1146 4572 ipsi
1166 4464 1253 4543 testi
1281 4481 1320 4540 et
1343 4461 1510 4539 secundo

94 4602 194 4678 dicto
217 4603 340 4693 Helie,
360 4602 581 4690 mantellos,
590 4615 629 4678 et
651 4601 720 4706 ipsi
741 4598 881 4704 recepti
901 4596 1059 4675 luerunt
1069 4595 1225 4674 osculati
1245 4609 1507 4700 preceptorem

95 4732 211 4809 inore
227 4749 263 4809 et
281 4734 319 4809 in
333 4749 482 4836 pectore
497 4750 535 4810 et
550 4735 710 4809 humero
725 4756 838 4834 super
846 4744 981 4819 vestes,
999 4745 1038 4805 et
1054 4755 1186 4805 omnes
1201 4724 1332 4802 fratres
1347 4738 1514 4798 astantes

94 4863 133 4937 in
158 4891 234 4939 ore.
255 4863 499 4942 Postmodum
522 4860 694 4937 instruxit
711 4887 776 4937 eos
792 4857 1009 4964 qualiterse
1031 4857 1214 4935 haberent
1236 4856 1276 4932 in
1297 4854 1453 4941 ordine,
1479 4865 1518 4923 et

1359 5009 1408 5068 77·
