4080 6052
470 523 666 615 nnocts
687 542 782 613 nas
809 541 1113 615 caueamus.
1427 549 1496 621 591

142 685 356 791 Reqnisitus
368 684 397 760 si
412 684 465 760 sic
475 685 700 790 deposuerat
710 708 838 788 prece,
852 701 1048 788 precepto,
1064 684 1218 774 timore,
1236 712 1379 774 amore,
1395 688 1500 777 odio,

84 815 143 893 vel
158 816 318 892 comodo
335 815 532 920 temporali
549 814 679 891 habito
699 813 757 890 vel
777 813 969 906 babendo,
992 813 1187 919 respondit
1203 814 1309 919 quod
1323 843 1415 903 non,
1435 817 1502 892 sed
1603 895 1606 899 ,

83 944 323 1047 proteritate
348 945 517 1022 dicenda.
540 945 613 1023 Cui
639 943 710 1022 fuit
730 944 948 1051 injunctum.
972 943 1077 1049 quod
1097 972 1173 1021 non
1201 945 1380 1022 revelaret
1407 947 1502 1023 banc

83 1102 190 1151 suam
208 1074 488 1181 deposicionem
508 1103 710 1182 quousque
730 1076 989 1151 attestaciones
1010 1072 1153 1151 luerint
1177 1074 1376 1179 publicate.

141 1204 230 1281 Acta
249 1202 404 1282 luerunt
420 1207 491 1283 hec
510 1206 620 1282 dictis
635 1206 695 1283 die
716 1223 756 1282 et
767 1204 867 1293 loco,
885 1203 1124 1311 presentibus
1144 1206 1321 1311 magistro
1341 1205 1501 1289 Amisio,

86 1362 147 1411 me
167 1334 420 1411 Floriamonte
439 1335 656 1423 Dondedei,
676 1352 714 1411 et
733 1335 814 1411 aliis
833 1335 988 1411 notariis
1002 1363 1114 1441 supra
1134 1334 1270 1411 ultimo
1290 1336 1500 1412 nominatis.

141 1596 230 1670 Post
247 1595 337 1681 hec,
361 1594 421 1670 die
441 1595 571 1672 Martis
593 1595 785 1701 sequenti,
806 1594 872 1698 qui
890 1594 962 1670 luit
980 1619 1068 1670 xxiii
1088 1593 1169 1670 dies
1184 1593 1273 1671 dicti
1287 1597 1427 1671 mensis
1440 1598 1506 1672 Fe

84 1724 243 1814 bruarii,
271 1723 346 1800 suit
365 1724 548 1802 adductus
572 1724 620 1802 ad
638 1725 869 1829 presenciam
890 1724 1113 1801 eorumdem
1139 1725 1383 1802 dominorum
1404 1755 1506 1802 com-

86 1855 358 1940 missariorum,
377 1855 416 1930 in
434 1858 549 1931 domo
569 1855 735 1959 predicta
753 1853 908 1930 fratrum
926 1854 1135 1944 Minorem,
1152 1853 1269 1930 frater
1281 1857 1506 1963 Raynandus

84 1987 275 2090 Bergeron
305 1986 483 2077 serviens,
513 1985 761 2091 Lingonensis
784 1984 959 2070 diocesis,
991 1985 1097 2062 testis
1126 2013 1239 2090 supra
1264 1987 1430 2094 juratus,
1462 2005 1506 2062 nt

87 2117 295 2220 deponeret
314 2116 458 2192 dictum
485 2144 616 2207 suum,
647 2145 724 2194 non
754 2114 939 2193 defferens
972 2112 1197 2192 mantellum
1228 2116 1386 2205 ordinis,
1418 2118 1504 2223 quia

86 2245 278 2322 dimiserat
290 2274 379 2321 enm
393 2262 502 2322 motu
518 2246 689 2351 proprio,
708 2246 861 2350 quando
874 2243 947 2321 luit
957 2272 1026 2349 per
1044 2245 1187 2321 dictum
1203 2247 1422 2351 episcopum
1441 2250 1506 2322 Pa-

87 2375 297 2464 risiensem,
319 2376 385 2482 qui
406 2375 648 2482 inquisiverat
666 2402 755 2451 cum
783 2401 845 2460 eo,
874 2373 1069 2451 absolutus
1099 2391 1137 2450 et
1162 2375 1439 2462 reconciliatus,
1469 2394 1506 2451 et

85 2522 214 2609 postea
230 2507 311 2583 radi
328 2504 466 2582 lecerat
480 2504 552 2583 sibi
565 2503 738 2595 barbam,
759 2506 863 2582 etatis
880 2505 1123 2611 quadraginta
1133 2505 1302 2611 quinque
1319 2533 1504 2583 annorum

85 2636 142 2710 vel
163 2636 269 2712 circa.
292 2637 413 2712 Lectis
433 2653 619 2713 autemet
638 2635 840 2744 diligenter
858 2635 1034 2740 expositis
1055 2635 1125 2711 sibi
1144 2635 1322 2712 omnibus
1335 2654 1373 2712 et
1388 2638 1506 2745 singu-

85 2765 130 2840 lis
150 2765 329 2854 articulis,
351 2768 548 2870 respondit
562 2794 601 2843 se
622 2766 766 2844 nescire
787 2765 835 2842 de
852 2765 1037 2844 contentis
1054 2767 1092 2840 in
1111 2765 1165 2842 eis
1178 2766 1250 2842 nisi
1268 2768 1373 2872 qnod
1389 2770 1507 2872 sequi·

84 2911 157 2970 tur.
180 2896 281 2973 Dixit
300 2896 404 2973 enim
419 2897 523 3000 quod
544 2897 624 3001 ipse
643 2895 717 2972 luit
734 2915 907 3002 receptus
926 2924 995 3000 per
1013 2895 1166 2972 fratrem
1187 2898 1436 2974 Laurentium
1458 2899 1505 2972 de

83 3025 199 3100 Belna
231 3043 492 3132 preceptorem
518 3054 619 3102 nunc
650 3026 697 3103 de
733 3028 922 3103 Mormant
952 3027 1198 3134 Lingonensis
1229 3026 1413 3116 diocesis,
1440 3028 1505 3132 qui

85 3154 156 3229 luit
185 3151 403 3232 combustus
430 3153 613 3242 Parisios,
649 3157 686 3230 in
712 3157 852 3261 capella
880 3157 1016 3234 domus
1046 3156 1201 3262 Templi·
1222 3157 1269 3233 de
1289 3157 1505 3265 ¹Corgemin

86 3283 333 3390 lingonensis
353 3285 528 3375 diocesis,
553 3286 648 3361 circa
672 3285 809 3361 festum
830 3286 945 3362 sancti
966 3286 1116 3362 Martini
1144 3286 1317 3364 hiemalis
1335 3290 1506 3392 proximo

84 3414 308 3516 preteritum
332 3413 489 3491 fuerunt
509 3440 559 3492 vn
583 3416 671 3490 anni
690 3415 748 3491 vel
769 3417 880 3505 circa,
908 3415 1149 3521 presentibus
1174 3415 1352 3491 fratribus
1370 3416 1506 3492 Anrico

85 3544 131 3619 de
146 3546 332 3652 Maysons‚
350 3545 563 3624 Christiano
579 3546 626 3622 de
643 3546 737 3635 Rici,
754 3547 890 3654 Egidio
904 3547 952 3621 de
965 3544 1135 3625 Vollenis
1148 3563 1186 3621 et
1205 3545 1344 3623 Viardo
1366 3546 1412 3622 de
1434 3548 1508 3622 Bic-

83 3691 142 3750 tes
153 3676 415 3763 servientibus,
436 3677 681 3781 Lingonensis
694 3674 873 3762 diocesis,
889 3675 936 3750 de
951 3703 1117 3781 quorum
1129 3675 1202 3752 vita
1216 3675 1275 3751 vel
1288 3693 1409 3751 morte
1430 3704 1505 3752 non

87 3802 202 3878 habet
225 3804 512 3891 certitudinem,
537 3819 581 3879 et
608 3802 751 3878 eisdem
778 3803 839 3881 die
861 3819 899 3879 et
923 3803 1007 3879 loco
1028 3822 1066 3879 et
1091 3806 1347 3910 presentibus,
1377 3823 1414 3882 et
1440 3835 1507 3911 per

87 3932 275 4021 eundem,
306 3932 462 4009 luerunt
485 3933 625 4037 recepti
659 3961 745 4009 cum
775 3960 820 4010 eo
845 3934 1034 4011 lohannes
1065 3933 1101 4010 le
1135 3934 1235 4012 ssioel
1263 3937 1506 4042 Lingonensis

86 4064 259 4152 diocesis,
282 4081 320 4141 et
339 4062 548 4152 Gerardus,
568 4063 634 4168 qui
650 4063 724 4140 fuit
746 4092 946 4142 conversus
960 4064 1007 4140 de
1022 4065 1283 4153 Morimacion,
1298 4067 1405 4173 cujus
1423 4093 1507 4171 cog-

85 4223 223 4271 nomen
248 4195 410 4298 ignorat,
437 4190 588 4269 Miletus
614 4193 662 4270 de
685 4194 765 4271 Bici
793 4194 891 4271 dicte
916 4195 1163 4304 [jngonensis
1186 4196 1361 4283 diocesis,
1385 4213 1423 4271 et
1444 4196 1504 4271 alii

85 4326 253 4431 quinque
269 4324 316 4400 de
332 4329 496 4431 quorum
510 4323 729 4401 nominibus
741 4352 818 4401 non
831 4326 1062 4416 recordatur,
1078 4326 1116 4401 in
1133 4326 1367 4431 modumqui
1381 4328 1505 4433 sequi-

84 4472 169 4530 tur:
189 4483 276 4530 cum
290 4454 392 4530 enim
405 4454 483 4558 ipse
500 4453 606 4530 testis
619 4471 715 4531 esset
728 4472 925 4545 uxoratus,
948 4471 985 4531 et
1004 4453 1118 4531 frater
1133 4457 1243 4563 Hugo
1261 4456 1309 4533 de
1326 4456 1505 4534 Cabilone

84 4583 207 4675 miles,
222 4600 313 4661 tunc
330 4601 528 4689 preceptor
540 4582 679 4662 domus
696 4585 744 4662 de
764 4584 832 4663 Vel
842 4587 957 4672 Tors,
972 4585 1195 4662 suasissetei
1210 4587 1316 4694 qnod
1327 4615 1404 4707 qma
1418 4616 1504 4662 cum

84 4743 201 4792 uxore
227 4742 294 4793 sua
318 4715 475 4793 intraret
501 4714 697 4806 ordinem,
724 4715 846 4792 dietus
867 4715 972 4792 testis
994 4715 1088 4791 dixit
1115 4717 1220 4822 quod
1245 4742 1322 4794 non
1350 4718 1505 4794 intraret

84 4846 155 4922 nisi
179 4861 388 4922 remaneret
412 4843 483 4920 sibi
505 4871 599 4921 uxor
617 4873 705 4935 sua,
729 4860 872 4922 etcum
896 4845 1017 4923 dictus
1036 4844 1146 4922 miles
1167 4848 1238 4923 hoc
1254 4848 1324 4925 sibi
1345 4849 1503 4954 permit-
