4080 6052
303 559 378 628 naa
689 533 886 626 Pnocts
911 552 1006 623 nes
1031 551 1332 626 reuertens.

304 695 561 801 presentibus,
587 692 783 805 respondit
805 691 911 800 quod
933 690 1078 769 dictum
1101 692 1351 770 Bertrandum
1380 693 1522 797 recepit
1545 710 1636 771 sunt
1660 723 1721 775 vru

305 825 392 900 anni
404 823 463 901 vel
475 824 580 912 circa,
597 822 835 930 presentibus
853 820 1031 898 fratribus
1047 821 1274 899 Humbando
1291 821 1334 899 lo¹
1347 809 1540 927 berroyer‚
1558 837 1604 898 et
1612 823 1722 900 Petro

306 954 353 1030 de
373 953 570 1058 Ardenayo
588 968 626 1029 et
643 952 813 1031 Arnardo
828 951 864 1028 la
882 940 1040 1042 Biossa,
1052 952 1099 1028 de
1119 951 1260 1058 quibus
1280 951 1400 1029 nescit
1417 979 1464 1027 an
1483 953 1559 1027 sint
1577 952 1646 1028 vivi
1661 953 1720 1053 tel

306 1083 466 1173 mortui;
493 1083 649 1158 fuerunt
666 1100 793 1159 tamen
821 1111 909 1159 cum
933 1081 1015 1158 aliis
1039 1081 1218 1159 fratribus
1242 1082 1350 1188 capti.
1377 1081 1570 1193 Presatum
1595 1099 1721 1181 autem

305 1211 464 1289 militem
485 1212 578 1288 dixit
593 1240 635 1316 ¹se
653 1202 837 1316 recepisse
856 1240 920 1323 aex
939 1211 1026 1287 anni
1044 1210 1104 1289 vel
1123 1212 1233 1304 circa,
1253 1211 1492 1318 presentibus
1510 1211 1635 1290 tribus
1652 1211 1723 1290 sra-

304 1343 425 1419 tribus
443 1327 614 1448 proximo
633 1342 844 1423 nominatis·
860 1359 899 1419 et
920 1339 1032 1420 fratre
1055 1342 1319 1434 Bartholomeo
1339 1341 1387 1418 de
1406 1342 1560 1418 Pratimi
1581 1342 1721 1430 milite,

303 1489 523 1579 preceptore
544 1471 680 1548 domus
700 1469 747 1548 de
768 1471 879 1547 Ulmo
898 1471 1053 1548 Triandi
1073 1471 1315 1549 Bituricensis
1335 1471 1510 1559 diocesis,
1522 1469 1614 1549 ‘lilio
1634 1471 1722 1548 dicti

303 1601 434 1679 militis
448 1619 540 1678 tunc
558 1601 716 1707 recepti;
734 1599 863 1705 plures
876 1628 953 1680 non
973 1600 1227 1681 interfuerunt
1244 1602 1286 1677 in
1301 1601 1411 1679 dictis
1423 1600 1720 1706 recepcionibus,
1759 1602 1764 1611 ’

304 1735 401 1811 sicut
419 1734 523 1810 dixit.
545 1735 602 1831 De
621 1731 756 1846 diebus
773 1759 862 1808 vero
883 1748 921 1808 et
936 1732 1130 1809 mensibus
1149 1733 1188 1809 in
1209 1731 1348 1839 quibus
1367 1731 1465 1826 dicte
1484 1715 1723 1838 recepciones

304 1863 588 1952 facte-fuerunt,
610 1863 704 1939 dixit
722 1892 762 1940 se
782 1890 859 1940 non
878 1862 1079 1941 recordari.
1100 1863 1317 1970 Requisitus
1331 1863 1369 1941 si
1382 1865 1462 1968 ipse
1480 1863 1590 1941 testis
1607 1864 1646 1939 in
1664 1891 1723 1939 re·

304 1995 478 2100 cepcione
494 2022 562 2080 sua
580 1992 668 2070 lecit
682 1992 846 2099 aliquam
866 1993 1137 2103 resistenciam,
1157 1993 1309 2100 quando
1325 1993 1493 2099 predicte
1506 1992 1724 2071 abhomina·
1793 2011 1798 2019 ’

305 2125 431 2200 ciones
453 2118 759 2228 precipiebantur
782 2121 870 2212 sibi,
897 2139 936 2199 et
961 2121 1023 2199 alii
1051 2149 1148 2229 quos
1172 2123 1251 2229 ipse
1278 2124 1435 2229 recepit,
1461 2139 1500 2199 et
1520 2121 1587 2198 ille
1610 2148 1737 2230 quem

303 2252 396 2328 vidit
423 2253 559 2359 recipi,
587 2250 784 2357 respondit
811 2250 915 2360 quod
942 2251 1169 2329 admirantes
1195 2252 1416 2329 deserebant
1445 2250 1567 2328 lacere
1605 2250 1749 2358 donec⁴

304 2382 499 2460 dicebatur
523 2381 592 2471 eis,
612 2396 650 2457 et
669 2380 828 2485 ips'emet
845 2379 938 2461 dixit
961 2379 1036 2457 illis
1059 2409 1156 2487 quos
1174 2382 1316 2487 recepit
1338 2380 1442 2487 quod
1456 2381 1532 2458 ista
1552 2398 1659 2458 erant
1676 2381 1721 2458 de

210 2543 214 2550 ·
303 2514 452 2617 punctis
471 2511 633 2601 ordinis,
655 2527 693 2587 et
712 2510 765 2588 sic
783 2509 1059 2589 inducebantur
1074 2511 1124 2615 ad
1137 2509 1351 2588 laciendum
1369 2509 1555 2620 predicta,
1576 2528 1617 2588 et
1632 2511 1722 2589 dice

302 2641 394 2720 bant
411 2643 502 2750 [sic]
527 2641 633 2749 quod
654 2639 841 2718 faciebant
856 2668 922 2718 ore
944 2657 983 2717 et
998 2669 1076 2739 non
1092 2642 1217 2719 corde.
1235 2641 1452 2754 Requisitus'
1470 2639 1582 2747 cujus
1600 2643 1722 2719 estatis
1747 2625 1749 2629 ’

306 2792 410 2848 erant
426 2774 481 2850 illi
495 2800 591 2879 quos
606 2772 748 2876 recepit
765 2780 936 2877 'tempore
955 2772 1186 2878 recepcionis
1200 2799 1351 2862 eorum,
1368 2771 1463 2850 dixit
1479 2771 1583 2879 quod
1600 2771 1720 2848 dictus

305 2901 531 2978 Bertrandus
551 2920 629 2978 erat
653 2902 759 2979 etatis
782 2926 854 2993 xxa
873 2928 1059 2987 annorum
1078 2902 1141 2980 vel
1156 2902 1270 2991 circa,
1293 2919 1331 2980 et
1349 2887 1474 2979 dictus
1490 2901 1602 2978 miles
1620 2928 1720 2980 rece·

305 3046 392 3133 ptus
416 3058 483 3134 per
509 3023 601 3105 etunv
624 3031 941 3136 septuagenarius.
962 3031 1019 3108 De
1046 3026 1154 3138 dictis
1176 3057 1213 3111 tt
1233 3031 1403 3141 articulis
1423 3047 1463 3108 et
1481 3032 1664 3123 contentis
1681 3031 1718 3106 in

306 3159 411 3262 ipsis,
434 3159 525 3234 dixit
543 3186 582 3235 se
604 3158 673 3233 alia
693 3160 848 3236 nescire.
1121 3164 1124 3171 ’

360 3289 471 3377 Item,
486 3268 690 3392 requisitus
705 3316 819 3393 super
836 3289 1195 3379 v-v111aniculis,de
1213 3290 1544 3399 dogmatiaacione,
1562 3307 1646 3378 etc„
1666 3318 1723 3366 re·

285 3407 289 3415 ⁸
305 3418 457 3525 spondit
468 3448 507 3496 se
525 3418 642 3494 nichil
659 3419 763 3507 scire,
781 3447 850 3494 nec
867 3419 1152 3503 audivisseante
1171 3423 1385 3526 capcionem
1402 3419 1717 3525 Templariorumz

305 3550 371 3626 sed
392 3578 435 3625 ex
454 3568 544 3625 tunc
562 3548 661 3623 bene
681 3538 753 3624 suit
772 3547 1020 3657 interrogatus
1044 3579 1158 3656 super
1182 3551 1278 3637 istis,
1302 3579 1379 3631 nec„
1390 3549 1521 3635 credit,
1537 3563 1587 3628 ‚ut
1606 3547 1716 3644 dixit,

306 3674 410 3784 quod
438 3679 527 3755 dicti
558 3706 703 3757 errores
733 3680 898 3756 contenti
927 3680 967 3755 in
997 3705 1101 3759 v·v111
1130 3681 1293 3758 articulis
1320 3682 1486 3787 vigerent
1515 3677 1555 3754 in
1584 3676 1717 3754 ordine

309 3810 468 3914 Templi.

359 3942 470 4031 ltem,
488 3941 690 4046 requisitus
709 3970 823 4047 super
842 3927 959 4018 txssxur
976 3942 1157 4031 articulis,
1174 3942 1222 4021 de
1242 3942 1455 4047 spuicione,
1478 3954 1517 4014 et
1535 3936 1719 4014 mincione
1781 3988 1783 3992 -

305 4087 341 4145 et
361 4071 642 4148 conculcacion'e
663 4087 777 4176 super
796 4099 963 4182 crucem,
985 4072 1179 4177 respondit
1198 4101 1237 4150 se
1257 4070 1374 4148 nichil
1394 4068 1506 4157 scire,
1528 4094 1602 4151 nec
1618 4066 1718 4145 audi·

304 4198 413 4288 visse,
434 4230 503 4277 ncc
524 4203 675 4278 credere
695 4230 781 4278 vera
801 4192 897 4295 esse,
917 4201 989 4279 nisi
1009 4203 1252 4309 inquantum
1272 4200 1383 4307 supra
1404 4198 1593 4304 deposuit.
1613 4196 1618 4207 ’

359 4329 468 4419 ltem,
490 4333 693 4437 requisitus
712 4360 826 4437 super
844 4359 905 4411 xtv
925 4350 964 4410 et
981 4359 1028 4411 xv
1049 4332 1212 4409 articulis
1237 4332 1285 4408 de
1305 4328 1527 4408 adoracione
1552 4327 1640 4417 cati,
1662 4354 1715 4400 re·

302 4458 459 4561 spondit·
478 4490 517 4536 se
543 4462 658 4538 nichil
678 4462 795 4550 scire,
822 4489 892 4536 nec
910 4461 1092 4539 audivisse
1118 4462 1213 4552 dici,
1243 4489 1312 4537 nec
1339 4460 1492 4537 credere
1521 4447 1610 4532 vera
1640 4482 1713 4532 esse
1790 4497 1791 4500 ¹

303 4604 475 4676 contenta
495 4592 533 4664 in
555 4591 661 4668 dictis
682 4589 857 4674 articulis.
1580 4662 1585 4671 .

357 4716 467 4802 Item,
481 4720 690 4822 ‚requisitus
710 4749 823 4826 super
842 4747 1005 4799 ivr-xmr
1025 4722 1204 4809 articulis,
1226 4721 1331 4829 quod
1350 4747 1427 4797 non
1448 4715 1649 4794 credebant
1665 4740 1712 4789 sa·

302 4862 489 4923 eramenta
509 4847 632 4925 altaris
651 4878 720 4926 nec
740 4851 820 4926 aliis
840 4852 1095 4940 sacramentis,
1118 4870 1155 4929 et
1173 4853 1278 4959 quod
1303 4839 1515 4942 sacerdotes
1540 4843 1707 4926 obmitte-
