4080 6052
301 531 376 601 roo
685 503 883 597 rnoots
907 521 1002 595 uns
1027 518 1331 593 iuuencas.

302 666 456 773 injuste,
475 691 545 740 nec
560 666 756 742 interesset
771 663 840 742 ubi
857 662 991 768 aliquis
1003 660 1239 768 judicaretur
1259 655 1511 745 criminaliter,
1533 657 1608 734 nisi
1626 680 1727 739 esset

302 797 351 872 de
363 796 615 901 justicialibus
632 796 721 872 dicti
739 795 898 884 ordinis,
916 810 954 869 et
970 791 1074 898 quod
1090 818 1168 867 non
1188 791 1385 868 interesset
1401 788 1441 863 in
1457 785 1541 864 loro
1559 787 1630 867 ubi
1647 814 1726 869 mu·

303 928 373 1004 lier
387 928 528 1034 jaceret
541 927 581 1001 in
597 926 799 1032 puerperio
820 941 857 1000 et
875 922 1223 1028 sollempnizaretur
1241 919 1541 1007 matrimonium,
1563 937 1603 997 et
1620 923 1724 1029 quod

304 1075 465 1137 servaret
481 1057 699 1144 castitatem,
720 1073 758 1132 et
773 1082 851 1133 non
868 1052 1026 1131 haberet
1044 1053 1257 1158 proprium,
1279 1068 1318 1127 et
1335 1049 1441 1157 quod
1454 1049 1599 1156 jaceret
1615 1051 1657 1127 in
1674 1080 1726 1129 ce

304 1187 412 1263 misia
430 1203 468 1262 et
483 1185 743 1275 femoralibus,
763 1185 905 1262 cinctus
920 1182 1085 1291 quidam
1102 1182 1271 1271 cordula,
1289 1198 1329 1258 et
1345 1179 1385 1257 in
1402 1179 1544 1287 caligis,
1564 1199 1606 1258 et
1620 1184 1723 1289 quod

304 1332 466 1394 sanaret
483 1315 605 1394 bonos
624 1345 716 1394 usus
733 1333 773 1392 et
789 1315 908 1392 bonas
927 1313 1218 1391 consuetudines
1235 1311 1403 1417 Templi,
1423 1328 1462 1388 et
1479 1311 1725 1418 injunxerim

305 1447 340 1522 ei
370 1447 450 1522 sine
474 1445 690 1552 juramento
717 1445 823 1551 quod
848 1444 1038 1551 jejunaret
1055 1443 1389 1550 Quadragesimam
1416 1441 1663 1530 ordinariam,
1689 1461 1725 1520 et

306 1573 424 1647 eciam
443 1572 776 1679 Quadragesimam
800 1600 875 1680 que
900 1590 957 1650 est
975 1574 1073 1649 inter
1097 1572 1235 1650 festum
1255 1572 1355 1649 beati
1376 1570 1526 1649 Martini
1551 1570 1723 1650 hiemalis

307 1718 347 1776 et
357 1700 495 1778 festum
509 1703 710 1780 Nativitatis
723 1703 894 1793 Domini,
911 1721 950 1780 et
965 1702 1124 1808 vigillins
1138 1703 1404 1809 Apostolorum
1422 1720 1461 1778 ot
1476 1701 1586 1778 beate
1603 1702 1724 1809 Virgi-

307 1831 376 1908 nis.
398 1832 446 1908 Et
465 1832 558 1909 dixit
577 1834 611 1909 ei
632 1835 753 1911 dictus
772 1833 885 1912 frater
904 1835 1045 1941 Symon
1062 1828 1169 1939 quod
1193 1833 1312 1909 multa
1336 1833 1406 1908 alia
1426 1851 1533 1910 erant
1547 1850 1720 1938 precepta

307 1979 346 2038 et
364 1978 499 2039 statuta
518 1964 662 2040 ordinis
681 1992 756 2070 que
781 1993 857 2041 non
876 1981 1023 2071 poterat
1040 1982 1133 2042 tunc
1151 1965 1222 2040 sihi
1247 1964 1445 2069 explicare,
1467 1961 1645 2040 sedilias
1663 1990 1723 2041 er·

308 2089 463 2194 plicaret
479 2092 530 2182 ei,
549 2111 745 2197 uunquam
760 2109 887 2169 tamen
904 2093 1064 2170 ulterius
1084 2093 1176 2168 dixit
1192 2093 1263 2170 sibi
1281 2092 1400 2182 aliud,
1420 2118 1489 2167 uec
1508 2090 1720 2179 declarant

307 2218 487 2295 remansit
509 2217 694 2296 tamenin
715 2221 847 2298 eadem
873 2223 987 2298 domo
1012 2249 1080 2328 per
1103 2250 1260 2307 annum,
1279 2239 1324 2298 ut
1343 2222 1451 2312 dixit,
1473 2220 1580 2326 prius
1598 2238 1721 2298 tamen

307 2374 422 2453 quam
440 2350 641 2455 recepisset
664 2348 853 2438 habitum,
875 2350 997 2427 fuerat
1014 2352 1054 2427 in
1075 2350 1207 2428 eadem
1232 2350 1347 2428 domo
1370 2350 1585 2457 prepositus
1603 2366 1643 2427 et
1660 2350 1721 2427 ad-

308 2476 537 2587 ministrator
554 2497 697 2586 septem
716 2480 833 2559 annis.
853 2481 942 2557 Post
955 2480 1123 2587 predicta
1140 2497 1266 2557 autem
1282 2479 1521 2556 tradiderunt
1536 2479 1610 2558 sibi
1626 2507 1723 2558 man

307 2607 459 2699 tellum,
478 2623 524 2685 ut
540 2609 644 2686 dixit.
663 2611 878 2715 Requisitus
895 2610 926 2685 si
945 2610 985 2685 in
1006 2609 1103 2685 dicta
1121 2639 1188 2686 sua
1206 2610 1425 2715 recepcione
1444 2607 1616 2688 fecerunt
1633 2638 1721 2688 eum

308 2735 492 2842 abnegare
505 2738 698 2816 Christum
716 2739 842 2816 atalia
859 2755 1031 2815 contenta
1048 2740 1087 2814 in
1103 2740 1194 2844 ipsis
1207 2756 1368 2845 quatuor
1385 2739 1558 2828 articulis,
1574 2765 1720 2846 respon·

310 2864 367 2940 dit
383 2867 489 2969 quod
507 2892 596 2944 non.
618 2868 834 2973 Requisitus
853 2868 883 2944 si
904 2867 951 2944 ab
971 2867 1097 2974 aliquo
1117 2867 1190 2945 alio
1210 2867 1351 2945 audivit
1367 2868 1474 2974 quod
1492 2868 1532 2943 iu
1551 2867 1651 2945 dioto
1670 2896 1723 2946 or·

311 2991 399 3068 dine
419 3011 543 3070 essent
562 2996 651 3072 dicti
671 3025 816 3074 errores
834 2999 892 3073 vel
912 2997 991 3090 alii,
1012 2997 1206 3103 respoudit
1224 2997 1328 3105 quod
1346 3015 1547 3103 postquam
1569 2998 1722 3076 bierunt

310 3122 421 3225 capti,
444 3122 585 3199 audivit
604 3124 677 3200 dici
695 3152 715 3199 a
731 3123 908 3202 fratribus
926 3127 1094 3204 Johaune
1113 3129 1231 3205 Botan
1252 3127 1409 3205 diocesis
1427 3126 1668 3219 Pictaveusis,
1687 3147 1723 3206 et

310 3249 515 3329 Guillelmo
538 3254 636 3331 dicto
657 3255 877 3361 Santongier
896 3258 1142 3334 Xantonensis
1163 3257 1319 3334 diocesis
1338 3258 1601 3347 servientibus,
1620 3259 1722 3365 quod

309 3381 435 3488 aliqua
462 3384 657 3461 inhonesta
687 3401 791 3460 erant
814 3386 854 3460 in
881 3385 981 3461 dicto
1011 3387 1153 3462 ordine.
1182 3386 1399 3492 Requisitus
1425 3386 1491 3462 ubi
1518 3387 1720 3490 atquibus

308 3512 548 3618 presentibus
572 3513 764 3591 audiverat
787 3513 859 3589 dici
885 3513 1067 3618 predicta,
1088 3514 1282 3621 respondit
1301 3543 1340 3592 se
1360 3514 1538 3592 audivisse
1556 3514 1719 3590 Parisius

309 3643 349 3716 in
368 3643 482 3720 domo
500 3644 547 3719 ad
562 3645 799 3749 Serpentem,
814 3644 876 3721 die
896 3645 994 3722 Jovis
1013 3647 1182 3752 proximo
1202 3648 1427 3752 preterita,a
1444 3642 1587 3749 prefato
1607 3643 1718 3721 fratre

308 3772 477 3848 lohanne
496 3776 630 3862 Botan‚
654 3791 691 3851 et
711 3792 817 3850 erant
841 3775 928 3863 soli3
951 3793 988 3851 et
1012 3776 1118 3864 alias,
1141 3778 1180 3852 in
1200 3777 1315 3853 domo
1339 3773 1488 3880 Templi
1506 3768 1721 3880 Engolisme

308 3901 454 3978 adicto
480 3901 685 3981 Guillelmo
718 3904 970 4010 Sanctongier,
1000 3922 1088 3981 sunt
1115 3934 1178 3982 sex
1211 3907 1298 3982 anni
1329 3906 1388 3981 vel
1416 3905 1527 3992 circa,
1549 3921 1720 4009 presente

309 4031 350 4107 N.
372 4033 563 4110 Brossardi
584 4034 717 4110 clerico
736 4035 1025 4140 Engobsmensi,
1048 4037 1228 4141 clavigero
1249 4036 1344 4111 dicte
1366 4035 1513 4111 domus.

365 4161 474 4254 item,
500 4164 702 4271 requisitus
730 4193 843 4269 super
870 4192 972 4244 v·v1n
999 4166 1179 4252 articulis,
1201 4166 1247 4241 de
1273 4165 1607 4271 dogmatiracione,
1634 4181 1717 4249 etc,

308 4292 502 4393 respondit
520 4321 559 4370 se
577 4294 693 4369 nichil
712 4295 822 4383 scire,
841 4320 911 4370 nec
930 4294 1130 4385 audivisse,
1149 4323 1218 4371 nec
1238 4295 1388 4370 credere
1409 4323 1492 4370 vera
1512 4321 1605 4371 esse.

314 4439 320 4447 ’
363 4420 474 4509 Item,
497 4422 545 4497 ad
564 4450 740 4512 vnn-xm,
760 4423 808 4499 de
827 4425 1019 4528 spuicione
1038 4442 1077 4500 et
1094 4425 1375 4501 conculoacione
1396 4425 1530 4511 crucis,
1552 4440 1642 4513 etc,
1663 4448 1718 4499 re·

308 4549 460 4650 spondit
479 4577 517 4625 se
540 4552 655 4627 nichil
676 4553 780 4629 scire.
802 4553 1004 4658 Postquam
1024 4571 1150 4631 tamen
1170 4553 1243 4630 fuit
1266 4572 1410 4659 captus,
1438 4555 1579 4632 audivit
1605 4550 1676 4629 dici
1700 4578 1718 4625 a

309 4675 438 4752 multis
461 4677 689 4757 secularibus
712 4682 817 4787 quod
840 4683 1025 4788 spuebant
1048 4712 1162 4790 super
1189 4712 1339 4762 crucem
1366 4686 1455 4763 dicti
1474 4684 1621 4771 fratres}
1640 4684 1715 4787 ipse

308 4819 433 4880 tamen
454 4833 530 4880 non
550 4806 668 4884 credit
685 4829 856 4888 contenta
875 4813 913 4888 in
933 4814 1022 4920 ipsis
1041 4815 1205 4892 articulis
1225 4841 1303 4892 esse
1323 4843 1419 4892 vera.
