4080 6052
692 548 891 641 rnocts
915 566 1011 640 ors
1037 569 1336 642 venemens
1647 576 1720 647 ars

305 741 374 787 nec
399 708 502 816 quod
535 736 668 784 eorum
697 708 907 784 sacerdotes
936 707 1155 785 omitterent
1181 710 1294 787 verba
1323 711 1492 798 canonis,
1521 739 1591 789 nec
1618 716 1724 819 quod

306 841 366 917 alii
387 840 517 915 fratres
536 855 660 913 essent
675 837 861 914 increduli
881 838 921 912 in
939 836 1195 915 ecclesiasticis
1214 839 1470 926 sacramentis,
1491 840 1630 945 quibus
1646 843 1721 947 ipse

304 971 410 1048 testis
427 969 525 1046 bene
546 968 738 1053 credebat,
766 996 834 1044 nec
860 967 966 1074 quod
986 994 1120 1044 eorum
1140 968 1223 1044 laici
1243 967 1478 1046 absolverent
1497 969 1554 1046 vel
1572 989 1724 1076 possent

305 1100 497 1176 absolvere
527 1128 546 1174 a
576 1099 752 1205 peccatis,
783 1126 852 1174 nec
880 1098 985 1203 quod
1009 1096 1145 1175 lierent
1170 1099 1240 1175 alia
1264 1098 1417 1174 hoscula
1445 1128 1558 1205 quam
1588 1098 1651 1174 illa
1676 1100 1722 1178 de

304 1230 444 1335 quibus
469 1256 579 1334 supra
600 1228 783 1332 deposuit.
805 1226 1008 1305 Dicebatur
1030 1229 1083 1305 eis
1107 1230 1210 1336 quod
1229 1230 1353 1305 statim
1377 1257 1444 1334 pro
1466 1227 1639 1334 professis
1662 1230 1725 1306 ha-

304 1359 503 1449 bebantur,
525 1359 590 1436 sed
621 1386 699 1434 non
714 1358 852 1465 juravit
876 1358 1049 1436 ordinem
1074 1388 1152 1435 non
1172 1361 1282 1436 exire.
1304 1359 1545 1438 Clandestine
1566 1349 1725 1465 recipie-

303 1488 455 1580 bantur,
482 1518 526 1566 ex
545 1514 620 1595 quo
650 1506 728 1564 erat
752 1489 913 1593 suspicio
939 1506 1067 1565 contra
1092 1517 1175 1579 eos3
1202 1517 1271 1565 nec
1293 1491 1362 1565 scit
1383 1518 1452 1565 nec
1478 1489 1597 1564 credit
1620 1491 1724 1596 quod

303 1619 498 1696 carnaliter
518 1619 862 1707 commiscerentur,
877 1646 945 1694 nec
962 1618 1068 1724 quod
1086 1618 1273 1696 diceretur
1293 1620 1346 1696 eis
1366 1621 1470 1726 quod
1486 1621 1558 1695 hoc
1579 1619 1723 1696 licitum

304 1765 415 1836 esset,
442 1777 511 1825 nec
531 1748 635 1853 quod
655 1747 839 1823 haberent
863 1747 993 1853 ydola,
1023 1774 1092 1822 nec
1117 1747 1222 1852 quod
1241 1747 1414 1834 cordule,
1437 1747 1576 1853 quibus
1604 1775 1646 1823 ex
1667 1777 1725 1824 or-

307 1877 504 1954 dinacione
532 1877 633 1953 beati
660 1875 843 1951 Bernardi
872 1875 1117 1981 cingebantur
1143 1904 1254 1980 supra
1281 1876 1447 1951 camisias
1474 1905 1560 1952 cum
1588 1875 1725 1981 quibus

299 2004 490 2113 jacebant,
512 2021 711 2113 tangerent
736 2006 852 2110 capita
878 2004 1094 2111 ydolorum,
1117 2033 1185 2082 nec
1204 2005 1308 2112 quod
1329 2004 1464 2111 aliquis
1483 2005 1648 2082 noluerit
1671 2005 1724 2081 la-

305 2164 388 2213 cere
408 2137 575 2242 predicta
595 2136 739 2222 illicita,
762 2164 832 2210 nec
855 2136 958 2242 quod
979 2165 1023 2211 ex
1042 2136 1115 2212 hoc
1130 2135 1286 2242 punitus
1303 2135 1427 2212 luerit.
1447 2136 1725 2241 Precipiebatur

305 2267 357 2344 eis
378 2267 483 2373 quod
506 2293 583 2342 non
598 2265 805 2343 revelarent
820 2282 960 2341 secreta
976 2265 1241 2372 capitulorum,
1261 2283 1299 2341 et
1321 2266 1351 2341 si
1374 2266 1613 2355 revelassent,
1640 2295 1725 2370 per-

305 2397 489 2473 didissent
521 2398 679 2472 domum
710 2413 748 2471 et
776 2396 991 2472 incarcerati
1022 2394 1192 2472 luissent.
1232 2396 1314 2472 Non
1344 2412 1471 2471 tamen
1503 2397 1542 2471 in
1576 2396 1723 2501 speciali

305 2528 447 2605 audivit
471 2526 633 2604 inhiberi
663 2526 768 2632 quod
798 2554 875 2604 non
900 2525 1108 2602 revelarent
1135 2525 1294 2601 modum
1323 2525 1553 2630 recepcionis
1581 2554 1724 2602 eorum.

305 2658 575 2767 lnjungebatur
604 2657 657 2735 eis
680 2657 785 2764 quod
806 2685 883 2734 non
905 2656 1176 2734 confiterentur
1196 2657 1269 2733 nisi
1289 2656 1547 2734 sacerdotibus
1566 2656 1725 2744 ordinis,

305 2789 383 2895 ipse
401 2806 528 2868 tamen
543 2817 619 2865 non
635 2789 800 2865 servavit.
815 2790 962 2866 Fratres
976 2790 1134 2866 scientes
1147 2817 1291 2865 errores
1306 2787 1463 2865 fuerunt
1475 2787 1724 2897 negligentes,
1802 2882 1806 2899 Ι

306 2919 393 3024 quia
417 2946 495 2995 uon
514 2936 755 2995 correxerunt
778 2946 842 2995 eos
864 2947 933 2994 nec
953 2918 1274 2996 denunciaverunt
1294 2918 1472 2996 Ecclesie.
1494 2917 1727 2997 Elemosinas

308 3066 345 3124 et
366 3048 660 3154 hospitalitatem
688 3049 781 3124 vidit
807 3050 1072 3126 convenienter
1092 3048 1173 3125 lieri
1196 3069 1233 3126 et
1251 3051 1386 3126 servari
1410 3049 1448 3125 in
1470 3049 1646 3127 domibus
1666 3069 1726 3127 or·
1856 3045 1858 3050 ⁴

309 3177 409 3254 dinis
429 3177 468 3253 in
489 3177 627 3284 quihus
653 3177 725 3255 suit
745 3196 1001 3270 conversatus,
1031 3208 1100 3256 nec
1126 3178 1267 3262 audivit
1290 3179 1431 3284 precipi
1460 3179 1512 3255 eis
1536 3180 1641 3284 quod
1662 3209 1728 3284 per

308 3307 410 3383 nefas
429 3307 677 3414 acquirerent.
701 3308 807 3387 Clam
829 3309 1002 3416 capitulia
1020 3308 1255 3398 tenebantur,
1283 3309 1444 3384 sednon
1463 3308 1605 3384 audivit
1623 3309 1727 3413 quod

309 3437 462 3514 excubie
482 3455 727 3544 ponerentur,
748 3468 819 3537 nec
834 3439 938 3546 quod
959 3439 1097 3515 familia
1118 3438 1371 3544 expelleretur
1391 3437 1440 3513 de
1461 3437 1586 3513 domo.
1608 3438 1726 3514 Totus

309 3567 402 3643 ordo
429 3587 606 3646 servasset
640 3568 743 3675 quod
774 3598 933 3677 maguus
964 3570 1140 3675 Magister
1172 3597 1257 3643 cum
1289 3583 1476 3642 conventu
1506 3567 1725 3643 ordinasset.

309 3696 473 3774 Grandia
493 3697 681 3791 scandala,
702 3698 864 3804 suspicio
886 3714 923 3773 et
947 3697 1097 3773 infamia
1121 3716 1274 3802 propter
1293 3697 1488 3803 premissa,
1514 3724 1589 3801 que
1610 3697 1729 3772 credit

309 3827 423 3903 luisse
444 3828 591 3904 notoria
613 3826 789 3904 fratribus
805 3827 966 3918 ordinis,
988 3843 1112 3904 exorta
1135 3844 1223 3905 sunt
1241 3844 1369 3904 contra
1387 3826 1575 3915 ordinem,
1601 3842 1729 3903 contra

290 3984 425 4063 ·quem
439 3957 580 4035 audivit
593 3958 665 4035 dici
682 3986 860 4062 magnum
876 3958 1096 4066 Magistrum
1116 3976 1155 4035 et
1171 3957 1263 4034 alios
1279 3956 1425 4063 aliquos
1438 3985 1598 4047 errores,
1613 3957 1730 4032 nescit

311 4116 424 4193 quos,
451 4086 564 4164 luisse
584 4088 782 4165 confessos.
806 4090 890 4166 Nou
913 4086 1052 4163 obtulit
1074 4114 1112 4163 se
1133 4085 1356 4163 deffensioni
1376 4086 1536 4177 ordinis,
1567 4115 1635 4162 nec
1658 4085 1731 4163 luit

312 4218 588 4326 questionatus,
601 4235 638 4295 et
653 4219 771 4295 dictas
787 4219 1080 4328 abnegacionem
1093 4233 1130 4293 et
1142 4217 1377 4323 spuiciouem
1394 4232 1525 4323 sponte
1540 4213 1729 4292 consessus
1759 4245 1763 4252 ·

312 4347 385 4425 luit
404 4376 529 4426 coram
550 4348 649 4427 dicto
672 4349 827 4426 domino
849 4347 1115 4426 Lemoviceusi.

368 4477 582 4584 Requisitus
613 4479 719 4555 sisic
749 4480 971 4585 deposuerat
1004 4505 1136 4583 proce,
1170 4494 1367 4584 precepto,
1397 4477 1551 4565 timore,
1581 4486 1728 4564 amore,

314 4606 421 4692 odio,
443 4607 501 4683 vel
528 4608 727 4713 temporali
756 4610 916 4685 comodo
941 4607 1071 4685 habito
1097 4607 1154 4685 vel
1187 4606 1384 4697 habendo,
1407 4605 1602 4711 respondit
1628 4606 1731 4710 quod

314 4762 412 4826 non,
439 4739 506 4813 sed
525 4766 594 4843 pro
613 4739 765 4815 veritate
787 4738 956 4816 dicenda.
985 4739 1059 4817 Cui
1078 4738 1150 4814 luit
1176 4738 1389 4847 injunctum
1408 4735 1513 4843 quod
1532 4763 1610 4811 non
1628 4762 1731 4809 reve·
1792 4826 1806 4844 ι

313 4864 408 4942 laret
437 4865 533 4943 hauc
556 4895 663 4945 suam
688 4867 966 4973 deposicionem
994 4866 1477 4976 quousque‘attestaciones
1496 4864 1636 4942 luerint
1661 4890 1731 4967 pu-
