4080 6052
304 536 351 605 sr
686 507 882 602 procus
905 527 1001 598 nas
1026 527 1329 601 ruurmrua

303 670 413 761 mari,
435 669 530 746 sicut
552 665 690 742 fecerat
708 667 844 744 diebus
863 666 1171 772 precedentibus,
1190 668 1297 773 quod
1320 683 1428 744 erant
1447 671 1566 773 parati
1586 675 1720 753 audire

304 801 334 877 si
354 815 477 876 essent
495 797 627 903 aliqui,
649 797 714 903 qui
733 796 873 874 veilent
896 823 1021 872 coram
1045 797 1100 873 cia
1122 822 1340 903 comparere
1363 824 1433 902 pro
1457 797 1565 877 dictis
1583 804 1720 881 ordine

303 928 451 1036 Templi
470 928 528 1005 vel
547 927 723 1006 fratribus
741 929 858 1033 ipsius
881 927 1025 1004 ordinis
1044 945 1109 1003 aut
1128 926 1209 1005 aliis
1228 928 1397 1006 evocatis
1416 928 1571 1008 Etcum
1588 934 1721 1012 nullus

304 1076 548 1166 compareret,
564 1059 611 1135 de
630 1059 860 1166 benignitate
878 1058 1189 1135 continuaverunt
1206 1076 1245 1136 et
1262 1079 1557 1166 prorogaremnt
1574 1063 1718 1141 dictum

303 1189 507 1266 terminum
526 1189 715 1296 usquead
734 1187 836 1265 diem
857 1187 964 1265 Lune
984 1205 1223 1296 sequentem,
1236 1189 1332 1267 bora
1350 1190 1489 1296 prime3
1511 1192 1558 1269 de
1577 1192 1718 1299 quibus

304 1319 496 1406 omnibus,
518 1336 585 1396 etc.
607 1335 793 1422 utsupra.

359 1581 446 1656 Post
464 1578 549 1667 hec,
565 1575 661 1652 dicta
682 1576 742 1653 die
762 1578 885 1663 Lune,
902 1605 976 1684 que
995 1576 1068 1656 fuit
1085 1593 1202 1656 mur·
1221 1581 1302 1658 dies
1321 1581 1461 1658 mensis
1480 1581 1715 1666 Novembris,

305 1723 565 1801 consensumt
576 1704 733 1811 predicti
754 1706 897 1783 domini
917 1709 1160 1786 commissarii
1176 1710 1224 1786 ad
1237 1709 1419 1814 prefatam
1438 1711 1563 1788 aulam
1583 1712 1718 1816 episco
1783 1747 1786 1753 ·

304 1837 443 1942 palem,
466 1853 504 1912 et
521 1832 681 1911 cum'ibi
700 1851 953 1939 expectassent
969 1838 1074 1941 quasi
1096 1865 1218 1943 usque
1243 1837 1292 1914 ad
1314 1839 1447 1916 horam
1470 1841 1659 1926 meridiei,
1680 1857 1719 1917 et

303 1969 424 2074 major
441 1964 552 2042 missa
573 1963 612 2055 in
632 1963 783 2040 ecclesia
801 1961 910 2042 beate
928 1963 1044 2041 Marie
1063 1965 1251 2042 celebrata
1269 1984 1381 2056 esset,
1397 1984 1436 2042 et
1448 1967 1577 2042 nulfus
1591 1995 1716 2042 coram

305 2074 359 2173 eis
377 2109 623 2199 compareret,
636 2092 724 2171 ficet
742 2120 810 2198 per
830 2091 972 2170 dictum
987 2093 1212 2200 aparitorem
1227 2092 1375 2187 fuisset,
1390 2111 1504 2199 prout
1521 2095 1561 2169 in
1582 2094 1718 2173 diebus

303 2223 605 2332 precedentibus,
626 2224 897 2331 proclamatum
920 2224 1026 2329 quod
1044 2239 1303 2329 comparerent
1329 2223 1360 2300 si
1389 2223 1455 2330 qui
1480 2243 1619 2316 essent,
1650 2228 1714 2333 qui

304 2355 442 2433 vellent
463 2383 533 2459 pro
559 2355 658 2432 dicto
683 2354 817 2432 ordine
841 2352 1017 2432 fratribus
1037 2371 1076 2431 et
1094 2354 1175 2433 aliis
1195 2355 1392 2432 evocandis
1411 2354 1555 2460 aliquid
1575 2355 1714 2441 dicere,

303 2487 391 2592 quia
409 2485 525 2591 parati
546 2502 652 2563 erant
672 2513 736 2562 eos
755 2483 887 2561 audire
906 2500 946 2560 et
963 2482 1084 2560 facere
1107 2483 1328 2595 quodesset
1349 2482 1577 2572 faciendum,
1599 2485 1717 2558 conti-

304 2630 514 2692 nuaverunt
533 2629 571 2689 ct
588 2622 881 2718 prorogaverunt
905 2612 1019 2686 istum
1042 2611 1249 2684 terminum
1272 2608 1322 2682 ad
1345 2609 1386 2684 id
1409 2610 1458 2684 ad
1475 2609 1581 2714 quod
1602 2638 1717 2717 supra

305 2746 508 2850 assignatus
526 2741 647 2832 fuerat
671 2767 790 2846 usque
818 2738 866 2812 ad
889 2736 996 2843 'diem
1020 2736 1195 2813 Mercurii
1214 2736 1384 2841 proximo
1404 2737 1713 2845 subsequentem,

304 2875 396 2951 hora
420 2874 555 2978 prime,
578 2892 616 2952 et
637 2896 756 2978 usque
781 2867 829 2944 ad
853 2865 989 2942 dictam
1013 2861 1115 2940 diem
1143 2866 1337 2943 ethoram
1366 2868 1611 2947 decreverunt
1635 2900 1714 2950 esse

306 3006 591 3110 expectandum
613 3003 660 3080 de
681 2997 819 3106 quibus
838 2993 1029 3085 omnibus,
1050 3010 1119 3071 etc.
1141 3013 1329 3101 utsupra.

359 3266 448 3345 Post
466 3268 552 3354 hec,
574 3263 634 3340 dic
653 3257 829 3340 Mercurii
848 3259 1074 3365 supradicta,
1097 3286 1171 3367 que
1189 3258 1264 3337 fuit
1282 3277 1380 3340 xxv1⁸
1398 3264 1537 3340 mensis
1557 3266 1714 3340 Novem-

303 3395 397 3483 bris,
429 3393 658 3500 congregatis
685 3389 792 3468 dictis
820 3389 982 3469 dominis
1014 3393 1274 3470 commissoriis
1304 3394 1343 3469 in
1367 3422 1510 3471 camera
1536 3395 1713 3471 existente

302 3541 386 3628 post
414 3524 551 3598 dictam
578 3520 701 3596 aulam
729 3520 997 3633 episcopalem,
1027 3521 1100 3599 fuit
1126 3551 1195 3628 per
1223 3523 1455 3630 supradictos
1481 3524 1714 3628 prepositum

303 3652 553 3728 Pictavensem
578 3667 616 3725 et
633 3652 841 3727 Johannem
866 3650 912 3728 de
931 3652 1099 3729 Jamvilla
1124 3653 1309 3731 adductus
1333 3655 1381 3730 ad
1403 3652 1632 3757 presenciam
1651 3681 1715 3729 eo-

239 3879 246 3896 ·
302 3780 479 3857 rumdem
508 3779 748 3857 dominorum
777 3783 1117 3860 commissariorum
1146 3781 1260 3860 frater
1284 3782 1442 3860 Jacobus
1471 3781 1517 3857 de
1550 3783 1712 3888 Molayo‚

302 3909 476 4016 Magister
490 3911 610 4018 major
622 3910 779 4017 predicti
800 3909 942 3994 ordinis
956 3911 1269 4015 Tempfariorum.
1286 3911 1377 4006 Qui,
1395 3929 1439 3988 ut
1459 3913 1714 4019 supradictum

304 4040 417 4116 estin
436 4068 629 4146 processu,
651 4040 747 4118 lecto
772 4039 844 4118 sibi
868 4039 1055 4118 citacionis
1080 4041 1202 4118 edicto
1221 4069 1290 4148 per
1310 4041 1452 4120 dictum
1471 4043 1715 4119 Parisiensem

303 4171 536 4276 episcopum,
558 4172 801 4278 responderat
819 4198 858 4249 sc
878 4170 973 4248 velle
991 4168 1118 4247 venire
1138 4172 1185 4249 ad
1204 4173 1434 4278 presenciam
1449 4170 1635 4246 dictorum
1656 4174 1718 4248 do

303 4301 494 4380 minorum
514 4303 864 4380 commissariorum.
881 4301 1095 4407 Requisitus
1109 4328 1177 4406 per
1192 4300 1345 4378 eosdem
1361 4297 1533 4376 dominos
1549 4302 1718 4378 commis

303 4434 418 4513 sorios
437 4434 467 4511 si
486 4434 635 4512 volebat
654 4432 827 4509 ordinem
848 4429 1048 4508 defendere
1068 4429 1322 4536 supradictum
1340 4428 1400 4505 vel
1418 4456 1487 4534 pro
1508 4455 1553 4505 eo
1573 4430 1717 4538 aliquid

304 4564 444 4648 dicero,
461 4563 655 4669 respondit
667 4561 772 4669 quod
786 4561 881 4639 ordo
897 4577 975 4636 erat
986 4588 1055 4667 per
1069 4561 1198 4638 sedem
1218 4557 1456 4664 apostolicam
1475 4561 1716 4637 confirmatus

305 4705 343 4766 et
361 4689 636 4798 previlegium,
659 4704 697 4766 et
719 4692 825 4796 quod
845 4689 951 4768 valde
976 4691 1115 4769 mirum
1138 4689 1335 4769 videbatur
1359 4690 1484 4769 eidem
1509 4692 1541 4768 si
1562 4690 1716 4769 ecclesia

306 4819 469 4898 Romana
493 4820 617 4899 subito
642 4819 789 4898 volebat
810 4823 1012 4928 procedere
1042 4823 1090 4900 ad
1119 4822 1393 4902 destrusionem
1419 4823 1561 4902 ordinis
1587 4849 1715 4928 supra-
