4080 6052
485 551 681 643 procus
705 571 802 643 nus
827 552 1129 646 renarrans
1442 577 1513 652 ror

102 711 167 789 sed
198 711 278 817 ipse
299 709 404 787 testis
423 726 462 786 et
482 708 545 787 alii
569 708 821 818 intelligentes
845 710 918 789 hoc
941 741 1019 791 non
1044 712 1257 792 credebant.
1283 715 1373 790 Fuit
1390 736 1515 796 autem
1633 820 1639 829 .

100 843 241 919 dictum
261 840 387 918 eidern
406 842 509 934 testi,
531 871 551 943 a
572 842 671 920 dicto
690 842 802 920 fratre
826 841 979 922 Gulteno
1004 846 1054 924 de
1072 845 1176 933 Este,
1198 861 1241 920 ut
1259 843 1330 920 sibi
1349 845 1514 939 videtur,

97 971 201 1078 quod
209 972 259 1050 de
279 971 456 1079 predictis
473 973 634 1078 peccatis
646 972 809 1080 publicis
822 989 861 1049 et
871 974 1028 1052 notoriis
1046 1003 1123 1053 non
1144 974 1307 1051 debebat
1326 975 1516 1055 absolvere

97 1100 247 1194 fratres,
269 1103 357 1208 quia
373 1103 425 1179 sic
438 1103 622 1180 evitabant
639 1133 755 1209 penas
768 1120 921 1183 statutas
935 1105 975 1180 in
990 1107 1135 1183 ordine.
1149 1105 1329 1183 Jurabant
1340 1108 1517 1186 ordinem

96 1261 166 1339 pro
186 1233 334 1310 meliori
351 1232 413 1309 vel
432 1232 552 1340 pejori
569 1262 647 1311 non
673 1235 880 1324 dimittere;
902 1237 1026 1312 statim
1045 1265 1115 1342 pro
1134 1235 1310 1342 professis
1327 1237 1517 1315 habeban-

97 1382 170 1440 tur.
193 1363 433 1444 Clandestine
452 1365 746 1470 recipiebantur,
770 1365 885 1442 nullis
907 1368 1146 1472 presentibus
1165 1367 1235 1443 nisi
1261 1366 1437 1446 fratribus
1457 1399 1518 1447 or·
1592 1349 1594 1352 Ι

98 1496 212 1584 dinis3
232 1495 399 1573 cordulis
412 1496 451 1570 in
470 1495 620 1602 signum
637 1496 848 1602 penitencie
863 1497 1111 1604 cingebantur
1123 1524 1234 1601 supra
1252 1498 1418 1576 camisias
1430 1530 1517 1579 curn

96 1624 235 1731 quibus
247 1624 439 1732 jacebant,
453 1623 631 1732 jurabant
647 1652 725 1702 non
740 1625 906 1702 revelare
926 1643 1068 1703 secreta
1087 1626 1340 1733 capitulorum
1362 1649 1400 1706 et
1422 1631 1518 1708 ordi·

95 1757 171 1844 nis,
193 1773 232 1832 et
246 1756 279 1833 si
298 1755 535 1845 revelassent,
555 1755 717 1833 firissent
733 1757 1000 1864 condempnati
1014 1758 1063 1832 ad
1080 1767 1216 1863 panem
1242 1775 1280 1834 et
1305 1787 1438 1864 aquam
1458 1761 1518 1836 ali—

96 1915 173 1993 quo
196 1905 382 1993 tempore,
410 1904 448 1964 et
472 1888 501 1964 si
523 1887 734 1964 noluissent
751 1884 871 1962 lacere
895 1887 993 1963 dicta
1018 1886 1146 1965 illicita
1171 1888 1211 1964 in
1234 1890 1517 1994 rccepcionibus

97 2041 248 2106 eorum,
262 2016 380 2095 nescit
392 2015 497 2122 quod
513 2013 646 2092 luisset
663 2014 802 2092 sactum
814 2016 861 2093 de
882 2017 946 2094 eis.
967 2018 1050 2095 Non
1067 2017 1311 2095 inhibebatur
1322 2020 1426 2125 quod
1437 2049 1516 2097 non

96 2146 377 2234 confiterentur,
398 2147 469 2223 nisi
486 2145 741 2224 sacerdotibus
756 2145 915 2235 ordinis3
928 2147 1160 2255 negligentes
1171 2148 1327 2225 fuerunt
1338 2150 1427 2256 quia
1439 2178 1515 2227 non

97 2292 337 2352 correxerunt
356 2303 501 2353 errores
521 2304 590 2353 nec
609 2277 930 2354 denunciaverunt
948 2277 1123 2354 Ecelesie.
1149 2278 1365 2356 Elemosine
1390 2299 1427 2356 et
1447 2282 1517 2358 ho-

96 2406 275 2512 spitalitas
288 2405 386 2484 bene
408 2405 648 2483 servabantur
661 2407 700 2483 in
724 2406 874 2495 ordine;
890 2405 1064 2510 capitulia
1084 2406 1131 2482 de
1146 2406 1209 2482 die
1228 2407 1339 2495 clam,
1361 2407 1517 2488 exclusis

96 2535 342 2623 secularibus,
370 2536 615 2628 tenebantur3
646 2554 831 2614 servatum
855 2534 989 2612 fuisset
1011 2535 1050 2611 in
1075 2536 1207 2613 ordine
1232 2537 1336 2642 quod
1361 2564 1518 2645 magnus

95 2669 269 2776 Magister
287 2696 374 2744 oum
390 2685 575 2745 conventu
593 2669 792 2746 statuisset.
815 2666 1077 2772 Creditquud,
1090 2663 1204 2772 longo
1223 2682 1395 2772 tempore
1415 2687 1517 2747 ante·

78 2825 207 2904 squam
232 2800 311 2905 ipse
336 2800 508 2877 intrasset
532 2799 721 2891 ordinem,
745 2814 870 2876 essent
894 2825 1041 2874 errores
1060 2826 1130 2902 per
1152 2827 1240 2876 eum
1259 2799 1456 2877 confessati
1477 2801 1516 2876 in

73 2912 74 2915 Ἴ
95 2929 247 3019 ordine3
267 2930 421 3037 grandia
439 2929 610 3006 seandala
627 2947 718 3007 sunt
736 2945 862 3006 exorta
882 2931 1011 3004 contra
1025 2927 1200 3004 ordinem
1222 2946 1376 3034 propter
1397 2930 1516 3007 dictos

95 3085 257 3147 errores,
277 3077 316 3136 et
335 3060 454 3136 credit
470 3059 575 3166 quod
595 3049 740 3137 errores
763 3058 958 3136 conlassati
982 3087 1053 3164 per
1072 3086 1162 3135 eum
1186 3075 1309 3136 essent
1330 3059 1515 3138 manifesti

95 3188 271 3267 frutribus
282 3189 443 3280 ordinis,
465 3207 502 3266 et
519 3191 626 3296 quod
646 3191 683 3266 in
701 3188 942 3296 paucioribus
955 3188 1240 3293 rccepcionibus
1256 3216 1370 3295 quarn
1383 3190 1421 3265 in
1435 3191 1517 3296 plu·

94 3319 199 3396 ribus
223 3331 457 3398 servarentur
476 3318 607 3397 illicita
627 3319 831 3398 confessata
854 3347 922 3426 per
943 3347 1045 3396 eum.
1070 3318 1223 3396 Audivit
1242 3319 1315 3395 dici
1336 3346 1514 3424 maguum

92 3451 312 3557 Magistrum
332 3467 371 3528 et
392 3449 483 3527 alios
510 3451 560 3527 de
584 3450 719 3529 ordine
744 3450 894 3558 aliquos
923 3476 1086 3539 errores,
1107 3448 1227 3525 nescit
1250 3474 1364 3553 quos,
1387 3466 1514 3527 contra

93 3581 265 3657 ordinem
285 3578 397 3659 luisse
426 3581 628 3659 confessos.
654 3582 766 3667 ltem,
790 3580 883 3657 dirit
901 3579 1007 3685 quod
1031 3578 1079 3654 de
1099 3577 1279 3682 predictis
1303 3576 1513 3667 erroribus,

92 3710 140 3785 de
155 3710 295 3815 quibus
311 3739 422 3815 supra
437 3711 628 3818 deposuit,
645 3710 719 3788 luit
730 3709 921 3787 confessus
941 3706 1036 3783 infra
1055 3724 1138 3784 octo
1153 3708 1234 3785 dies
1253 3735 1274 3782 a
1294 3709 1512 3813 recepciune

92 3865 175 3925 sua,
197 3855 240 3914 ut
257 3839 291 3914 ei
310 3839 471 3926 videtur,
492 3839 597 3916 fratri
616 3838 898 3926 menotense,
919 3836 1113 3944 quondam
1133 3836 1180 3912 de
1200 3837 1333 3913 ordine
1353 3836 1513 3914 fratrmn

25 4050 31 4058 ,
92 3968 283 4046 Minorum
314 3987 520 4048 conventus
548 3968 827 4061 burbunensis,
857 3969 897 4045 in
928 3967 1081 4045 eoelesia
1121 3967 1169 4044 de
1198 3967 1416 4059 Somorens,
1444 3971 1513 4074 qui

92 4098 249 4176 absolvit
273 4126 382 4191 eum,
411 4101 586 4207 imposita
611 4098 818 4206 penitencia
849 4098 953 4206 quod
979 4096 1148 4203 quinque
1175 4094 1314 4172 diebus
1342 4096 1513 4175 sabatius

86 4230 276 4335 jejunaret
303 4231 343 4306 in
370 4257 466 4337 pane
495 4247 535 4307 et
562 4257 669 4337 aqua.
697 4230 830 4305 Postea
859 4226 933 4304 luit
962 4225 1152 4304 confessus
1177 4225 1252 4302 hoc
1277 4224 1380 4301 idem
1408 4225 1510 4304 lintri

90 4358 297 4438 Guillelmo
322 4361 369 4438 de
393 4361 597 4468 Malegard,
622 4359 818 4468 quondam
838 4357 985 4436 ordinis
1004 4356 1164 4434 fratrum
1188 4354 1399 4448 Minorum,
1422 4385 1513 4435 con-

90 4490 272 4567 ventualis
289 4491 510 4583 Meldensis,
535 4492 574 4567 in
595 4489 734 4597 capella
758 4490 897 4567 domus
920 4487 1070 4595 Templi
1091 4487 1142 4564 de
1166 4485 1379 4592 Lutigniaco
1407 4487 1509 4579 Sicu,

89 4620 153 4726 qui
176 4619 347 4697 similiter
362 4621 519 4699 absolvit
538 4649 643 4710 eum,
659 4621 835 4727 impositu
848 4619 1058 4726 penitencia
1070 4615 1175 4725 quod
1185 4616 1376 4724 jejunaret
1389 4618 1511 4700 tribus

91 4751 226 4830 diebus
249 4752 405 4832 Veneris
430 4756 469 4831 in
488 4781 584 4862 pane
605 4768 643 4831 et
661 4781 774 4860 squa;
793 4751 1038 4860 postmodum
1057 4747 1131 4826 fuit
1149 4745 1339 4824 coufessus
1358 4747 1406 4825 de
1426 4777 1512 4856 pre-
1546 4729 1549 4733 .

91 4880 199 4960 dictis
220 4883 375 4962 domino
391 4883 455 4978 G.,
475 4885 667 4993 quondam
683 4885 859 4992 episcopo
879 4879 1137 4971 ambianensi,
1159 4893 1246 4956 unte
1272 4905 1406 4959 eorum
1426 4910 1511 4988 cap-

1334 5023 1384 5098 59.
