4080 6052
333 523 428 600 aso.
717 500 910 595 procus
936 518 1031 591 nus
1056 517 1360 591 usurarius.

330 665 537 742 leccionem
549 663 748 770 specialem
766 692 882 770 quam
901 659 1065 747 habebat
1080 658 1129 737 ad
1148 687 1248 737 eum.
1268 655 1484 764 Requiaitus
1500 684 1623 763 quare
1636 658 1677 735 iu
1696 688 1753 738 re·

331 795 506 901 ocpcione
526 793 687 872 aliorum
709 810 927 903 preceperat
949 791 1047 869 dicta
1065 789 1195 868 illicita
1219 789 1318 880 fieri,
1344 786 1544 894 respoudit
1558 788 1668 897 quod
1682 819 1752 899 pro

331 954 376 1003 eo
397 927 485 1032 quia
505 926 625 1003 dictus
643 926 758 1004 frater
771 925 959 1003 Robertus
971 939 1188 1030 preceperat
1196 922 1230 998 ei
1245 919 1353 1027 quod
1362 918 1577 997 semotum
1588 920 1746 1001 modum

331 1055 503 1133 debitum
520 1056 664 1134 ordinis
682 1058 865 1163 reciperet
888 1082 965 1133 eos
986 1053 1201 1160 Requisitus
1221 1051 1252 1130 si
1274 1050 1407 1128 luisset
1425 1048 1584 1156 punitus
1599 1078 1664 1156 per
1679 1080 1746 1130 su·

329 1187 497 1291 perieres
514 1214 618 1280 suos,
641 1188 671 1264 si
691 1188 884 1265 scivissent
900 1183 1007 1292 quod
1021 1183 1217 1291 predictus
1232 1180 1393 1261 Michael
1409 1208 1489 1258 nou
1508 1178 1658 1259 lecisset
1668 1211 1746 1289 pre

330 1316 429 1394 dicta
447 1317 591 1409 illicita,
610 1318 804 1424 respondit
820 1345 859 1396 se
879 1316 1036 1393 credere·
1057 1314 1162 1422 quod
1180 1341 1274 1402 non,
1295 1313 1386 1420 quia
1404 1311 1532 1389 dictus
1548 1310 1664 1389 frater
1676 1315 1750 1392 Ro-

328 1447 474 1536 bertus,
496 1447 584 1554 quia
604 1465 683 1524 erat
695 1448 869 1554 superior
879 1474 988 1534 suns,
1006 1461 1086 1523 erat
1103 1426 1289 1551 presbiter
1305 1458 1614 1548 etsupportasset
1626 1442 1749 1549 ipsum

329 1594 464 1654 testem
484 1577 523 1652 in
543 1577 616 1655 hoc
629 1579 734 1685 quod
751 1605 829 1655 non
848 1591 1129 1683 supportassent
1138 1573 1476 1680 laici-Requisitus
1492 1571 1603 1678 quod
1616 1572 1749 1653 intelli·

327 1707 439 1812 gebat
451 1736 520 1813 per
537 1708 680 1813 dictum
696 1710 854 1785 modum
872 1705 1061 1797 debitum,
1082 1705 1278 1812 respondit
1295 1703 1399 1810 quod
1416 1703 1559 1782 fierent
1575 1702 1636 1781 illa
1646 1703 1744 1783 licita

328 1854 366 1914 et
385 1838 513 1914 illicita
531 1814 608 1945 qire
627 1836 778 1915 fuerant
799 1836 894 1914 lacta
911 1838 952 1913 in
971 1835 1192 1943 recepcione
1213 1836 1334 1942 ipsius
1343 1835 1461 1911 testis.
1482 1834 1694 1941 Requisitus
1710 1836 1741 1912 si

327 1969 469 2046 viderat
486 1971 632 2075 aliquos
655 1968 749 2045 alios
768 1968 884 2074 recipi
910 1969 951 2043 in
975 1967 1075 2043 dicto
1096 1967 1248 2054 ordine,
1268 1964 1466 2072 reqrondit
1481 1964 1595 2071 quod
1609 1966 1662 2043 sic
1678 1964 1745 2045 ln·

327 2117 424 2174 trem
444 2099 660 2189 Albertum,
682 2096 875 2205 quondam
891 2112 1060 2173 curatum
1091 2097 1139 2173 de
1160 2096 1363 2189 Somerens
1385 2094 1653 2175 Ambiauensis
1669 2092 1745 2175 dio·

328 2228 436 2315 cesis,
456 2245 544 2305 sunt
561 2226 638 2304 lere
658 2255 704 2305 rr
724 2229 830 2319 anni,
850 2252 919 2334 per
936 2226 1080 2303 dictum
1099 2224 1252 2303 fratrem
1271 2225 1480 2304 liebertum
1504 2226 1556 2303 de
1573 2226 1742 2320 Belvaoo,

328 2359 366 2433 in
378 2358 519 2464 capella
530 2358 665 2435 domus
678 2357 829 2464 Templi
844 2358 892 2435 de
906 2357 1075 2448 belvaco,
1089 2357 1317 2434 antehoram
1328 2355 1496 2463 prandii,
1509 2357 1744 2463 presentibus

326 2487 503 2565 fratribus
530 2487 731 2599 Radulplro
753 2487 804 2564 de
827 2489 970 2595 Sernoy
998 2486 1182 2565 serviente
1212 2486 1423 2592 quondam,
1449 2502 1489 2565 et
1518 2488 1743 2595 quibusdam

269 2594 279 2609 ³
326 2619 424 2709 aliis,
446 2619 492 2696 de
513 2619 653 2726 quibus
674 2644 753 2696 non
779 2616 926 2706 recolis,
951 2618 993 2694 in
1016 2617 1125 2725 cujus
1147 2618 1367 2723 receptione
1389 2617 1508 2696 nichil
1530 2617 1742 2699 frutectum

325 2750 497 2826 illicitum
522 2750 585 2826 illa
608 2751 690 2839 die,
719 2767 756 2826 et
782 2746 1050 2826 festinaverunt
1071 2748 1255 2835 multum,
1284 2748 1374 2855 quia
1395 2748 1522 2827 dietim
1543 2749 1654 2828 frater
1675 2749 1739 2827 :ll-

325 2855 455 2957 bertus
469 2898 548 2958 erat
563 2898 654 2958 tunc
674 2879 866 2970 infirmus,
887 2880 956 2957 se'd
968 2879 1087 2957 nescit
1104 2879 1135 2956 si
1151 2879 1190 2954 in
1208 2878 1459 2986 sequentibus
1470 2880 1602 2959 diebtsr
1615 2906 1738 2988 prece

324 3027 461 3115 peruut
476 3011 510 3086 ei
529 3011 673 3118 aliquid
689 3011 875 3089 illicitum.
893 3011 1452 3128 Pluriumrecepciouibusnon
1471 3011 1600 3090 recolit
1616 3040 1656 3090 se
1674 3012 1738 3090 ad·

327 3136 456 3225 fuisse,
482 3166 550 3214 nec
575 3141 644 3217 scit
663 3141 734 3216 alia
754 3141 800 3217 de
821 3142 1005 3219 contentis
1024 3140 1064 3218 in
1084 3141 1192 3219 dietis
1211 3169 1277 3220 aru
1293 3142 1476 3235 articulis,
1495 3143 1571 3220 boc
1590 3160 1738 3250 excepto

324 3269 429 3373 quod
447 3271 487 3344 in
503 3271 563 3347 die
577 3272 734 3349 Veneris
759 3273 882 3348 sancta
902 3272 1034 3350 devote
1057 3290 1095 3349 et
1118 3290 1333 3350 reverenter
1357 3272 1561 3351 adorabant
1577 3293 1736 3353 crucem.

379 3400 488 3490 Item,
509 3401 555 3477 de
577 3402 761 3479 contentis
780 3403 819 3477 in
839 3428 916 3478 suu
941 3418 979 3478 et
1002 3402 1181 3480 omnibus
1203 3404 1446 3510 sequentibus
1473 3406 1668 3508 respondit
1694 3434 1734 3482 se

323 3530 439 3606 nichil
476 3533 568 3608 scire
601 3532 803 3637 ultraque
832 3560 943 3638 supra
976 3533 1209 3639 deposuerit,
1239 3510 1314 3612 lroc
1344 3550 1487 3638 excepto
1517 3534 1621 3638 quod
1650 3535 1731 3641 ipsc

320 3658 417 3736 bene
438 3662 614 3739 credebat
628 3662 865 3739 sacramentis
886 3661 1156 3756 ecclesiasticis,
1180 3682 1217 3741 et
1231 3665 1442 3744 celebrabat
1459 3680 1496 3741 et
1511 3663 1733 3742 conficiebat

321 3792 530 3867 secundum
546 3792 705 3868 formam
723 3792 902 3881 Ecclesie,
919 3811 957 3869 et
976 3794 1096 3870 credit
1113 3796 1218 3900 quod
1234 3794 1365 3873 fratres
1384 3795 1526 3874 ordinis
1544 3795 1644 3872 bene
1664 3825 1736 3873 cre

321 3921 454 3996 derent
477 3938 514 3998 et
539 3922 643 4029 quod
667 3922 878 3999 sacerdotes
905 3922 1032 4001 debite
1056 3926 1304 4016 celebrarent,
1335 3955 1404 4003 nec
1428 3926 1497 4004 scit
1519 3926 1626 4033 quod
1654 3926 1732 4003 laici

319 4079 451 4127 eorum
465 4071 617 4157 possent
635 4054 826 4131 absolvere
847 4056 1052 4160 apeccatis,
1073 4055 1140 4132 sed
1159 4058 1311 4162 quando
1327 4056 1629 4134 terminabantur
1640 4058 1731 4164 capi-

319 4181 411 4256 tolia
432 4211 580 4270 eorum,
603 4182 717 4262 laicus
737 4186 803 4291 qui
825 4186 978 4262 tenebat
998 4186 1204 4292 capitulum
1225 4187 1395 4264 dicebat:
1415 4188 1472 4264 De
1489 4188 1659 4293 hiisque
1676 4187 1730 4263 ob

319 4311 469 4388 misistis
491 4314 614 4390 dicere
636 4331 789 4421 propter
808 4315 1069 4392 verecondiam
1094 4318 1230 4407 carnis,
1248 4317 1305 4394 vel
1325 4345 1441 4423 penas
1467 4317 1629 4409 ordinis,
1650 4316 1730 4393 laci·

317 4468 401 4518 mus
423 4443 528 4522 vobis
556 4475 637 4521 eam
663 4445 939 4554 indulgenciam
959 4476 1072 4554 quam
1096 4450 1300 4554 possimus,
1318 4465 1355 4526 et
1376 4448 1481 4525 Deus
1502 4447 1613 4524 saciat
1632 4448 1727 4527 vobis

317 4586 353 4644 et
378 4572 487 4650 nobis
512 4576 614 4652 illam
646 4578 922 4685 indulgenciam
949 4608 1063 4685 quam
1090 4578 1177 4656 lecit
1203 4579 1434 4687 Magdalene.
1457 4579 1677 4685 Requisitus
1701 4578 1724 4653 si

315 4700 432 4776 credit
452 4705 555 4807 quod
575 4705 704 4785 fratres
721 4710 862 4787 ordinis
880 4710 1075 4787 crederent
1095 4740 1139 4787 ex
1156 4712 1228 4789 hoc
1248 4740 1326 4788 esse
1350 4691 1514 4787 absoluti
1534 4739 1558 4786 a
1576 4710 1724 4817 peccatis

315 4856 465 4920 eorum,
483 4838 677 4939 respondit
693 4841 797 4945 quod
817 4841 912 4919 sorte
928 4842 1043 4949 aliqui
1062 4843 1275 4950 ignorantes
1292 4858 1330 4918 et
1352 4842 1482 4947 ydiote
1501 4842 1720 4926 credebant,
