4080 6052
531 525 725 620 rrrocns
751 544 845 618 nus
871 545 1172 621 rnurrruns.
1520 563 1559 631 11

147 693 247 770 timis
281 703 509 764 excusatum.
540 688 635 765 Item
669 687 718 764 ad
751 686 1030 765 ostendendum
1059 687 1165 795 quod
1199 687 1321 766 dictus
1355 697 1568 798 prepositus

144 820 330 965 Aquensis
344 818 393 896 sit
411 817 596 926 legittime
618 835 829 910 excusatus,
850 837 1101 925 preceperunt
1120 819 1210 896 dicti
1234 820 1377 897 domini
1396 828 1569 906 commis-

144 951 231 1030 sarii
254 949 369 1027 inseri
394 948 434 1024 in
455 949 620 1054 presenti
639 977 817 1055 processu
836 949 1041 1056 quamdam
1059 949 1223 1028 litteram
1241 953 1437 1029 reverendi
1456 958 1570 1060 patris

146 1080 290 1161 domini
305 1080 519 1184 Berengarii
533 1076 605 1158 Dei
619 1081 739 1186 gracia
754 1080 855 1156 tituli
875 1098 1089 1159 sanctorum
1103 1082 1213 1162 Nerei
1234 1099 1272 1159 et
1285 1081 1450 1163 Archilei
1468 1114 1571 1245 pres

144 1212 257 1290 biteri
283 1207 494 1299 cardinalis,
522 1210 629 1316 cujus
648 1226 758 1286 tenor
773 1210 858 1286 talis
882 1227 960 1286 est·

201 1338 526 1421 Venerabilibus
517 1368 555 1417 rn
590 1339 741 1417 Christo
770 1340 955 1445 patribus,
987 1338 1115 1417 amicis
1143 1342 1223 1418 suis
1256 1343 1469 1435 carissimis,
1496 1344 1569 1423 Dei

147 1471 269 1579 gracia
295 1469 458 1548 dominis
486 1468 528 1546 E.
554 1468 786 1548 Narbonensi
811 1467 1111 1575 archiepiscopo,
1136 1468 1182 1547 G.
1203 1471 1412 1577 Bajocensi‚
1434 1477 1477 1550 R.
1500 1478 1570 1552 Le-

146 1600 348 1680 moviccnsi
369 1618 408 1677 et
425 1599 472 1679 G.
493 1599 707 1678 Mimatensi
728 1600 927 1708 episcopis,
950 1628 993 1676 ac
1011 1599 1224 1678 honorabili
1243 1601 1324 1679 viro
1341 1604 1502 1680 lohanni
1522 1606 1570 1681 dc

146 1734 275 1813 Monte
307 1734 440 1810 Lauro·
461 1731 723 1824 archidiacono
747 1731 1019 1839 Magalonensi,
1040 1732 1298 1838 >Borangarius
1327 1734 1570 1812 miseracione

71 1859 73 1863 ¹
145 1862 271 1939 divina
284 1862 387 1938 tituli
398 1861 613 1941 sanctorum
627 1862 737 1940 Nerei
753 1880 792 1940 et
805 1861 971 1942 Archilei
986 1860 1173 1967 presbiter
1187 1863 1398 1952 cardinalis,
1414 1864 1572 1942 salutem

145 2011 185 2071 et
201 1993 462 2072 benivolencia
487 1994 658 2100 specialis
680 1994 867 2072 affectum.
885 1995 1044 2072 hitteras
1062 2011 1202 2071 vestras
1216 2012 1318 2102 grata
1335 2023 1451 2072 manu
1471 2018 1574 2073 rece-

148 2122 273 2226 pimus
291 2140 330 2200 et
349 2123 579 2230 inspeximus
598 2124 809 2232 diligenter,
828 2142 866 2203 et
884 2124 1026 2203 litteras
1045 2123 1201 2231 quidem
1218 2141 1374 2214 vestras,
1394 2152 1487 2231 quas
1505 2152 1574 2231 per

150 2280 218 2329 nos
236 2254 443 2358 presentari
463 2255 618 2333 domino
646 2273 776 2335 nostro
801 2285 951 2334 summo
971 2255 1144 2333 Pontifici
1166 2256 1365 2362 petivistis,
1394 2255 1428 2331 ei
1450 2255 1574 2331 adhuc

148 2397 305 2485 propter
325 2381 442 2483 ipsius
456 2381 698 2456 familiarium
716 2385 962 2486 negociorum
983 2385 1288 2489 occupacionem,
1305 2383 1451 2488 quibus
1470 2383 1572 2459 idem

148 2507 328 2587 dominus
355 2526 483 2585 noster
511 2527 714 2616 occupatus
746 2511 883 2599 extitit,
913 2527 1128 2615 presentare
1156 2511 1405 2616 nequivimus.
1432 2515 1574 2590 Verum
1665 2492 1667 2495 ¹

146 2659 276 2718 tamen
294 2639 389 2716 seire
416 2666 481 2716 vos
500 2639 677 2717 volumus
694 2641 801 2746 quod
821 2640 1066 2716 commissarii
1089 2640 1201 2716 vestri
1223 2641 1263 2715 in
1285 2641 1442 2747 negocio
1462 2642 1575 2720 Tem-

149 2770 371 2877 plariorum,
384 2783 388 2792 ’
395 2768 476 2874 jam
502 2795 553 2846 xu
582 2768 719 2845 diebus
747 2768 900 2873 elapsis,
931 2768 978 2844 de
1002 2771 1169 2844 Romana
1195 2769 1297 2846 curia
1321 2792 1573 2861 recesserunt,

149 2918 304 3005 excepto
318 2899 510 3004 preposito
524 2897 709 3003 Aquensi‚
725 2899 848 3004 quise
864 2924 934 3002 per
947 2925 1033 2974 suas
1052 2896 1209 2991 litteras,
1230 2925 1323 3004 quas
1343 2900 1480 2977 dellert
1496 2929 1576 2978 rna·

151 3029 265 3135 gistcr
284 3027 458 3106 Matheus
479 3028 683 3134 Caragolus
698 3026 844 3104 domini
861 3028 965 3132 Papa.
979 3028 1164 3118 notarius,
1183 3029 1381 3120 excusavit,
1402 3030 1453 3106 ita
1472 3031 1577 3138 quod

148 3159 291 3266 jamin
321 3158 423 3233 dicto
449 3158 607 3267 negocio
630 3158 835 3263 procedere
861 3158 1034 3264 poteritis
1061 3158 1180 3263 ipsius
1197 3159 1378 3264 prepositi
1404 3159 1576 3239 absencia

154 3316 230 3365 non
252 3285 434 3363 obstante.
462 3286 603 3363 Datum
622 3286 804 3365 Arinione
830 3288 892 3365 die
913 3315 949 3364 tu
968 3287 1070 3363 Julii.
1091 3287 1183 3365 Cras
1202 3288 1275 3365 erit
1293 3290 1574 3376 consistorium,

153 3436 191 3495 et
209 3415 510 3521 presentabimus
534 3414 676 3495 litteras
699 3435 838 3495 vestras
861 3417 1048 3522 predictas
1069 3417 1226 3495 domino
1250 3437 1391 3496 nostro.
1420 3420 1461 3496 Si
1490 3449 1577 3498 vero
1703 3485 1704 3489 ,

154 3545 299 3652 aliquid
317 3543 425 3621 aliud·
439 3544 547 3622 vobis
567 3544 747 3622 mandare
771 3545 953 3635 voluerit,
974 3574 1045 3624 nos
1063 3544 1170 3624 vobis
1195 3545 1492 3652 significabimus
1510 3578 1579 3655 per

155 3694 326 3756 nostrum
346 3660 529 3753 nuncium
549 3677 760 3782 specialem}

211 3809 306 3883 ltem
319 3806 452 3910 prefati
466 3806 611 3885 domini
627 3807 802 3890 Matheus
823 3806 923 3885 sedis
938 3807 1139 3914 apostolice
1157 3807 1326 3886 notarius
1340 3825 1379 3885 et
1391 3808 1579 3886 lohannes

157 3936 440 4013 archidiaconus
467 3938 729 4029 Tridentinus,
756 3938 897 4047 quibus
920 3938 1131 4017 antedictus
1154 3939 1368 4045 prepositus
1395 3937 1579 4042 Aquensis

156 4062 357 4141 videbatur
380 4065 626 4143 commississe
651 4068 692 4142 in
712 4069 823 4145 dictis
845 4069 923 4145 suis
948 4068 1083 4145 litteris
1100 4066 1199 4144 vices
1220 4094 1321 4152 suas,
1343 4065 1518 4142 dixerunt
1542 4083 1579 4143 et

157 4197 312 4272 suertmt
326 4192 520 4296 protestati
536 4221 704 4298 expresse
720 4214 757 4272 et
770 4212 1021 4300 preceperunt
1031 4195 1145 4270 inseri
1160 4193 1200 4268 in
1214 4195 1377 4298 presenti
1388 4224 1576 4302 processu,

159 4324 263 4432 quod
274 4351 350 4400 non
367 4320 600 4427 recipiebant
614 4323 918 4401 commissionem
933 4351 1000 4402 seu
1018 4322 1371 4429 subdelegacionem
1391 4325 1480 4404 dicti
1495 4355 1562 4432 pre

161 4454 272 4561 positi
287 4452 487 4560 Aquensis,
509 4481 579 4530 nec
592 4471 637 4531 ut
653 4455 734 4562 ejus
754 4454 998 4533 commissarii
1017 4454 1077 4533 rel
1098 4454 1148 4532 ab
1174 4482 1219 4532 eo
1239 4454 1473 4562 subdelegati
1494 4485 1582 4563 pro-

163 4586 296 4663 cedere
314 4584 572 4663 intendebant
586 4585 635 4663 Et
652 4585 786 4692 prelati
808 4587 925 4664 eciam
945 4587 1008 4665 alii
1028 4587 1174 4666 domini
1190 4585 1331 4694 college
1352 4615 1485 4665 eorum
1499 4587 1582 4666 fue-

109 4760 112 4766 ·
163 4734 252 4794 runt
269 4716 461 4824 protestati
480 4734 517 4794 et
532 4737 785 4826 preceperunt
800 4719 913 4797 inseri
932 4719 972 4796 in
989 4719 1153 4826 presenti
1170 4746 1365 4825 processu,
1384 4720 1490 4826 quod
1504 4749 1581 4798 non

166 4847 410 4927 intendebant
440 4849 607 4957 recipere
637 4851 757 4931 dictos
790 4850 987 4931 dominum
1016 4851 1213 4930 Matheum
1243 4850 1343 4931 sedis
1381 4851 1581 4958 apostolice
1659 4878 1662 4889 ·

1404 5009 1432 5048 2.
