4080 6052
647 630 661 641 -
697 573 894 666 rnocrs
920 592 1014 664 ors
1039 574 1338 665 murmure.
1651 598 1724 669 sos

311 733 513 839 quemdam
547 734 727 839 angulum
762 734 860 810 dicte
892 731 1034 836 capelle
1066 730 1269 835 obpcurum
1292 735 1395 840 juxta
1424 731 1564 822 fontes,
1599 737 1725 838 predi-

311 864 379 938 ctis
401 878 594 966 receptore
626 880 664 940 et
689 863 908 970 presbytero
927 863 1215 940 remanentibus
1235 889 1351 968 prope
1383 860 1498 939 altare
1525 860 1592 937 ubi
1621 865 1726 967 prins

273 1019 277 1023 ·
310 1009 435 1080 erent,
452 1009 495 1068 ut
520 1011 670 1069 exueret
685 1011 805 1070 vestes
824 991 1089 1081 sectrlares4⁷et
1108 992 1285 1069 indueret
1302 1008 1423 1068 vestes
1447 990 1659 1096 religionis,
1687 996 1728 1069 et‘

309 1150 396 1197 cum
415 1148 476 1196 eas
497 1121 694 1213 induisset,
720 1122 877 1228 predicti
890 1120 979 1198 'duo
999 1120 1131 1198 fratres
1151 1122 1325 1197 dixerunt
1345 1120 1378 1196 ei
1399 1121 1502 1225 quod
1525 1120 1726 1225 abnegaret

309 1250 516 1327 Dominum
538 1252 710 1341 Jbesum,
737 1252 917 1358 quiahoc
938 1264 1017 1327 erat
1039 1250 1089 1329 de
1112 1251 1261 1357 punctis
1287 1250 1449 1337 ordinis;
1473 1267 1510 1325 et
1534 1278 1619 1324 cum
1645 1251 1723 1354 ipse

307 1381 430 1471 testis,
453 1382 518 1485 qui
533 1398 623 1457 tunc
643 1399 721 1458 erat
735 1383 883 1459 circiter
896 1408 975 1460 xuu
990 1405 1176 1457 annorum
1186 1380 1490 1492 ,aliquantulum
1510 1381 1721 1471 restitisset,

309 1511 471 1587 finaliter
490 1512 684 1618 abnegavit
707 1513 916 1624 Dominum
932 1512 1088 1585 Jbesum
1110 1537 1175 1584 ore
1196 1537 1272 1584 non
1294 1512 1424 1597 corde,
1450 1526 1493 1585 ut
1515 1510 1618 1586 dixit.
1640 1512 1723 1587 Pos-

307 1656 366 1715 tea
389 1640 565 1716 dixerunt
590 1639 624 1715 el
646 1641 750 1746 quod
772 1658 926 1747 spueret
949 1655 1008 1715 ter
1035 1664 1147 1744 supra
1174 1657 1330 1728 terram,
1362 1658 1399 1716 et
1423 1640 1502 1744 ipse
1520 1641 1632 1744 spuit.
1656 1645 1724 1715 lle-

307 1768 467 1871 quisitus
491 1770 521 1843 si
543 1769 717 1845 dixerunt
737 1769 770 1844 ei
789 1768 893 1872 quod
909 1780 1062 1869 spueret
1078 1766 1117 1841 in
1134 1768 1352 1872 despectum
1371 1769 1504 1855 Jbesu,
1529 1769 1724 1872 respondit

307 1897 411 2002 qnod
431 1924 520 1973 non.
539 1897 754 2002 Requisitus
771 1897 801 1972 si
822 1897 889 1971 scit
909 1894 969 1973 vel
988 1895 1108 1972 credit
1120 1898 1223 2001 quod
1244 1897 1367 1975 dictus
1386 1914 1557 2002 receptor
1577 1897 1723 1974 sciverit

307 2025 365 2102 vel
380 2026 611 2102 mandaverit
626 2025 707 2100 lieri
727 2023 910 2129 predicta,
929 2025 1122 2130 respondit
1136 2054 1176 2101 se
1196 2026 1348 2102 credere
1371 2026 1475 2130 quod
1495 2027 1558 2101 sic.
1586 2028 1723 2130 Requi-

308 2155 399 2230 situs
420 2154 450 2229 si
482 2155 550 2230 scit
571 2154 630 2231 vel
659 2155 777 2230 credit
793 2154 902 2260 quod
930 2154 992 2230 alii
1012 2154 1143 2230 fratres
1165 2134 1308 2231 ordinis
1327 2156 1585 2259 reciperentur
1616 2183 1720 2231 com-

308 2284 474 2359 muniter
492 2285 531 2358 in
549 2300 630 2360 toto
649 2283 781 2360 ordine
802 2284 898 2360 sicut
913 2284 1091 2389 deposuit
1106 2312 1145 2360 se
1166 2285 1279 2361 fuisse
1295 2301 1488 2390 receptum
1501 2285 1720 2392 abnegando

309 2413 479 2504 Jbesum,
506 2415 700 2520 respondit
723 2442 762 2491 se
786 2415 938 2491 credere
958 2414 1063 2520 quod
1088 2415 1155 2503 sic,
1179 2432 1217 2490 et
1235 2415 1284 2490 ita
1310 2414 1470 2490 credidit
1488 2444 1532 2491 ex
1555 2443 1632 2518 quo
1650 2414 1721 2490 luit

308 2543 460 2620 indicto
477 2544 621 2620 ordine.

364 2675 473 2765 Item,
501 2673 593 2750 dixit
617 2674 724 2780 quod
752 2702 827 2750 non
855 2673 1033 2750 credebat
1061 2674 1143 2750 fieri
1174 2673 1511 2782 dogmatizaciones
1539 2702 1609 2749 nec
1634 2702 1722 2751 con-

307 2804 552 2895 culcaciones,
570 2832 638 2880 nec
653 2804 793 2881 audivit
814 2806 919 2910 quod
937 2805 1136 2881 adorarent
1152 2822 1292 2892 catum,
1308 2831 1378 2879 nec
1390 2804 1494 2908 quod
1510 2804 1721 2910 precipere-

306 2951 368 3010 tur
382 2935 637 3011 sacerdotibus
657 2961 790 3012 eorum
810 2936 916 3040 quod
942 2934 1187 3012 obmitterent
1204 2932 1316 3009 verba
1339 2934 1506 3021 canonis,
1528 2963 1598 3009 nec
1617 2936 1720 3038 quod

311 3092 444 3139 eorum
467 3064 548 3138 laici
568 3065 804 3141 absolverent
823 3066 880 3143 vel
899 3082 1052 3170 possent
1073 3064 1262 3141 absolvere
1288 3093 1307 3139 a
1332 3065 1507 3167 peccatis,
1531 3092 1601 3138 nec
1616 3065 1720 3168 quod

310 3193 444 3268 fierent
463 3193 534 3270 alia
553 3195 680 3271 oscula
700 3196 913 3285 inhonesta,
936 3224 1004 3271 nec
1031 3199 1136 3302 quod
1156 3210 1415 3299 perpetrarent
1441 3193 1581 3268 crimen
1609 3194 1720 3270 sodo-

308 3322 496 3410 miticum,
524 3350 594 3399 nec
608 3324 712 3429 quod
733 3324 924 3399 diceretur
941 3324 994 3400 eis
1013 3325 1116 3429 qnod
1136 3325 1207 3399 hoc
1227 3339 1325 3400 esset
1339 3321 1501 3406 licitum,
1525 3349 1593 3396 nec
1616 3324 1721 3425 qnod

306 3451 489 3528 haberent
512 3453 639 3559 ydola,
667 3480 737 3528 nec
762 3454 866 3557 quod
888 3451 1043 3530 cordule
1068 3453 1210 3559 quibus
1234 3450 1479 3558 cingebantur
1503 3449 1542 3523 in
1572 3450 1720 3555 signum

306 3582 480 3658 castitatis
508 3610 618 3689 supra
646 3584 813 3660 camisias
839 3613 925 3659 cum
956 3582 1097 3688 quibus
1116 3581 1305 3688 jacebant,
1328 3609 1403 3685 que
1427 3579 1583 3656 cordule
1605 3608 1648 3655 ex
1667 3580 1722 3654 in-

306 3694 509 3787 structione
533 3713 630 3788 beati
657 3712 836 3787 Bernardi
863 3711 1118 3815 portabantur,
1147 3727 1343 3814 tangerent
1363 3711 1480 3816 capite
1501 3708 1719 3816 ydolorum,

307 3866 376 3914 nec
394 3840 500 3944 quod
519 3840 753 3916 inhiberetur
776 3839 881 3945 quod
900 3866 977 3916 non
996 3841 1269 3917 confiterentur
1289 3840 1361 3915 nisi
1385 3838 1642 3916 sacerdotibus
1661 3867 1733 3915 or-·

307 3968 416 4044 dinis.
441 3970 551 4054 ltem,
578 3968 671 4045 dixit
689 3955 794 4075 quod
818 3970 896 4074 ipse
916 3970 1013 4047 bene
1036 3969 1213 4047 credebat
1235 3969 1493 4047 ecclesiasticis
1515 3997 1722 4046 sacramen·

306 4100 369 4188 tis,
395 4114 433 4173 et
455 4099 613 4175 existens
638 4098 677 4174 in
703 4100 837 4175 ordine
860 4099 980 4176 luerat
995 4102 1043 4176 ad
1055 4099 1310 4176 sacerdocium
1324 4116 1363 4175 et
1377 4098 1469 4175 alios
1488 4125 1609 4174 sacros
1622 4096 1723 4172 ordi-

307 4254 374 4305 nes
391 4245 602 4332 promotus,
628 4245 667 4304 et
689 4229 776 4306 ideo
797 4227 1045 4306 celebraverat
1063 4229 1275 4305 secundum
1296 4228 1457 4305 sormam
1476 4227 1659 4315 Ecclesie,
1682 4245 1723 4302 et

306 4354 425 4433 credit
438 4356 546 4464 quod
562 4359 626 4434 elii
643 4359 773 4436 fratres
791 4359 933 4436 ordinis
949 4358 1047 4435 bene
1061 4359 1273 4435 crederent.
1286 4359 1398 4449 Item,
1415 4358 1507 4435 dixit
1521 4357 1627 4461 quod
1642 4385 1719 4432 non

301 4485 479 4591 jurabant
497 4487 671 4564 ordinem
686 4515 763 4564 non
780 4489 896 4574 exire,
910 4489 980 4564 sed
990 4487 1119 4564 ¹statim
1137 4515 1207 4594 pro
1217 4486 1394 4592 professis
1414 4485 1667 4573 habebantun
1680 4502 1720 4561 et

307 4614 411 4717 quod
432 4615 660 4694 clandestine
679 4617 966 4722 recipiebantur,
989 4617 1103 4693 nullis
1122 4617 1361 4722 presentibus
1380 4615 1452 4693 nisi
1467 4614 1646 4693 [ratribus
1659 4643 1721 4692 or·-

307 4742 425 4830 dinis,
450 4773 493 4821 ex
508 4775 585 4853 quo
603 4747 721 4823 credit
736 4747 840 4853 quod
856 4765 952 4824 esset
967 4747 1129 4856 suspicio
1150 4763 1278 4823 contra
1297 4774 1377 4836 e0s3
1398 4765 1438 4825 et
1459 4747 1567 4852 quod
1584 4745 1636 4822 illi
1655 4747 1722 4850 qui

305 4871 515 4950 noluissent
531 4875 651 4953 lacere
670 4876 836 4981 predicta
849 4877 995 4968 illicita,
1015 4877 1073 4956 vel
1083 4878 1151 4985 qni
1166 4876 1283 4954 cavel
1295 4894 1437 4955 secreta
1450 4875 1717 4982 capituliorum

1568 5008 1617 5088 76.
