4148 6052
322 536 394 608 ero
706 505 903 598 esoces
929 524 1023 595 nus
1049 524 1347 597 reuertens.
1427 592 1431 601 .

196 660 200 667 ¹
321 672 527 752 videndum
551 669 581 745 si
607 666 753 772 aliquos
770 681 893 741 essent
911 664 951 739 in
969 679 1104 739 eventu
1126 662 1193 769 qui
1214 680 1368 769 possent
1385 662 1516 743 audire
1535 665 1595 742 vel
1612 666 1742 745 videre

323 833 387 882 eos
412 801 565 910 quando
586 795 765 874 tenebant
794 794 894 871 dicta
917 791 1078 899 capitula
1101 793 1160 870 vel
1183 792 1366 871 faciebant
1386 795 1630 903 receptiones
1656 826 1741 903 pre

324 938 455 1025 dictas,
475 960 545 1007 nec
561 928 655 1005 vidit
671 926 775 1033 quod
793 924 961 1031 predicta
981 923 1116 1001 lierent
1135 924 1182 1001 de
1202 941 1331 1011 nocte,
1350 925 1421 1002 nisi
1440 943 1600 1031 urgente
1619 926 1742 1034 aliqua

323 1078 552 1141 necessitate.
1290 1132 1296 1143 .

379 1198 489 1280 Item,
503 1187 707 1295 requisitus
719 1188 833 1292 super
846 1156 1010 1273 dtu-cn,
1021 1185 1267 1290 respondi-tce
1280 1212 1357 1263 non
1369 1186 1538 1276 credere,
1554 1216 1624 1263 nec
1635 1187 1740 1271 scire.

324 1354 391 1401 nec
413 1321 613 1408 audivisse,
631 1345 702 1395 nec
720 1315 855 1393 vidisse
875 1330 1050 1391 contenta
1068 1314 1108 1389 in
1124 1314 1217 1420 ipsis
1236 1315 1400 1393 articulis
1417 1343 1497 1392 csse
1516 1342 1614 1391 vera.

380 1455 493 1540 ltem,
513 1447 718 1554 requisitus
736 1473 851 1551 super
867 1470 938 1522 exn
959 1461 997 1520 et
1014 1470 1078 1521 x111
1098 1443 1278 1535 articulis,
1299 1445 1492 1550 respondit
1510 1472 1643 1521 verum
1665 1473 1742 1523 esse

272 1631 275 1637 -
325 1584 430 1690 quod
448 1597 551 1663 totus
568 1576 662 1654 ordo
671 1565 881 1652 'tenebatur
898 1600 1041 1651 servare
1062 1572 1159 1651 illud
1173 1574 1279 1680 quod
1292 1569 1450 1680 magnus
1466 1574 1643 1681 Magister
1657 1598 1742 1651 cum

327 1728 511 1817 conventu
540 1705 752 1796 ordinabat,
775 1705 902 1814 ethoc
922 1704 1014 1781 dixit
1035 1731 1074 1781 se
1094 1704 1204 1814 scire,
1223 1704 1315 1810 quia
1334 1705 1427 1782 vidit
1454 1704 1501 1781 de
1525 1704 1684 1813 hocagi
1707 1724 1745 1782 et

326 1842 471 1919 tractari
491 1839 590 1917 ultra
603 1831 722 1935 mare,
741 1836 893 1942 quando
912 1851 991 1911 erat
1008 1832 1074 1945 ibi.
1687 1838 1691 1844 '

382 1973 493 2056 Item,
521 1961 724 2075 requisitus
760 1962 881 2080 super
905 1988 1062 2043 cmv-vn
1089 1962 1270 2052 articulis,
1299 1963 1493 2069 respondit
1521 1992 1562 2040 se
1600 1965 1743 2041 nescire

327 2099 480 2207 quando
501 2097 589 2172 dicti
610 2123 754 2172 errores
777 2094 1014 2199 inceperunt3
1034 2092 1155 2170 credit
1170 2110 1298 2169 tamen
1316 2093 1422 2199 quod
1440 2093 1555 2201 longo
1569 2084 1743 2199 ‘tempore

305 2244 307 2249 “
329 2228 558 2325 duraverunt
584 2252 729 2303 errores
759 2222 952 2302 confessati
982 2251 1066 2329 per.
1082 2251 1186 2313 eum,
1215 2222 1333 2300 nescit
1360 2239 1485 2313 tamen
1516 2223 1682 2329 qualiter
1709 2244 1743 2301 et

328 2384 444 2463 quare
464 2354 618 2433 fuerunt
636 2353 856 2441 introducti,
874 2382 944 2429 nec
962 2380 984 2459 a
1001 2352 1166 2460 quibus,
1186 2352 1233 2429 de
1255 2351 1487 2458 negligencia
1504 2354 1743 2430 correctionis

330 2514 481 2577 eorum,
502 2486 594 2563 dixit
610 2502 654 2562 ut
670 2512 792 2589 supra.
918 2556 923 2565 ,
1242 2568 1245 2573 ,
1282 2570 1285 2575 ,

385 2619 494 2705 ltem,
512 2614 715 2721 requisitus
729 2639 842 2718 super
861 2626 985 2703 cxvnr'
1004 2609 1177 2699 articulo,
1199 2613 1394 2719 respondit
1415 2612 1521 2717 quod
1538 2614 1651 2691 multi
1671 2616 1745 2691 exi-

329 2765 458 2824 verant
476 2741 619 2822 dictuni
639 2722 829 2828 ordinem,
850 2739 917 2818 sed
940 2740 1058 2816 nescit
1075 2739 1215 2846 quibus
1235 2742 1430 2825 excausis.
1465 2752 1471 2762 ’

387 2877 497 2963 ltem,
515 2871 717 2979 requisitus
733 2896 848 2974 super
867 2882 964 2945 cx1x⁰
981 2868 1157 2956 articulo,
1177 2866 1372 2977 respondit
1383 2900 1423 2949 se
1443 2856 1594 2973 credere
1614 2902 1746 2951 verum

332 3029 411 3079 esse
431 3000 537 3106 quod
556 2999 709 3104 grandia
728 2996 898 3075 s'candala
917 2997 1006 3090 sint,
1025 3015 1177 3104 propter
1195 3000 1391 3104 premissa,
1413 3016 1550 3087 exorta,
1570 2988 1674 3077 utin
1694 3003 1748 3078 di-

333 3148 391 3207 eto
412 3130 568 3207 articulo
588 3110 811 3206 continetur.
853 3218 859 3228 ἢ

388 3260 499 3347 ltem,
516 3287 629 3364 super
640 3285 775 3347 cxx-111,
790 3258 985 3363 respondit
996 3286 1036 3336 se
1052 3241 1325 3367 credere'quod
1342 3261 1389 3338 de
1403 3261 1563 3366 hiisque
1575 3288 1646 3367 per
1660 3289 1746 3365 eum

334 3387 534 3478 confessata
551 3405 639 3465 sunt
659 3412 786 3492 supra',
806 3386 854 3462 sit
865 3385 964 3463 fama
980 3387 1129 3492 publica
1146 3390 1184 3465 in
1200 3390 1349 3479 ordine,
1367 3407 1405 3467 et
1423 3390 1497 3469 sint
1515 3407 1604 3468 nota
1625 3408 1662 3467 et
1677 3420 1747 3466 ma·

332 3517 464 3595 uilesta
484 3518 582 3594 inter
600 3516 731 3594 lratres
750 3516 903 3605 ordlnis,
922 3535 962 3593 et
977 3519 1083 3624 quod
1099 3521 1333 3597 eciamnunc
1353 3521 1400 3597 sit
1414 3518 1513 3597 lama
1531 3520 1677 3626 publica
1697 3521 1745 3595 de

333 3646 511 3752 predictis
522 3647 626 3723 -inter
643 3647 839 3723 seculares.
856 3647 1071 3752 Requisitus
1084 3649 1177 3755 quid
1191 3667 1295 3727 vocat
1309 3648 1446 3726 samam
1465 3650 1673 3754 publicam,
1694 3675 1746 3724 re-

333 3776 487 3882 spondit
505 3777 611 3882 quod
630 3776 727 3854 illud
746 3777 850 3883 quod
870 3778 1121 3855 communiter
1138 3778 1268 3885 gentes
1288 3768 1428 3856 dicunt.

388 3910 499 3999 Item,
529 3908 732 4013 requisitus
759 3934 872 4012 super
898 3932 1078 3985 cxxiv-vn
1107 3904 1287 3998 articulis,
1312 3910 1506 4016 respondit
1535 3938 1574 3987 se
1606 3912 1745 3988 nescire

333 4038 403 4112 nisi
430 4065 499 4142 per
521 4035 681 4113 relatum
707 4022 880 4113 alienum¹
901 4035 1097 4136 incertum.
1123 4039 1338 4146 Requisitus
1359 4040 1389 4117 si
1412 4037 1534 4116 fuerat
1557 4039 1650 4117 alias
1668 4068 1746 4117 exa·

334 4168 496 4243 minatus
515 4193 629 4271 super
647 4165 743 4276 facto
763 4144 1081 4270 Templariorum,
1102 4169 1296 4273 respondit
1312 4169 1418 4275 quod
1441 4168 1509 4257 sic,
1535 4195 1606 4273 per
1630 4167 1745 4246 domi·

335 4323 428 4370 num
443 4297 779 4401 'archiepiscopum
809 4295 1078 4374 Bituricensem
1112 4301 1213 4403 apud
1237 4299 1483 4376 Exordunum
1509 4298 1747 4389 Bituricensis

335 4424 509 4514 diocesis,
540 4453 706 4503 asserens
730 4424 832 4531 quod
863 4425 967 4528 prius
992 4425 1140 4505 dudum
1170 4444 1253 4528 ante
1281 4429 1538 4534 questionatus
1563 4426 1689 4505 suerat
1713 4444 1747 4502 et

334 4572 460 4631 tentus
479 4555 693 4657 perplures
715 4553 938 4659 septimanas
958 4554 996 4629 in
1016 4583 1111 4660 pane
1132 4573 1171 4633 et
1189 4585 1294 4662 aqua.
1315 4558 1531 4663 Requisitus
1549 4558 1581 4635 si
1601 4557 1673 4635 snit
1686 4555 1747 4633 ali·

335 4710 409 4784 qua
429 4668 620 4758 consessus
638 4710 761 4760 coram
783 4683 881 4760 dicto
902 4684 1056 4761 domino
1076 4686 1367 4792 archiepiscopo,
1389 4686 1481 4765 dixit
1495 4687 1602 4793 quod
1619 4688 1670 4769 sic
1682 4682 1746 4760 ali·

336 4837 425 4911 qua,
453 4808 619 4886 sednon
644 4814 784 4900 omnia,
811 4842 879 4890 nec
902 4832 958 4892 tot
977 4815 1078 4894 sicut
1102 4816 1275 4921 deposuit
1300 4843 1425 4893 coram
1451 4817 1560 4896 dictis
1587 4814 1747 4896 dominis
