4080 6052
538 558 612 659 ras
927 528 1124 623 proces
1150 546 1247 618 ons
1274 541 1565 614 ramirans.

520 773 525 783 ,
593 692 809 801 Requisitus
832 689 862 766 si
881 690 934 766 sic
954 687 1129 794 deposuit
1147 711 1275 790 prece,
1293 697 1487 789 precepto,
1506 679 1666 766 timore,
1686 706 1843 766 amore,
1862 679 1969 772 odio,

537 827 598 905 vel
611 819 811 928 temporali
828 817 992 896 comodo
1008 816 1138 894 habito
1154 813 1214 890 vel
1229 811 1423 902 habendo,
1443 809 1639 914 respondit
1656 809 1771 916 quod
1789 836 1887 897 non,
1902 810 1969 888 sed

537 984 608 1064 pro
630 954 784 1030 veritate
805 949 977 1025 dicenda.
1004 947 1075 1026 Cui
1104 944 1177 1022 fuit
1201 942 1415 1050 injunctum
1439 940 1546 1047 quod
1564 968 1642 1017 non
1664 938 1852 1018 revelaret
1867 941 1966 1017 banc

540 1115 646 1163 suam
672 1079 952 1186 deposicionem
975 1102 1173 1183 quousque
1193 1071 1452 1150 attestaciones
1469 1070 1612 1149 luerint
1627 1070 1833 1177 publicate.

597 1214 686 1290 Acta
699 1211 855 1288 fuerunt
867 1209 938 1285 hec
948 1208 1010 1284 die
1026 1206 1156 1282 etloco
1166 1203 1353 1310 predictis,
1365 1202 1604 1307 presentibus
1614 1201 1800 1310 magistro
1811 1200 1962 1293 Amisia,

543 1373 603 1421 me
624 1341 879 1420 Floriamonte
893 1335 1112 1424 Dondedei,
1130 1351 1168 1412 et
1185 1333 1268 1411 aliis
1287 1332 1442 1411 notariis
1459 1361 1571 1438 supra
1588 1330 1731 1410 ultimo
1751 1330 1964 1410 nominatis.

600 1607 686 1682 Post
711 1603 797 1694 hec,
825 1602 887 1678 die
907 1604 1013 1678 Lune
1028 1598 1217 1706 sequenti,
1236 1625 1311 1704 que
1330 1596 1403 1674 fuit
1419 1623 1465 1674 xv
1487 1594 1568 1673 dies
1588 1594 1733 1672 mensis
1752 1593 1959 1679 Februarii,

545 1734 616 1810 luit
642 1732 828 1809 adductus
850 1732 897 1807 ad
915 1731 1152 1836 *presenciam
1175 1729 1398 1806 eorumdem
1422 1725 1667 1805 dominorum
1690 1723 1961 1802 commissario-

544 1891 647 1951 rum,
674 1862 715 1937 in
737 1861 854 1938 domo
879 1859 1046 1965 predicta
1069 1857 1226 1935 lratrum
1247 1858 1459 1948 Minorum,
1480 1855 1593 1932 lrater
1615 1854 1812 1932 lohannes
1831 1852 1880 1929 de
1896 1853 1961 1930 Ni-

546 1993 640 2068 vella
662 1991 841 2079 serviens,
868 1988 1087 2064 Leodiensis
1109 1987 1282 2079 diocesis,
1305 2003 1503 2093 preceptor
1522 1985 1569 2061 de
1596 1984 1749 2063 Barleta
1772 1984 1963 2061 Trasensis

547 2120 724 2210 diocesis,
745 2117 851 2194 testis
873 2144 984 2221 supra
1009 2118 1172 2224 juratus,
1193 2134 1236 2194 ut
1255 2117 1463 2222 deponeret
1483 2116 1628 2192 dictum
1652 2142 1788 2206 suum,
1809 2113 1964 2191 mantel·

546 2251 627 2327 lum
650 2267 687 2325 et
707 2247 863 2324 barbam
889 2246 1091 2338 defferens,
1113 2247 1220 2324 etatis
1239 2246 1391 2353 triginta
1412 2274 1597 2324 annorum
1618 2246 1678 2322 vel
1700 2246 1816 2336 circa3
1837 2261 1878 2321 et
1898 2244 1965 2320 luit

546 2378 771 2485 inquisitum
796 2405 883 2454 cum
910 2405 973 2467 eo,
1003 2377 1196 2455 absolutus
1222 2394 1260 2454 et
1287 2375 1551 2454 reconciliatus
1575 2404 1645 2481 per
1669 2375 1873 2453 dominum
1897 2373 1965 2480 epi-

545 2537 700 2615 scopum
726 2507 983 2585 Parisiensem.
1014 2508 1134 2585 Lectis
1159 2525 1285 2584 autem
1311 2525 1349 2584 et
1375 2507 1576 2614 diligenter
1597 2506 1777 2612 expositis
1799 2505 1871 2583 sibi
1890 2531 1966 2582 om-

546 2640 659 2717 nibus
675 2655 712 2716 et
730 2637 888 2743 singulis
903 2637 1085 2726 articulis,
1104 2637 1299 2744 respondit
1319 2638 1366 2714 ad
1389 2665 1469 2728 eos,
1491 2637 1770 2743 protestacione
1792 2635 1965 2742 premissa

547 2770 650 2878 quod
665 2796 742 2845 non
757 2767 921 2845 intendit
934 2766 1111 2845 recedere
1123 2795 1145 2847 a
1158 2767 1398 2874 deposicione
1416 2796 1485 2872 per
1498 2795 1590 2844 eum
1608 2765 1707 2844 facta
1722 2777 1845 2843 coram
1861 2764 1962 2841 dicto

548 2899 704 2975 domino
728 2898 903 3003 episcopo
925 2898 1139 2987 Parisiensi,
1163 2926 1202 2976 se
1227 2897 1346 2975 nichil
1364 2898 1458 2974 scire
1485 2898 1534 2975 de
1559 2897 1751 2974 contentis
1769 2895 1874 2973 ineis
1891 2893 1962 2970 nisi

548 3026 654 3132 quod
674 3027 856 3139 sequitur,
880 3026 1054 3104 videlicet
1076 3028 1180 3133 quod
1201 3028 1280 3134 ipse
1300 3044 1474 3133 receptus
1492 3024 1615 3103 luerat
1634 3027 1675 3102 in
1698 3026 1861 3132 quadam
1882 3023 1964 3101 aula

550 3157 687 3232 domus
700 3154 851 3258 Templi
871 3155 919 3230 de
938 3155 1080 3261 Capua,
1100 3157 1140 3233 in
1159 3157 1254 3236 festo
1277 3157 1482 3235 Nativitatis
1490 3157 1644 3234 Domini
1661 3157 1835 3263 proximo
1850 3173 1966 3262 prete

549 3285 631 3385 rito!
642 3282 797 3360 luerunt
810 3309 845 3361 iv
862 3284 967 3374 anni,
982 3313 1050 3388 per
1066 3284 1218 3362 fratrem
1236 3288 1441 3394 Symonem
1457 3288 1504 3364 de
1516 3287 1720 3394 >Brondisio
1739 3304 1829 3363 tarnc
1845 3314 1967 3391 prece

549 3433 696 3519 ptorcm
710 3414 950 3519 Capuanum,
967 3415 1013 3490 de
1027 3416 1133 3521 cujus
1148 3417 1220 3492 vita
1235 3417 1293 3494 vel
1312 3435 1432 3493 morte
1450 3446 1526 3493 non
1548 3417 1662 3495 babet
1680 3416 1959 3503 certitudinem,

549 3562 721 3650 presente
737 3544 849 3621 lratre
870 3545 1039 3621 lobanne
1064 3546 1111 3621 de
1130 3545 1302 3623 Alvernia
1322 3549 1500 3635 oriundo,
1525 3549 1750 3656 presbytero,
1769 3575 1791 3620 a
1810 3573 1889 3652 quo
1907 3575 1963 3621 re-

521 3783 524 3788 Ι
551 3693 699 3779 ceptore
712 3674 903 3781 requisivit
912 3691 971 3750 ter
981 3676 1203 3780 interpolate
1217 3705 1352 3782 panem
1369 3696 1406 3753 et
1418 3706 1552 3781 aquam
1568 3678 1725 3763 ordinis,
1747 3692 1785 3751 et
1801 3704 1889 3751 cum
1904 3692 1964 3752 ter

550 3806 803 3910 respondisset
823 3805 857 3882 ei
884 3806 989 3908 quod
1008 3805 1105 3884 bene
1127 3807 1368 3895 deliberaret,
1390 3809 1478 3912 quia
1498 3809 1678 3914 grandem
1701 3836 1781 3883 rem
1799 3805 1963 3912 petebat,

552 3953 590 4011 et
614 3951 806 4039 oporteret
832 3963 919 4011 eum
943 3935 1061 4012 multa
1087 3937 1182 4013 dura
1206 3955 1244 4014 et
1263 3966 1391 4042 aspera
1410 3938 1611 4029 sustinere,
1635 3955 1672 4014 et
1695 3937 1871 4014 abdicare
1891 3964 1911 4011 a
1930 3964 1965 4012 se

552 4065 741 4171 propriam
762 4064 1012 4155 voluntatem3
1039 4085 1075 4143 et
1101 4068 1205 4174 quod
1233 4069 1375 4145 diceret
1398 4069 1506 4143 Pater
1531 4086 1659 4146 noster
1678 4084 1718 4144 et
1737 4067 1813 4143 Ave
1839 4068 1962 4151 Maria,

551 4223 685 4301 rogans
700 4196 824 4271 Deum
840 4195 946 4301 quod
959 4195 1084 4299 ipsum
1099 4197 1293 4302 dirigeret,
1308 4198 1483 4288 finaliter,
1501 4199 1655 4303 prestito
1669 4198 1717 4275 ab
1731 4225 1778 4275 eo
1791 4227 1858 4305 per
1869 4199 1967 4306 jura-

553 4341 721 4399 mentum
736 4326 841 4430 quod
861 4352 938 4401 non
956 4343 1035 4400 erat
1046 4327 1188 4404 servilis
1207 4328 1456 4414 condicionis,
1474 4329 1735 4416 matrimonio,
1753 4329 1862 4406 alteri
1884 4328 1963 4404 reli·

551 4452 653 4557 gioni
668 4481 737 4529 nec
757 4455 894 4531 debitis
906 4454 1108 4561 obligatus,
1125 4485 1193 4533 nec
1206 4457 1302 4534 infra
1319 4487 1441 4536 sacros
1460 4459 1612 4536 ordines
1631 4459 1879 4544 constitutus,
1897 4476 1961 4534 tra·

554 4581 650 4657 didit
669 4584 702 4657 ei
723 4586 958 4662 mantellum.
983 4589 1231 4664 Postmodum
1262 4588 1350 4664 lecit
1371 4561 1458 4664 euin
1477 4619 1608 4666 vovere
1624 4607 1663 4665 et
1676 4590 1807 4695 jurare
1827 4589 1958 4665 castita·

552 4725 648 4800 tem,
661 4712 935 4807 obedienciam,
950 4719 1115 4796 etvivere
1132 4719 1211 4795 sine
1222 4721 1391 4825 proprio,
1407 4739 1445 4797 et
1460 4720 1617 4798 osculari
1633 4750 1783 4798 crucem
1800 4716 1953 4796 martelli

552 4836 621 4912 sibi
642 4839 779 4917 traditi.
803 4846 1046 4924 Postmodum
1066 4849 1143 4953 ipse
1166 4867 1203 4927 et
1223 4851 1343 4928 dictus
1363 4850 1555 4958 presbyter
1578 4851 1734 4929 luerunt
1750 4879 1840 4930 eum
1861 4873 1952 4926 oscu-
