<?xml version="1.0" encoding="UTF-8"?>
<!DOCTYPE html PUBLIC "-//W3C//DTD XHTML 1.0 Transitional//EN"
    "http://www.w3.org/TR/xhtml1/DTD/xhtml1-transitional.dtd">
<html xmlns="http://www.w3.org/1999/xhtml" xml:lang="en" lang="en">
 <head>
  <title>
</title>
<meta http-equiv="Content-Type" content="text/html;charset=utf-8" />
  <meta name='ocr-system' content='tesseract 3.04.00' />
  <meta name='ocr-capabilities' content='ocr_page ocr_carea ocr_par ocr_line ocrx_word'/>
</head>
<body>
  <div class='ocr_page' id='page_1' title='image "./procsdestemplie02defegoog_0567.png"; bbox 0 0 4080 6052; ppageno 0'>
   <div class='ocr_carea' id='block_1_1' title="bbox 693 545 1715 640">
    <p class='ocr_par' dir='ltr' id='par_1_1' title="bbox 693 545 1715 640">
     <span class='ocr_line' id='line_1_1' title="bbox 693 545 1715 640; baseline -0.002 0"><span class='ocrx_word' id='word_1_1' title='bbox 693 545 890 640; x_wconf 80' lang='lat' dir='ltr'><strong>rnocts</strong></span> <span class='ocrx_word' id='word_1_2' title='bbox 908 560 1005 637; x_wconf 79' lang='lat' dir='ltr'><strong>nes</strong></span> <span class='ocrx_word' id='word_1_3' title='bbox 1031 563 1329 637; x_wconf 80' lang='lat' dir='ltr'><strong>rnurnrnas.</strong></span> <span class='ocrx_word' id='word_1_4' title='bbox 1643 564 1715 638; x_wconf 80' lang='lat' dir='ltr'><strong>sus</strong></span> 
     </span>
    </p>
   </div>
   <div class='ocr_carea' id='block_1_2' title="bbox 303 705 1736 4702">
    <p class='ocr_par' dir='ltr' id='par_1_2' title="bbox 303 705 1736 4702">
     <span class='ocr_line' id='line_1_2' title="bbox 306 705 1717 811; baseline -0.001 -28"><span class='ocrx_word' id='word_1_5' title='bbox 306 707 372 785; x_wconf 84' lang='lat' dir='ltr'><strong>lati</strong></span> <span class='ocrx_word' id='word_1_6' title='bbox 391 707 430 782; x_wconf 95' lang='lat' dir='ltr'><strong>in</strong></span> <span class='ocrx_word' id='word_1_7' title='bbox 446 731 529 793; x_wconf 87' lang='lat' dir='ltr'><strong>ore,</strong></span> <span class='ocrx_word' id='word_1_8' title='bbox 543 705 771 785; x_wconf 82' lang='lat' dir='ltr'><strong>instruentes</strong></span> <span class='ocrx_word' id='word_1_9' title='bbox 790 735 878 783; x_wconf 89' lang='lat' dir='ltr'><strong>eum</strong></span> <span class='ocrx_word' id='word_1_10' title='bbox 897 721 992 811; x_wconf 89' lang='lat' dir='ltr'><strong>quot</strong></span> <span class='ocrx_word' id='word_1_11' title='bbox 1009 706 1121 783; x_wconf 68' lang='lat' dir='ltr'><strong>Peter</strong></span> <span class='ocrx_word' id='word_1_12' title='bbox 1138 720 1253 782; x_wconf 84' lang='lat' dir='ltr'><strong>noster</strong></span> <span class='ocrx_word' id='word_1_13' title='bbox 1266 705 1408 782; x_wconf 90' lang='lat' dir='ltr'><strong>diceret</strong></span> <span class='ocrx_word' id='word_1_14' title='bbox 1421 732 1488 808; x_wconf 93' lang='lat' dir='ltr'><strong>pro</strong></span> <span class='ocrx_word' id='word_1_15' title='bbox 1505 705 1608 781; x_wconf 90' lang='lat' dir='ltr'><strong>boris</strong></span> <span class='ocrx_word' id='word_1_16' title='bbox 1625 707 1717 795; x_wconf 86' lang='lat' dir='ltr'><strong>suis,</strong></span> 
     </span>
     <span class='ocr_line' id='line_1_3' title="bbox 306 833 1716 942; baseline 0.001 -30"><span class='ocrx_word' id='word_1_17' title='bbox 306 853 343 913; x_wconf 91' lang='lat' dir='ltr'><strong>et</strong></span> <span class='ocrx_word' id='word_1_18' title='bbox 364 835 467 942; x_wconf 91' lang='lat' dir='ltr'><strong>quod</strong></span> <span class='ocrx_word' id='word_1_19' title='bbox 484 835 626 942; x_wconf 88' lang='lat' dir='ltr'><strong>jaceret</strong></span> <span class='ocrx_word' id='word_1_20' title='bbox 646 864 734 913; x_wconf 89' lang='lat' dir='ltr'><strong>cum</strong></span> <span class='ocrx_word' id='word_1_21' title='bbox 763 835 895 941; x_wconf 90' lang='lat' dir='ltr'><strong>pannis</strong></span> <span class='ocrx_word' id='word_1_22' title='bbox 919 851 956 911; x_wconf 92' lang='lat' dir='ltr'><strong>et</strong></span> <span class='ocrx_word' id='word_1_23' title='bbox 981 834 1260 942; x_wconf 87' lang='lat' dir='ltr'><strong>caligis-lineis,</strong></span> <span class='ocrx_word' id='word_1_24' title='bbox 1283 836 1426 911; x_wconf 89' lang='lat' dir='ltr'><strong>cinctus</strong></span> <span class='ocrx_word' id='word_1_25' title='bbox 1447 861 1521 909; x_wconf 91' lang='lat' dir='ltr'><strong>una</strong></span> <span class='ocrx_word' id='word_1_26' title='bbox 1543 833 1716 914; x_wconf 75' lang='lat' dir='ltr'><strong>cordula,</strong></span> 
     </span>
     <span class='ocr_line' id='line_1_4' title="bbox 306 961 1720 1070; baseline -0.003 -29"><span class='ocrx_word' id='word_1_27' title='bbox 306 992 418 1070; x_wconf 87' lang='lat' dir='ltr'><strong>quam</strong></span> <span class='ocrx_word' id='word_1_28' title='bbox 431 992 509 1042; x_wconf 94' lang='lat' dir='ltr'><strong>non</strong></span> <span class='ocrx_word' id='word_1_29' title='bbox 528 964 684 1042; x_wconf 88' lang='lat' dir='ltr'><strong>tradidit</strong></span> <span class='ocrx_word' id='word_1_30' title='bbox 697 965 748 1057; x_wconf 91' lang='lat' dir='ltr'><strong>ei,</strong></span> <span class='ocrx_word' id='word_1_31' title='bbox 763 967 831 1042; x_wconf 85' lang='lat' dir='ltr'><strong>sed</strong></span> <span class='ocrx_word' id='word_1_32' title='bbox 854 966 933 1070; x_wconf 87' lang='lat' dir='ltr'><strong>ipse</strong></span> <span class='ocrx_word' id='word_1_33' title='bbox 954 964 1047 1041; x_wconf 90' lang='lat' dir='ltr'><strong>emit</strong></span> <span class='ocrx_word' id='word_1_34' title='bbox 1066 992 1147 1040; x_wconf 91' lang='lat' dir='ltr'><strong>eam</strong></span> <span class='ocrx_word' id='word_1_35' title='bbox 1166 982 1252 1070; x_wconf 89' lang='lat' dir='ltr'><strong>post</strong></span> <span class='ocrx_word' id='word_1_36' title='bbox 1268 962 1485 1069; x_wconf 88' lang='lat' dir='ltr'><strong>prandium,</strong></span> <span class='ocrx_word' id='word_1_37' title='bbox 1503 979 1542 1038; x_wconf 91' lang='lat' dir='ltr'><strong>et</strong></span> <span class='ocrx_word' id='word_1_38' title='bbox 1560 961 1720 1068; x_wconf 80' lang='lat' dir='ltr'>qualiter</span> 
     </span>
     <span class='ocr_line' id='line_1_5' title="bbox 303 1092 1720 1201; baseline 0 -31"><span class='ocrx_word' id='word_1_39' title='bbox 303 1111 452 1201; x_wconf 86' lang='lat' dir='ltr'><strong>regeret</strong></span> <span class='ocrx_word' id='word_1_40' title='bbox 471 1122 511 1170; x_wconf 85' lang='lat' dir='ltr'><strong>se</strong></span> <span class='ocrx_word' id='word_1_41' title='bbox 529 1095 570 1170; x_wconf 90' lang='lat' dir='ltr'><strong>in</strong></span> <span class='ocrx_word' id='word_1_42' title='bbox 591 1095 736 1174; x_wconf 83' lang='lat' dir='ltr'><strong>ordine.</strong></span> <span class='ocrx_word' id='word_1_43' title='bbox 757 1097 949 1201; x_wconf 80' lang='lat' dir='ltr'><strong>Postque,</strong></span> <span class='ocrx_word' id='word_1_44' title='bbox 962 1094 1162 1172; x_wconf 83' lang='lat' dir='ltr'><strong>recedente</strong></span> <span class='ocrx_word' id='word_1_45' title='bbox 1183 1094 1283 1172; x_wconf 90' lang='lat' dir='ltr'><strong>dicto</strong></span> <span class='ocrx_word' id='word_1_46' title='bbox 1303 1093 1539 1200; x_wconf 84' lang='lat' dir='ltr'><strong>presbytero,</strong></span> <span class='ocrx_word' id='word_1_47' title='bbox 1555 1092 1720 1197; x_wconf 87' lang='lat' dir='ltr'><strong>prelatus</strong></span> 
     </span>
     <span class='ocr_line' id='line_1_6' title="bbox 305 1224 1719 1333; baseline -0.001 -34"><span class='ocrx_word' id='word_1_48' title='bbox 305 1240 487 1329; x_wconf 91' lang='lat' dir='ltr'><strong>receptor,</strong></span> <span class='ocrx_word' id='word_1_49' title='bbox 504 1224 620 1303; x_wconf 82' lang='lat' dir='ltr'><strong>solus</strong></span> <span class='ocrx_word' id='word_1_50' title='bbox 645 1225 804 1302; x_wconf 72' lang='lat' dir='ltr'><strong>existens</strong></span> <span class='ocrx_word' id='word_1_51' title='bbox 830 1226 871 1300; x_wconf 92' lang='lat' dir='ltr'><strong>in</strong></span> <span class='ocrx_word' id='word_1_52' title='bbox 897 1224 996 1302; x_wconf 90' lang='lat' dir='ltr'><strong>dicta</strong></span> <span class='ocrx_word' id='word_1_53' title='bbox 1022 1225 1123 1313; x_wconf 91' lang='lat' dir='ltr'><strong>aula,</strong></span> <span class='ocrx_word' id='word_1_54' title='bbox 1154 1225 1260 1333; x_wconf 89' lang='lat' dir='ltr'><strong>cujus</strong></span> <span class='ocrx_word' id='word_1_55' title='bbox 1285 1241 1393 1330; x_wconf 87' lang='lat' dir='ltr'><strong>porta</strong></span> <span class='ocrx_word' id='word_1_56' title='bbox 1418 1241 1509 1299; x_wconf 91' lang='lat' dir='ltr'><strong>tunc</strong></span> <span class='ocrx_word' id='word_1_57' title='bbox 1534 1249 1611 1299; x_wconf 92' lang='lat' dir='ltr'><strong>non</strong></span> <span class='ocrx_word' id='word_1_58' title='bbox 1643 1239 1719 1298; x_wconf 89' lang='lat' dir='ltr'><strong>erat</strong></span> 
     </span>
     <span class='ocr_line' id='line_1_7' title="bbox 306 1351 1720 1461; baseline -0.001 -31"><span class='ocrx_word' id='word_1_59' title='bbox 306 1351 443 1439; x_wconf 87' lang='lat' dir='ltr'><strong>clausa,</strong></span> <span class='ocrx_word' id='word_1_60' title='bbox 462 1382 548 1429; x_wconf 88' lang='lat' dir='ltr'><strong>cum</strong></span> <span class='ocrx_word' id='word_1_61' title='bbox 562 1353 642 1458; x_wconf 87' lang='lat' dir='ltr'><strong>ipso</strong></span> <span class='ocrx_word' id='word_1_62' title='bbox 653 1371 759 1443; x_wconf 87' lang='lat' dir='ltr'><strong>teste,</strong></span> <span class='ocrx_word' id='word_1_63' title='bbox 776 1355 943 1461; x_wconf 80' lang='lat' dir='ltr'><strong>precepit</strong></span> <span class='ocrx_word' id='word_1_64' title='bbox 954 1355 987 1432; x_wconf 89' lang='lat' dir='ltr'><strong>ei</strong></span> <span class='ocrx_word' id='word_1_65' title='bbox 1002 1356 1107 1461; x_wconf 90' lang='lat' dir='ltr'><strong>quod</strong></span> <span class='ocrx_word' id='word_1_66' title='bbox 1118 1355 1321 1460; x_wconf 90' lang='lat' dir='ltr'><strong>abnegaret</strong></span> <span class='ocrx_word' id='word_1_67' title='bbox 1329 1352 1470 1441; x_wconf 81' lang='lat' dir='ltr'><strong>Deum3</strong></span> <span class='ocrx_word' id='word_1_68' title='bbox 1486 1370 1523 1429; x_wconf 88' lang='lat' dir='ltr'><strong>et</strong></span> <span class='ocrx_word' id='word_1_69' title='bbox 1533 1353 1720 1457; x_wconf 87' lang='lat' dir='ltr'><strong>ipsetestis</strong></span> 
     </span>
     <span class='ocr_line' id='line_1_8' title="bbox 307 1482 1720 1590; baseline -0.003 -30"><span class='ocrx_word' id='word_1_70' title='bbox 307 1485 501 1590; x_wconf 87' lang='lat' dir='ltr'><strong>respondit</strong></span> <span class='ocrx_word' id='word_1_71' title='bbox 514 1484 617 1589; x_wconf 90' lang='lat' dir='ltr'><strong>quod</strong></span> <span class='ocrx_word' id='word_1_72' title='bbox 632 1485 705 1563; x_wconf 87' lang='lat' dir='ltr'><strong>boc</strong></span> <span class='ocrx_word' id='word_1_73' title='bbox 720 1485 829 1562; x_wconf 91' lang='lat' dir='ltr'><strong>nullo</strong></span> <span class='ocrx_word' id='word_1_74' title='bbox 845 1486 960 1562; x_wconf 91' lang='lat' dir='ltr'><strong>modo</strong></span> <span class='ocrx_word' id='word_1_75' title='bbox 978 1485 1136 1572; x_wconf 76' lang='lat' dir='ltr'><strong>laceret3</strong></span> <span class='ocrx_word' id='word_1_76' title='bbox 1152 1502 1191 1562; x_wconf 89' lang='lat' dir='ltr'><strong>et</strong></span> <span class='ocrx_word' id='word_1_77' title='bbox 1203 1502 1294 1561; x_wconf 90' lang='lat' dir='ltr'><strong>tunc</strong></span> <span class='ocrx_word' id='word_1_78' title='bbox 1309 1484 1431 1560; x_wconf 91' lang='lat' dir='ltr'><strong>dictus</strong></span> <span class='ocrx_word' id='word_1_79' title='bbox 1442 1498 1614 1587; x_wconf 87' lang='lat' dir='ltr'><strong>receptor</strong></span> <span class='ocrx_word' id='word_1_80' title='bbox 1628 1482 1720 1558; x_wconf 82' lang='lat' dir='ltr'><strong>dixit</strong></span> 
     </span>
     <span class='ocr_line' id='line_1_9' title="bbox 305 1611 1718 1720; baseline -0.002 -32"><span class='ocrx_word' id='word_1_81' title='bbox 305 1613 340 1688; x_wconf 90' lang='lat' dir='ltr'><strong>ei</strong></span> <span class='ocrx_word' id='word_1_82' title='bbox 351 1614 455 1717; x_wconf 91' lang='lat' dir='ltr'><strong>quod</strong></span> <span class='ocrx_word' id='word_1_83' title='bbox 469 1614 544 1691; x_wconf 91' lang='lat' dir='ltr'><strong>hoc</strong></span> <span class='ocrx_word' id='word_1_84' title='bbox 558 1612 757 1718; x_wconf 83' lang='lat' dir='ltr'><strong>oportebat</strong></span> <span class='ocrx_word' id='word_1_85' title='bbox 770 1611 1007 1704; x_wconf 84' lang='lat' dir='ltr'><strong>eumfacere,</strong></span> <span class='ocrx_word' id='word_1_86' title='bbox 1023 1629 1063 1690; x_wconf 88' lang='lat' dir='ltr'><strong>et</strong></span> <span class='ocrx_word' id='word_1_87' title='bbox 1075 1614 1181 1720; x_wconf 92' lang='lat' dir='ltr'><strong>quod</strong></span> <span class='ocrx_word' id='word_1_88' title='bbox 1199 1613 1401 1719; x_wconf 82' lang='lat' dir='ltr'><strong>abnegaret</strong></span> <span class='ocrx_word' id='word_1_89' title='bbox 1415 1640 1478 1688; x_wconf 88' lang='lat' dir='ltr'><strong>ore</strong></span> <span class='ocrx_word' id='word_1_90' title='bbox 1495 1639 1572 1689; x_wconf 90' lang='lat' dir='ltr'><strong>non</strong></span> <span class='ocrx_word' id='word_1_91' title='bbox 1586 1612 1718 1699; x_wconf 83' lang='lat' dir='ltr'><strong>corde;</strong></span> 
     </span>
     <span class='ocr_line' id='line_1_10' title="bbox 304 1741 1721 1849; baseline -0.001 -30"><span class='ocrx_word' id='word_1_92' title='bbox 304 1759 344 1819; x_wconf 88' lang='lat' dir='ltr'><strong>et</strong></span> <span class='ocrx_word' id='word_1_93' title='bbox 355 1758 448 1820; x_wconf 89' lang='lat' dir='ltr'><strong>tunc</strong></span> <span class='ocrx_word' id='word_1_94' title='bbox 464 1744 543 1847; x_wconf 86' lang='lat' dir='ltr'><strong>ipse</strong></span> <span class='ocrx_word' id='word_1_95' title='bbox 560 1744 666 1823; x_wconf 89' lang='lat' dir='ltr'><strong>testis</strong></span> <span class='ocrx_word' id='word_1_96' title='bbox 683 1744 878 1849; x_wconf 86' lang='lat' dir='ltr'><strong>abnegavit</strong></span> <span class='ocrx_word' id='word_1_97' title='bbox 894 1744 1020 1822; x_wconf 89' lang='lat' dir='ltr'><strong>Deum</strong></span> <span class='ocrx_word' id='word_1_98' title='bbox 1039 1768 1105 1821; x_wconf 88' lang='lat' dir='ltr'><strong>ore</strong></span> <span class='ocrx_word' id='word_1_99' title='bbox 1124 1770 1202 1819; x_wconf 91' lang='lat' dir='ltr'><strong>non</strong></span> <span class='ocrx_word' id='word_1_100' title='bbox 1223 1742 1352 1831; x_wconf 86' lang='lat' dir='ltr'><strong>corde,</strong></span> <span class='ocrx_word' id='word_1_101' title='bbox 1370 1758 1414 1816; x_wconf 91' lang='lat' dir='ltr'><strong>ut</strong></span> <span class='ocrx_word' id='word_1_102' title='bbox 1429 1741 1530 1817; x_wconf 81' lang='lat' dir='ltr'><strong>dixit.</strong></span> <span class='ocrx_word' id='word_1_103' title='bbox 1551 1743 1721 1817; x_wconf 87' lang='lat' dir='ltr'><strong>Postmo-</strong></span> 
     </span>
     <span class='ocr_line' id='line_1_11' title="bbox 306 1869 1719 1977; baseline -0.001 -30"><span class='ocrx_word' id='word_1_104' title='bbox 306 1872 398 1947; x_wconf 90' lang='lat' dir='ltr'><strong>dum</strong></span> <span class='ocrx_word' id='word_1_105' title='bbox 423 1871 626 1949; x_wconf 88' lang='lat' dir='ltr'><strong>ostendens</strong></span> <span class='ocrx_word' id='word_1_106' title='bbox 648 1873 717 1976; x_wconf 91' lang='lat' dir='ltr'><strong>ipsi</strong></span> <span class='ocrx_word' id='word_1_107' title='bbox 747 1873 835 1949; x_wconf 84' lang='lat' dir='ltr'><strong>testi</strong></span> <span class='ocrx_word' id='word_1_108' title='bbox 859 1873 1065 1977; x_wconf 80' lang='lat' dir='ltr'><strong>quamdam</strong></span> <span class='ocrx_word' id='word_1_109' title='bbox 1091 1898 1239 1948; x_wconf 89' lang='lat' dir='ltr'><strong>crucem</strong></span> <span class='ocrx_word' id='word_1_110' title='bbox 1265 1870 1445 1976; x_wconf 84' lang='lat' dir='ltr'><strong>ligneam,</strong></span> <span class='ocrx_word' id='word_1_111' title='bbox 1469 1869 1587 1946; x_wconf 88' lang='lat' dir='ltr'><strong>nescit</strong></span> <span class='ocrx_word' id='word_1_112' title='bbox 1615 1872 1719 1945; x_wconf 89' lang='lat' dir='ltr'><strong>unde</strong></span> 
     </span>
     <span class='ocr_line' id='line_1_12' title="bbox 307 1998 1720 2108; baseline -0.001 -32"><span class='ocrx_word' id='word_1_113' title='bbox 307 1999 470 2088; x_wconf 86' lang='lat' dir='ltr'><strong>allatam,</strong></span> <span class='ocrx_word' id='word_1_114' title='bbox 492 2001 532 2077; x_wconf 92' lang='lat' dir='ltr'><strong>in</strong></span> <span class='ocrx_word' id='word_1_115' title='bbox 550 2031 623 2106; x_wconf 86' lang='lat' dir='ltr'><strong>qua</strong></span> <span class='ocrx_word' id='word_1_116' title='bbox 637 2029 715 2078; x_wconf 90' lang='lat' dir='ltr'><strong>non</strong></span> <span class='ocrx_word' id='word_1_117' title='bbox 735 2019 815 2078; x_wconf 88' lang='lat' dir='ltr'><strong>erat</strong></span> <span class='ocrx_word' id='word_1_118' title='bbox 830 2029 965 2108; x_wconf 85' lang='lat' dir='ltr'><strong>ymago</strong></span> <span class='ocrx_word' id='word_1_119' title='bbox 982 2000 1158 2079; x_wconf 82' lang='lat' dir='ltr'><strong>Crucifixi</strong></span> <span class='ocrx_word' id='word_1_120' title='bbox 1179 2029 1248 2078; x_wconf 92' lang='lat' dir='ltr'><strong>nec</strong></span> <span class='ocrx_word' id='word_1_121' title='bbox 1265 1999 1410 2105; x_wconf 83' lang='lat' dir='ltr'><strong>pictura</strong></span> <span class='ocrx_word' id='word_1_122' title='bbox 1429 1998 1553 2105; x_wconf 90' lang='lat' dir='ltr'><strong>aliqua</strong></span> <span class='ocrx_word' id='word_1_123' title='bbox 1566 2028 1720 2106; x_wconf 87' lang='lat' dir='ltr'><strong>appare·</strong></span> 
     </span>
     <span class='ocr_line' id='line_1_13' title="bbox 306 2128 1721 2236; baseline -0.002 -30"><span class='ocrx_word' id='word_1_124' title='bbox 306 2128 386 2221; x_wconf 91' lang='lat' dir='ltr'><strong>bat,</strong></span> <span class='ocrx_word' id='word_1_125' title='bbox 409 2130 522 2235; x_wconf 87' lang='lat' dir='ltr'><strong>peciit</strong></span> <span class='ocrx_word' id='word_1_126' title='bbox 543 2130 590 2207; x_wconf 89' lang='lat' dir='ltr'><strong>ab</strong></span> <span class='ocrx_word' id='word_1_127' title='bbox 616 2131 698 2236; x_wconf 89' lang='lat' dir='ltr'><strong>ipso</strong></span> <span class='ocrx_word' id='word_1_128' title='bbox 719 2147 812 2208; x_wconf 90' lang='lat' dir='ltr'><strong>teste</strong></span> <span class='ocrx_word' id='word_1_129' title='bbox 834 2131 865 2208; x_wconf 93' lang='lat' dir='ltr'><strong>si</strong></span> <span class='ocrx_word' id='word_1_130' title='bbox 887 2130 1065 2208; x_wconf 89' lang='lat' dir='ltr'><strong>credebat</strong></span> <span class='ocrx_word' id='word_1_131' title='bbox 1084 2128 1188 2236; x_wconf 90' lang='lat' dir='ltr'><strong>quod</strong></span> <span class='ocrx_word' id='word_1_132' title='bbox 1209 2131 1249 2205; x_wconf 91' lang='lat' dir='ltr'><strong>in</strong></span> <span class='ocrx_word' id='word_1_133' title='bbox 1273 2130 1372 2205; x_wconf 91' lang='lat' dir='ltr'><strong>dicta</strong></span> <span class='ocrx_word' id='word_1_134' title='bbox 1391 2155 1499 2205; x_wconf 89' lang='lat' dir='ltr'><strong>cruce</strong></span> <span class='ocrx_word' id='word_1_135' title='bbox 1522 2146 1618 2206; x_wconf 91' lang='lat' dir='ltr'><strong>esset</strong></span> <span class='ocrx_word' id='word_1_136' title='bbox 1634 2157 1721 2234; x_wconf 90' lang='lat' dir='ltr'><strong>pro-</strong></span> 
     </span>
     <span class='ocr_line' id='line_1_14' title="bbox 307 2258 1720 2366; baseline -0.001 -30"><span class='ocrx_word' id='word_1_137' title='bbox 307 2260 436 2365; x_wconf 91' lang='lat' dir='ltr'><strong>pheta,</strong></span> <span class='ocrx_word' id='word_1_138' title='bbox 452 2288 529 2366; x_wconf 90' lang='lat' dir='ltr'><strong>quo</strong></span> <span class='ocrx_word' id='word_1_139' title='bbox 542 2262 794 2366; x_wconf 90' lang='lat' dir='ltr'><strong>respondente</strong></span> <span class='ocrx_word' id='word_1_140' title='bbox 811 2261 917 2366; x_wconf 89' lang='lat' dir='ltr'><strong>quod</strong></span> <span class='ocrx_word' id='word_1_141' title='bbox 929 2288 1024 2349; x_wconf 91' lang='lat' dir='ltr'><strong>non,</strong></span> <span class='ocrx_word' id='word_1_142' title='bbox 1039 2260 1128 2366; x_wconf 89' lang='lat' dir='ltr'><strong>quia</strong></span> <span class='ocrx_word' id='word_1_143' title='bbox 1140 2287 1217 2336; x_wconf 95' lang='lat' dir='ltr'><strong>non</strong></span> <span class='ocrx_word' id='word_1_144' title='bbox 1231 2276 1310 2335; x_wconf 89' lang='lat' dir='ltr'><strong>erat</strong></span> <span class='ocrx_word' id='word_1_145' title='bbox 1319 2258 1372 2336; x_wconf 93' lang='lat' dir='ltr'><strong>ibi</strong></span> <span class='ocrx_word' id='word_1_146' title='bbox 1388 2260 1468 2366; x_wconf 87' lang='lat' dir='ltr'><strong>ejus</strong></span> <span class='ocrx_word' id='word_1_147' title='bbox 1481 2287 1630 2366; x_wconf 79' lang='lat' dir='ltr'><strong>ymago,</strong></span> <span class='ocrx_word' id='word_1_148' title='bbox 1642 2288 1720 2364; x_wconf 88' lang='lat' dir='ltr'><strong>pre-</strong></span> 
     </span>
     <span class='ocr_line' id='line_1_15' title="bbox 309 2382 1719 2497; baseline -0.001 -32"><span class='ocrx_word' id='word_1_149' title='bbox 309 2389 409 2495; x_wconf 87' lang='lat' dir='ltr'><strong>cepit</strong></span> <span class='ocrx_word' id='word_1_150' title='bbox 427 2389 462 2466; x_wconf 91' lang='lat' dir='ltr'><strong>ei</strong></span> <span class='ocrx_word' id='word_1_151' title='bbox 478 2390 581 2495; x_wconf 93' lang='lat' dir='ltr'><strong>quod</strong></span> <span class='ocrx_word' id='word_1_152' title='bbox 598 2382 752 2496; x_wconf 80' lang='lat' dir='ltr'><strong>spueret</strong></span> <span class='ocrx_word' id='word_1_153' title='bbox 769 2419 881 2497; x_wconf 89' lang='lat' dir='ltr'><strong>supra</strong></span> <span class='ocrx_word' id='word_1_154' title='bbox 901 2390 1041 2467; x_wconf 89' lang='lat' dir='ltr'><strong>dictam</strong></span> <span class='ocrx_word' id='word_1_155' title='bbox 1061 2417 1227 2480; x_wconf 91' lang='lat' dir='ltr'><strong>crucem,</strong></span> <span class='ocrx_word' id='word_1_156' title='bbox 1250 2406 1289 2465; x_wconf 89' lang='lat' dir='ltr'><strong>et</strong></span> <span class='ocrx_word' id='word_1_157' title='bbox 1307 2389 1386 2495; x_wconf 91' lang='lat' dir='ltr'><strong>ipse</strong></span> <span class='ocrx_word' id='word_1_158' title='bbox 1401 2388 1502 2494; x_wconf 91' lang='lat' dir='ltr'><strong>spuit</strong></span> <span class='ocrx_word' id='word_1_159' title='bbox 1515 2416 1592 2463; x_wconf 94' lang='lat' dir='ltr'><strong>non</strong></span> <span class='ocrx_word' id='word_1_160' title='bbox 1609 2417 1719 2493; x_wconf 86' lang='lat' dir='ltr'><strong>supra</strong></span> 
     </span>
     <span class='ocr_line' id='line_1_16' title="bbox 307 2517 1719 2627; baseline 0.001 -34"><span class='ocrx_word' id='word_1_161' title='bbox 307 2517 374 2594; x_wconf 91' lang='lat' dir='ltr'><strong>sed</strong></span> <span class='ocrx_word' id='word_1_162' title='bbox 388 2518 504 2624; x_wconf 83' lang='lat' dir='ltr'><strong>juxta.</strong></span> <span class='ocrx_word' id='word_1_163' title='bbox 528 2521 659 2598; x_wconf 90' lang='lat' dir='ltr'><strong>Postea</strong></span> <span class='ocrx_word' id='word_1_164' title='bbox 680 2521 849 2627; x_wconf 91' lang='lat' dir='ltr'><strong>precepit</strong></span> <span class='ocrx_word' id='word_1_165' title='bbox 871 2521 907 2598; x_wconf 91' lang='lat' dir='ltr'><strong>ei</strong></span> <span class='ocrx_word' id='word_1_166' title='bbox 927 2521 1032 2627; x_wconf 89' lang='lat' dir='ltr'><strong>quod</strong></span> <span class='ocrx_word' id='word_1_167' title='bbox 1057 2518 1287 2598; x_wconf 86' lang='lat' dir='ltr'><strong>oscularetur</strong></span> <span class='ocrx_word' id='word_1_168' title='bbox 1306 2547 1394 2595; x_wconf 91' lang='lat' dir='ltr'><strong>eum</strong></span> <span class='ocrx_word' id='word_1_169' title='bbox 1414 2519 1561 2605; x_wconf 85' lang='lat' dir='ltr'><strong>inano,</strong></span> <span class='ocrx_word' id='word_1_170' title='bbox 1584 2518 1719 2623; x_wconf 90' lang='lat' dir='ltr'><strong>etipse</strong></span> 
     </span>
     <span class='ocr_line' id='line_1_17' title="bbox 305 2646 1716 2728; baseline 0.001 -7"><span class='ocrx_word' id='word_1_171' title='bbox 305 2647 409 2724; x_wconf 86' lang='lat' dir='ltr'><strong>testis</strong></span> <span class='ocrx_word' id='word_1_172' title='bbox 428 2647 552 2725; x_wconf 91' lang='lat' dir='ltr'><strong>noluit</strong></span> <span class='ocrx_word' id='word_1_173' title='bbox 566 2678 654 2726; x_wconf 92' lang='lat' dir='ltr'><strong>eum</strong></span> <span class='ocrx_word' id='word_1_174' title='bbox 675 2649 845 2726; x_wconf 90' lang='lat' dir='ltr'><strong>osculari.</strong></span> <span class='ocrx_word' id='word_1_175' title='bbox 867 2650 924 2728; x_wconf 91' lang='lat' dir='ltr'><strong>De</strong></span> <span class='ocrx_word' id='word_1_176' title='bbox 944 2649 1016 2726; x_wconf 86' lang='lat' dir='ltr'><strong>alia</strong></span> <span class='ocrx_word' id='word_1_177' title='bbox 1035 2676 1075 2726; x_wconf 91' lang='lat' dir='ltr'><strong>re</strong></span> <span class='ocrx_word' id='word_1_178' title='bbox 1092 2647 1221 2726; x_wconf 89' lang='lat' dir='ltr'><strong>illicita</strong></span> <span class='ocrx_word' id='word_1_179' title='bbox 1236 2646 1402 2726; x_wconf 83' lang='lat' dir='ltr'><strong>nonfuit</strong></span> <span class='ocrx_word' id='word_1_180' title='bbox 1417 2647 1716 2725; x_wconf 88' lang='lat' dir='ltr'><strong>locutuseidern.</strong></span> 
     </span>
     <span class='ocr_line' id='line_1_18' title="bbox 305 2776 1720 2885; baseline 0.001 -34"><span class='ocrx_word' id='word_1_181' title='bbox 305 2776 521 2881; x_wconf 85' lang='lat' dir='ltr'><strong>Requisitus</strong></span> <span class='ocrx_word' id='word_1_182' title='bbox 538 2778 569 2855; x_wconf 90' lang='lat' dir='ltr'><strong>si</strong></span> <span class='ocrx_word' id='word_1_183' title='bbox 585 2776 727 2855; x_wconf 81' lang='lat' dir='ltr'><strong>dixerat</strong></span> <span class='ocrx_word' id='word_1_184' title='bbox 739 2779 845 2884; x_wconf 91' lang='lat' dir='ltr'><strong>quod</strong></span> <span class='ocrx_word' id='word_1_185' title='bbox 859 2778 1026 2885; x_wconf 89' lang='lat' dir='ltr'><strong>predicta</strong></span> <span class='ocrx_word' id='word_1_186' title='bbox 1040 2795 1165 2856; x_wconf 91' lang='lat' dir='ltr'><strong>essent</strong></span> <span class='ocrx_word' id='word_1_187' title='bbox 1179 2778 1227 2855; x_wconf 93' lang='lat' dir='ltr'><strong>de</strong></span> <span class='ocrx_word' id='word_1_188' title='bbox 1243 2777 1393 2882; x_wconf 90' lang='lat' dir='ltr'><strong>punctis</strong></span> <span class='ocrx_word' id='word_1_189' title='bbox 1406 2777 1549 2855; x_wconf 91' lang='lat' dir='ltr'><strong>ordinis</strong></span> <span class='ocrx_word' id='word_1_190' title='bbox 1563 2777 1622 2855; x_wconf 86' lang='lat' dir='ltr'><strong>vel</strong></span> <span class='ocrx_word' id='word_1_191' title='bbox 1638 2807 1720 2855; x_wconf 89' lang='lat' dir='ltr'><strong>con-</strong></span> 
     </span>
     <span class='ocr_line' id='line_1_19' title="bbox 306 2900 1720 3014; baseline 0.001 -32"><span class='ocrx_word' id='word_1_192' title='bbox 306 2922 411 2982; x_wconf 90' lang='lat' dir='ltr'><strong>sueta</strong></span> <span class='ocrx_word' id='word_1_193' title='bbox 432 2906 514 2984; x_wconf 87' lang='lat' dir='ltr'><strong>lieri</strong></span> <span class='ocrx_word' id='word_1_194' title='bbox 533 2906 573 2983; x_wconf 91' lang='lat' dir='ltr'><strong>in</strong></span> <span class='ocrx_word' id='word_1_195' title='bbox 589 2900 739 3001; x_wconf 80' lang='lat' dir='ltr'><strong>ordine,</strong></span> <span class='ocrx_word' id='word_1_196' title='bbox 765 2927 803 2986; x_wconf 88' lang='lat' dir='ltr'><strong>et</strong></span> <span class='ocrx_word' id='word_1_197' title='bbox 823 2909 854 2986; x_wconf 95' lang='lat' dir='ltr'><strong>si</strong></span> <span class='ocrx_word' id='word_1_198' title='bbox 879 2909 958 3014; x_wconf 89' lang='lat' dir='ltr'><strong>ipse</strong></span> <span class='ocrx_word' id='word_1_199' title='bbox 978 2909 1083 2989; x_wconf 85' lang='lat' dir='ltr'><strong>testis</strong></span> <span class='ocrx_word' id='word_1_200' title='bbox 1102 2909 1170 2986; x_wconf 90' lang='lat' dir='ltr'><strong>scit</strong></span> <span class='ocrx_word' id='word_1_201' title='bbox 1186 2906 1244 2984; x_wconf 92' lang='lat' dir='ltr'><strong>vel</strong></span> <span class='ocrx_word' id='word_1_202' title='bbox 1264 2908 1384 2985; x_wconf 88' lang='lat' dir='ltr'><strong>credit</strong></span> <span class='ocrx_word' id='word_1_203' title='bbox 1402 2907 1460 2985; x_wconf 89' lang='lat' dir='ltr'><strong>vel</strong></span> <span class='ocrx_word' id='word_1_204' title='bbox 1484 2906 1624 2985; x_wconf 84' lang='lat' dir='ltr'><strong>audivit</strong></span> <span class='ocrx_word' id='word_1_205' title='bbox 1647 2909 1720 2984; x_wconf 90' lang='lat' dir='ltr'><strong>hoc</strong></span> 
     </span>
     <span class='ocr_line' id='line_1_20' title="bbox 307 3036 1717 3146; baseline 0.001 -34"><span class='ocrx_word' id='word_1_206' title='bbox 307 3036 399 3125; x_wconf 92' lang='lat' dir='ltr'><strong>dici,</strong></span> <span class='ocrx_word' id='word_1_207' title='bbox 409 3039 604 3143; x_wconf 86' lang='lat' dir='ltr'><strong>respondit</strong></span> <span class='ocrx_word' id='word_1_208' title='bbox 614 3041 717 3144; x_wconf 91' lang='lat' dir='ltr'><strong>quod</strong></span> <span class='ocrx_word' id='word_1_209' title='bbox 735 3068 824 3117; x_wconf 89' lang='lat' dir='ltr'><strong>non.</strong></span> <span class='ocrx_word' id='word_1_210' title='bbox 836 3040 1051 3146; x_wconf 87' lang='lat' dir='ltr'><strong>Requisitus</strong></span> <span class='ocrx_word' id='word_1_211' title='bbox 1058 3040 1239 3118; x_wconf 83' lang='lat' dir='ltr'><strong>sividerat</strong></span> <span class='ocrx_word' id='word_1_212' title='bbox 1247 3039 1411 3146; x_wconf 89' lang='lat' dir='ltr'><strong>aliquem</strong></span> <span class='ocrx_word' id='word_1_213' title='bbox 1426 3038 1542 3115; x_wconf 91' lang='lat' dir='ltr'><strong>alium</strong></span> <span class='ocrx_word' id='word_1_214' title='bbox 1553 3039 1668 3144; x_wconf 90' lang='lat' dir='ltr'><strong>recipi</strong></span> <span class='ocrx_word' id='word_1_215' title='bbox 1679 3039 1717 3114; x_wconf 91' lang='lat' dir='ltr'><strong>in</strong></span> 
     </span>
     <span class='ocr_line' id='line_1_21' title="bbox 308 3165 1720 3277; baseline 0.003 -37"><span class='ocrx_word' id='word_1_216' title='bbox 308 3165 459 3254; x_wconf 85' lang='lat' dir='ltr'><strong>ordine,</strong></span> <span class='ocrx_word' id='word_1_217' title='bbox 484 3169 678 3274; x_wconf 88' lang='lat' dir='ltr'><strong>respondit</strong></span> <span class='ocrx_word' id='word_1_218' title='bbox 701 3171 806 3277; x_wconf 90' lang='lat' dir='ltr'><strong>quod</strong></span> <span class='ocrx_word' id='word_1_219' title='bbox 827 3171 879 3248; x_wconf 87' lang='lat' dir='ltr'><strong>sic</strong></span> <span class='ocrx_word' id='word_1_220' title='bbox 896 3169 1047 3248; x_wconf 81' lang='lat' dir='ltr'><strong>fratrem</strong></span> <span class='ocrx_word' id='word_1_221' title='bbox 1073 3170 1322 3250; x_wconf 90' lang='lat' dir='ltr'><strong>Guillclmum</strong></span> <span class='ocrx_word' id='word_1_222' title='bbox 1341 3169 1541 3274; x_wconf 87' lang='lat' dir='ltr'><strong>Manpartit</strong></span> <span class='ocrx_word' id='word_1_223' title='bbox 1562 3169 1720 3261; x_wconf 71' lang='lat' dir='ltr'><strong>seruien-</strong></span> 
     </span>
     <span class='ocr_line' id='line_1_22' title="bbox 307 3297 1719 3406; baseline 0.004 -36"><span class='ocrx_word' id='word_1_224' title='bbox 307 3312 401 3386; x_wconf 87' lang='lat' dir='ltr'><strong>tem,</strong></span> <span class='ocrx_word' id='word_1_225' title='bbox 425 3297 472 3374; x_wconf 90' lang='lat' dir='ltr'><strong>de</strong></span> <span class='ocrx_word' id='word_1_226' title='bbox 491 3298 724 3406; x_wconf 81' lang='lat' dir='ltr'><strong>Burgtmdia,</strong></span> <span class='ocrx_word' id='word_1_227' title='bbox 751 3328 866 3405; x_wconf 92' lang='lat' dir='ltr'><strong>quem</strong></span> <span class='ocrx_word' id='word_1_228' title='bbox 889 3299 1010 3377; x_wconf 90' lang='lat' dir='ltr'><strong>credit</strong></span> <span class='ocrx_word' id='word_1_229' title='bbox 1037 3301 1174 3388; x_wconf 84' lang='lat' dir='ltr'><strong>vivere,</strong></span> <span class='ocrx_word' id='word_1_230' title='bbox 1199 3328 1267 3406; x_wconf 91' lang='lat' dir='ltr'><strong>per</strong></span> <span class='ocrx_word' id='word_1_231' title='bbox 1296 3299 1446 3376; x_wconf 78' lang='lat' dir='ltr'><strong>fratrem</strong></span> <span class='ocrx_word' id='word_1_232' title='bbox 1471 3298 1645 3376; x_wconf 89' lang='lat' dir='ltr'><strong>Odonem</strong></span> <span class='ocrx_word' id='word_1_233' title='bbox 1673 3300 1719 3375; x_wconf 88' lang='lat' dir='ltr'><strong>de</strong></span> 
     </span>
     <span class='ocr_line' id='line_1_23' title="bbox 305 3425 1721 3537; baseline 0.002 -37"><span class='ocrx_word' id='word_1_234' title='bbox 305 3425 500 3503; x_wconf 85' lang='lat' dir='ltr'><strong>Focharen</strong></span> <span class='ocrx_word' id='word_1_235' title='bbox 524 3428 716 3534; x_wconf 93' lang='lat' dir='ltr'><strong>quondam</strong></span> <span class='ocrx_word' id='word_1_236' title='bbox 744 3429 904 3517; x_wconf 89' lang='lat' dir='ltr'><strong>militem</strong></span> <span class='ocrx_word' id='word_1_237' title='bbox 933 3429 982 3507; x_wconf 90' lang='lat' dir='ltr'><strong>de</strong></span> <span class='ocrx_word' id='word_1_238' title='bbox 1000 3430 1230 3537; x_wconf 86' lang='lat' dir='ltr'><strong>Borgondia‚</strong></span> <span class='ocrx_word' id='word_1_239' title='bbox 1256 3430 1296 3504; x_wconf 93' lang='lat' dir='ltr'><strong>in</strong></span> <span class='ocrx_word' id='word_1_240' title='bbox 1324 3425 1587 3506; x_wconf 90' lang='lat' dir='ltr'><strong>Brandonibus</strong></span> <span class='ocrx_word' id='word_1_241' title='bbox 1610 3445 1721 3504; x_wconf 87' lang='lat' dir='ltr'><strong>erunt</strong></span> 
     </span>
     <span class='ocr_line' id='line_1_24' title="bbox 306 3556 1721 3664; baseline -0.001 -31"><span class='ocrx_word' id='word_1_242' title='bbox 306 3572 468 3661; x_wconf 91' lang='lat' dir='ltr'><strong>quatuor</strong></span> <span class='ocrx_word' id='word_1_243' title='bbox 484 3557 590 3646; x_wconf 91' lang='lat' dir='ltr'><strong>anni,</strong></span> <span class='ocrx_word' id='word_1_244' title='bbox 610 3557 650 3633; x_wconf 94' lang='lat' dir='ltr'><strong>in</strong></span> <span class='ocrx_word' id='word_1_245' title='bbox 667 3557 806 3664; x_wconf 88' lang='lat' dir='ltr'><strong>capella</strong></span> <span class='ocrx_word' id='word_1_246' title='bbox 827 3560 963 3637; x_wconf 91' lang='lat' dir='ltr'><strong>domus</strong></span> <span class='ocrx_word' id='word_1_247' title='bbox 980 3559 1132 3663; x_wconf 84' lang='lat' dir='ltr'><strong>Templi</strong></span> <span class='ocrx_word' id='word_1_248' title='bbox 1150 3560 1198 3635; x_wconf 91' lang='lat' dir='ltr'><strong>de</strong></span> <span class='ocrx_word' id='word_1_249' title='bbox 1216 3557 1381 3648; x_wconf 87' lang='lat' dir='ltr'><strong>Berleta,</strong></span> <span class='ocrx_word' id='word_1_250' title='bbox 1401 3556 1638 3662; x_wconf 88' lang='lat' dir='ltr'><strong>presentibus</strong></span> <span class='ocrx_word' id='word_1_251' title='bbox 1656 3556 1721 3631; x_wconf 82' lang='lat' dir='ltr'><strong>lra-</strong></span> 
     </span>
     <span class='ocr_line' id='line_1_25' title="bbox 306 3684 1721 3796; baseline 0.003 -36"><span class='ocrx_word' id='word_1_252' title='bbox 306 3684 428 3760; x_wconf 89' lang='lat' dir='ltr'><strong>tribus</strong></span> <span class='ocrx_word' id='word_1_253' title='bbox 451 3684 657 3764; x_wconf 91' lang='lat' dir='ltr'><strong>Guillelmo</strong></span> <span class='ocrx_word' id='word_1_254' title='bbox 683 3687 731 3764; x_wconf 89' lang='lat' dir='ltr'><strong>de</strong></span> <span class='ocrx_word' id='word_1_255' title='bbox 761 3687 886 3765; x_wconf 87' lang='lat' dir='ltr'><strong>Mellia</strong></span> <span class='ocrx_word' id='word_1_256' title='bbox 917 3687 1153 3796; x_wconf 81' lang='lat' dir='ltr'><strong>presbytero,</strong></span> <span class='ocrx_word' id='word_1_257' title='bbox 1180 3704 1219 3763; x_wconf 91' lang='lat' dir='ltr'><strong>et</strong></span> <span class='ocrx_word' id='word_1_258' title='bbox 1245 3688 1410 3795; x_wconf 84' lang='lat' dir='ltr'><strong>Symone</strong></span> <span class='ocrx_word' id='word_1_259' title='bbox 1436 3689 1483 3764; x_wconf 88' lang='lat' dir='ltr'><strong>de</strong></span> <span class='ocrx_word' id='word_1_260' title='bbox 1508 3686 1660 3764; x_wconf 86' lang='lat' dir='ltr'><strong>Ancona</strong></span> <span class='ocrx_word' id='word_1_261' title='bbox 1683 3705 1721 3764; x_wconf 90' lang='lat' dir='ltr'><strong>et</strong></span> 
     </span>
     <span class='ocr_line' id='line_1_26' title="bbox 308 3811 1721 3922; baseline 0.001 -32"><span class='ocrx_word' id='word_1_262' title='bbox 308 3811 516 3890; x_wconf 90' lang='lat' dir='ltr'><strong>Guillelmo</strong></span> <span class='ocrx_word' id='word_1_263' title='bbox 544 3815 699 3921; x_wconf 82' lang='lat' dir='ltr'><strong>Anglico</strong></span> <span class='ocrx_word' id='word_1_264' title='bbox 726 3816 866 3892; x_wconf 86' lang='lat' dir='ltr'><strong>viatore</strong></span> <span class='ocrx_word' id='word_1_265' title='bbox 887 3816 985 3893; x_wconf 88' lang='lat' dir='ltr'><strong>dicte</strong></span> <span class='ocrx_word' id='word_1_266' title='bbox 1013 3816 1166 3903; x_wconf 89' lang='lat' dir='ltr'><strong>domus,</strong></span> <span class='ocrx_word' id='word_1_267' title='bbox 1188 3815 1453 3907; x_wconf 87' lang='lat' dir='ltr'><strong>servientibus,</strong></span> <span class='ocrx_word' id='word_1_268' title='bbox 1479 3843 1576 3922; x_wconf 88' lang='lat' dir='ltr'><strong>quos</strong></span> <span class='ocrx_word' id='word_1_269' title='bbox 1604 3818 1721 3892; x_wconf 88' lang='lat' dir='ltr'><strong>credit</strong></span> 
     </span>
     <span class='ocr_line' id='line_1_27' title="bbox 309 3942 1722 4052; baseline 0.004 -35"><span class='ocrx_word' id='word_1_270' title='bbox 309 3942 445 4034; x_wconf 88' lang='lat' dir='ltr'><strong>vivere,</strong></span> <span class='ocrx_word' id='word_1_271' title='bbox 467 3943 507 4018; x_wconf 93' lang='lat' dir='ltr'><strong>in</strong></span> <span class='ocrx_word' id='word_1_272' title='bbox 527 3945 636 4051; x_wconf 88' lang='lat' dir='ltr'><strong>cujus</strong></span> <span class='ocrx_word' id='word_1_273' title='bbox 654 3944 873 4050; x_wconf 90' lang='lat' dir='ltr'><strong>recepcione</strong></span> <span class='ocrx_word' id='word_1_274' title='bbox 893 3944 966 4022; x_wconf 85' lang='lat' dir='ltr'><strong>fuit</strong></span> <span class='ocrx_word' id='word_1_275' title='bbox 985 3964 1150 4033; x_wconf 84' lang='lat' dir='ltr'><strong>servatus</strong></span> <span class='ocrx_word' id='word_1_276' title='bbox 1169 3945 1254 4023; x_wconf 87' lang='lat' dir='ltr'><strong>talis</strong></span> <span class='ocrx_word' id='word_1_277' title='bbox 1277 3945 1414 4023; x_wconf 89' lang='lat' dir='ltr'><strong>modus</strong></span> <span class='ocrx_word' id='word_1_278' title='bbox 1435 3945 1584 4051; x_wconf 89' lang='lat' dir='ltr'><strong>qualem</strong></span> <span class='ocrx_word' id='word_1_279' title='bbox 1608 3948 1722 4052; x_wconf 89' lang='lat' dir='ltr'><strong>depo-</strong></span> 
     </span>
     <span class='ocr_line' id='line_1_28' title="bbox 309 4070 1720 4183; baseline 0.001 -34"><span class='ocrx_word' id='word_1_280' title='bbox 309 4071 385 4149; x_wconf 90' lang='lat' dir='ltr'><strong>suit</strong></span> <span class='ocrx_word' id='word_1_281' title='bbox 405 4070 519 4150; x_wconf 85' lang='lat' dir='ltr'><strong>fuisse</strong></span> <span class='ocrx_word' id='word_1_282' title='bbox 544 4092 729 4152; x_wconf 89' lang='lat' dir='ltr'><strong>servatum</strong></span> <span class='ocrx_word' id='word_1_283' title='bbox 754 4075 794 4152; x_wconf 92' lang='lat' dir='ltr'><strong>in</strong></span> <span class='ocrx_word' id='word_1_284' title='bbox 818 4077 1037 4182; x_wconf 90' lang='lat' dir='ltr'><strong>recepcione</strong></span> <span class='ocrx_word' id='word_1_285' title='bbox 1060 4104 1143 4165; x_wconf 88' lang='lat' dir='ltr'><strong>sua,</strong></span> <span class='ocrx_word' id='word_1_286' title='bbox 1171 4075 1331 4182; x_wconf 82' lang='lat' dir='ltr'><strong>exceptis</strong></span> <span class='ocrx_word' id='word_1_287' title='bbox 1353 4074 1492 4152; x_wconf 90' lang='lat' dir='ltr'><strong>illicitis</strong></span> <span class='ocrx_word' id='word_1_288' title='bbox 1515 4076 1619 4183; x_wconf 88' lang='lat' dir='ltr'><strong>quod</strong></span> <span class='ocrx_word' id='word_1_289' title='bbox 1644 4102 1720 4151; x_wconf 91' lang='lat' dir='ltr'><strong>non</strong></span> 
     </span>
     <span class='ocr_line' id='line_1_29' title="bbox 309 4201 1720 4314; baseline 0.004 -38"><span class='ocrx_word' id='word_1_290' title='bbox 309 4201 590 4281; x_wconf 88' lang='lat' dir='ltr'><strong>intervenerunt</strong></span> <span class='ocrx_word' id='word_1_291' title='bbox 605 4222 697 4282; x_wconf 92' lang='lat' dir='ltr'><strong>tunc</strong></span> <span class='ocrx_word' id='word_1_292' title='bbox 711 4235 780 4282; x_wconf 92' lang='lat' dir='ltr'><strong>nec</strong></span> <span class='ocrx_word' id='word_1_293' title='bbox 794 4223 880 4312; x_wconf 91' lang='lat' dir='ltr'><strong>post</strong></span> <span class='ocrx_word' id='word_1_294' title='bbox 891 4207 1165 4313; x_wconf 89' lang='lat' dir='ltr'><strong>recepcionem,</strong></span> <span class='ocrx_word' id='word_1_295' title='bbox 1182 4206 1286 4314; x_wconf 90' lang='lat' dir='ltr'><strong>quod</strong></span> <span class='ocrx_word' id='word_1_296' title='bbox 1301 4207 1378 4312; x_wconf 90' lang='lat' dir='ltr'><strong>ipse</strong></span> <span class='ocrx_word' id='word_1_297' title='bbox 1392 4205 1497 4283; x_wconf 90' lang='lat' dir='ltr'><strong>testis</strong></span> <span class='ocrx_word' id='word_1_298' title='bbox 1508 4206 1654 4283; x_wconf 87' lang='lat' dir='ltr'><strong>sciverit</strong></span> <span class='ocrx_word' id='word_1_299' title='bbox 1662 4207 1720 4281; x_wconf 90' lang='lat' dir='ltr'><strong>vel</strong></span> 
     </span>
     <span class='ocr_line' id='line_1_30' title="bbox 310 4332 1721 4442; baseline 0.004 -36"><span class='ocrx_word' id='word_1_300' title='bbox 310 4332 493 4411; x_wconf 88' lang='lat' dir='ltr'><strong>audiverit</strong></span> <span class='ocrx_word' id='word_1_301' title='bbox 502 4333 559 4410; x_wconf 88' lang='lat' dir='ltr'><strong>vel</strong></span> <span class='ocrx_word' id='word_1_302' title='bbox 576 4335 720 4426; x_wconf 87' lang='lat' dir='ltr'><strong>credat;</strong></span> <span class='ocrx_word' id='word_1_303' title='bbox 736 4335 903 4441; x_wconf 92' lang='lat' dir='ltr'><strong>plurium</strong></span> <span class='ocrx_word' id='word_1_304' title='bbox 920 4335 1206 4442; x_wconf 90' lang='lat' dir='ltr'><strong>recepcionibus</strong></span> <span class='ocrx_word' id='word_1_305' title='bbox 1225 4364 1303 4413; x_wconf 94' lang='lat' dir='ltr'><strong>non</strong></span> <span class='ocrx_word' id='word_1_306' title='bbox 1318 4335 1453 4422; x_wconf 87' lang='lat' dir='ltr'><strong>adfuit,</strong></span> <span class='ocrx_word' id='word_1_307' title='bbox 1472 4364 1541 4429; x_wconf 82' lang='lat' dir='ltr'><strong>nec</strong></span> <span class='ocrx_word' id='word_1_308' title='bbox 1553 4337 1721 4442; x_wconf 91' lang='lat' dir='ltr'><strong>capitulis</strong></span> 
     </span>
     <span class='ocr_line' id='line_1_31' title="bbox 309 4463 1718 4573; baseline 0.004 -37"><span class='ocrx_word' id='word_1_309' title='bbox 309 4463 543 4541; x_wconf 91' lang='lat' dir='ltr'><strong>eorumdem.</strong></span> <span class='ocrx_word' id='word_1_310' title='bbox 558 4465 669 4556; x_wconf 89' lang='lat' dir='ltr'><strong>Item,</strong></span> <span class='ocrx_word' id='word_1_311' title='bbox 683 4465 777 4542; x_wconf 78' lang='lat' dir='ltr'><strong>dixit</strong></span> <span class='ocrx_word' id='word_1_312' title='bbox 786 4467 892 4573; x_wconf 92' lang='lat' dir='ltr'><strong>quod</strong></span> <span class='ocrx_word' id='word_1_313' title='bbox 902 4466 1000 4543; x_wconf 88' lang='lat' dir='ltr'><strong>bene</strong></span> <span class='ocrx_word' id='word_1_314' title='bbox 1014 4466 1191 4543; x_wconf 91' lang='lat' dir='ltr'><strong>credebat</strong></span> <span class='ocrx_word' id='word_1_315' title='bbox 1202 4465 1457 4545; x_wconf 89' lang='lat' dir='ltr'><strong>ecclesiasticis</strong></span> <span class='ocrx_word' id='word_1_316' title='bbox 1467 4468 1718 4558; x_wconf 88' lang='lat' dir='ltr'><strong>sacramentis,</strong></span> 
     </span>
     <span class='ocr_line' id='line_1_32' title="bbox 311 4592 1736 4702; baseline 0.006 -37"><span class='ocrx_word' id='word_1_317' title='bbox 311 4608 348 4666; x_wconf 89' lang='lat' dir='ltr'><strong>et</strong></span> <span class='ocrx_word' id='word_1_318' title='bbox 359 4592 479 4671; x_wconf 88' lang='lat' dir='ltr'><strong>credit</strong></span> <span class='ocrx_word' id='word_1_319' title='bbox 492 4595 597 4700; x_wconf 89' lang='lat' dir='ltr'><strong>quod</strong></span> <span class='ocrx_word' id='word_1_320' title='bbox 612 4594 675 4670; x_wconf 87' lang='lat' dir='ltr'><strong>alii</strong></span> <span class='ocrx_word' id='word_1_321' title='bbox 685 4594 817 4672; x_wconf 79' lang='lat' dir='ltr'><strong>fratres</strong></span> <span class='ocrx_word' id='word_1_322' title='bbox 837 4595 1096 4684; x_wconf 84' lang='lat' dir='ltr'><strong>crederent,et</strong></span> <span class='ocrx_word' id='word_1_323' title='bbox 1108 4595 1213 4702; x_wconf 89' lang='lat' dir='ltr'><strong>quod</strong></span> <span class='ocrx_word' id='word_1_324' title='bbox 1226 4623 1358 4674; x_wconf 87' lang='lat' dir='ltr'><strong>eorum</strong></span> <span class='ocrx_word' id='word_1_325' title='bbox 1371 4596 1582 4674; x_wconf 88' lang='lat' dir='ltr'><strong>sacerdotes</strong></span> <span class='ocrx_word' id='word_1_326' title='bbox 1595 4596 1736 4675; x_wconf 79' lang='lat' dir='ltr'><strong>debite&#39;</strong></span> 
     </span>
    </p>
   </div>
   <div class='ocr_carea' id='block_1_3' title="bbox 310 4720 1721 4969">
    <p class='ocr_par' dir='ltr' id='par_1_3' title="bbox 310 4720 1819 4969">
     <span class='ocr_line' id='line_1_33' title="bbox 310 4720 1721 4834; baseline -0.009 -39"><span class='ocrx_word' id='word_1_327' title='bbox 310 4720 560 4810; x_wconf 87' lang='lat' dir='ltr'><strong>celebrarent,</strong></span> <span class='ocrx_word' id='word_1_328' title='bbox 580 4751 650 4800; x_wconf 90' lang='lat' dir='ltr'><strong>nec</strong></span> <span class='ocrx_word' id='word_1_329' title='bbox 668 4724 788 4801; x_wconf 89' lang='lat' dir='ltr'><strong>credit</strong></span> <span class='ocrx_word' id='word_1_330' title='bbox 806 4725 910 4831; x_wconf 94' lang='lat' dir='ltr'><strong>quod</strong></span> <span class='ocrx_word' id='word_1_331' title='bbox 929 4753 1063 4804; x_wconf 84' lang='lat' dir='ltr'><strong>eorum</strong></span> <span class='ocrx_word' id='word_1_332' title='bbox 1080 4725 1164 4803; x_wconf 88' lang='lat' dir='ltr'><strong>laici</strong></span> <span class='ocrx_word' id='word_1_333' title='bbox 1182 4724 1542 4832; x_wconf 84' lang='lat' dir='ltr'><strong>possent-absolvere</strong></span> <span class='ocrx_word' id='word_1_334' title='bbox 1563 4757 1583 4804; x_wconf 93' lang='lat' dir='ltr'><strong>a</strong></span> <span class='ocrx_word' id='word_1_335' title='bbox 1600 4756 1721 4834; x_wconf 61' lang='lat' dir='ltr'><strong>pecca.</strong></span> 
     </span>
     <span class='ocr_line' id='line_1_34' title="bbox 310 4849 1720 4969; baseline 0.005 -45"><span class='ocrx_word' id='word_1_336' title='bbox 310 4849 374 4936; x_wconf 89' lang='lat' dir='ltr'><strong>tis,</strong></span> <span class='ocrx_word' id='word_1_337' title='bbox 393 4878 462 4929; x_wconf 91' lang='lat' dir='ltr'><strong>nec</strong></span> <span class='ocrx_word' id='word_1_338' title='bbox 481 4852 586 4959; x_wconf 91' lang='lat' dir='ltr'><strong>quod</strong></span> <span class='ocrx_word' id='word_1_339' title='bbox 605 4852 803 4969; x_wconf 87' lang='lat' dir='ltr'><strong>carnaliter</strong></span> <span class='ocrx_word' id='word_1_340' title='bbox 812 4854 1072 4953; x_wconf 77' lang='lat' dir='ltr'><strong>miscerentur,</strong></span> <span class='ocrx_word' id='word_1_341' title='bbox 1094 4883 1163 4933; x_wconf 88' lang='lat' dir='ltr'><strong>nec</strong></span> <span class='ocrx_word' id='word_1_342' title='bbox 1181 4853 1288 4961; x_wconf 94' lang='lat' dir='ltr'><strong>quod</strong></span> <span class='ocrx_word' id='word_1_343' title='bbox 1304 4855 1486 4936; x_wconf 89' lang='lat' dir='ltr'><strong>haberent</strong></span> <span class='ocrx_word' id='word_1_344' title='bbox 1502 4857 1629 4965; x_wconf 81' lang='lat' dir='ltr'><strong>ydola,</strong></span> <span class='ocrx_word' id='word_1_345' title='bbox 1650 4887 1720 4933; x_wconf 89' lang='lat' dir='ltr'><strong>nec</strong></span> 
     </span>
    </p>
   </div>
   <div class='ocr_carea' id='block_1_4' title="bbox 0 0 2049 6052">
    <p class='ocr_par' dir='ltr' id='par_1_4' title="bbox 0 0 2049 6052">
     <span class='ocr_line' id='line_1_35' title="bbox 0 0 2049 6052; baseline 0 0"><span class='ocrx_word' id='word_1_346' title='bbox 0 0 2049 6052; x_wconf 95' lang='lat' dir='ltr'><strong> </strong></span> 
     </span>
    </p>
   </div>
  </div>
 </body>
</html>
