4080 6052
306 554 379 627 252
697 532 891 626 procas
915 551 1011 625 nas
1035 548 1335 626 rnurmaas.

361 695 472 784 Item,
500 693 776 782 adunaret
799 719 834 774 ιν
861 690 1054 783 articulos,
1082 690 1129 768 de
1150 689 1265 766 modo
1290 686 1537 804 reoepcionis,
1560 703 1653 780 etc,
1675 715 1732 765 re-

307 824 460 931 spondit
480 841 664 929 utsupra.

361 956 473 1045 Item,
498 953 547 1029 ad
565 980 653 1040 nav,
678 980 714 1034 vr
737 970 776 1030 et
795 979 845 1033 vn
864 952 1040 1028 articulos
1064 951 1261 1058 respondit
1282 948 1385 1056 quod
1404 949 1484 1054 ipse
1504 949 1644 1037 nescit,
1663 947 1729 1026 sed

305 1085 403 1161 bene
426 1083 545 1160 credit
565 1082 669 1190 quod
686 1083 717 1160 si
738 1083 792 1159 illi
812 1083 878 1188 qui
903 1081 1181 1187 recipiebantur
1205 1082 1245 1158 in
1269 1078 1421 1170 ordine,
1442 1095 1664 1156 recusarent
1680 1077 1730 1155 fa-

308 1245 390 1291 cero
407 1214 556 1321 illaque
574 1214 655 1319 ipse
673 1211 863 1291 consessus
881 1230 937 1291 est
954 1212 1001 1289 de
1020 1241 1076 1304 se,
1096 1212 1202 1318 quod
1219 1210 1379 1316 majores
1391 1208 1536 1287 ordinis
1550 1208 1727 1316 punirent

307 1373 396 1422 eum
417 1362 455 1422 et
471 1345 666 1421 mitterent
685 1372 775 1419 eum
793 1343 844 1419 ad
860 1343 986 1420 locum
1006 1358 1206 1420 remotum.

363 1477 473 1561 Item,
500 1473 550 1549 ad
568 1498 791 1551 saun-mxu
811 1473 986 1550 articulos
1005 1472 1200 1577 respondit
1216 1470 1368 1576 quodsi
1385 1470 1519 1577 aliquis
1536 1470 1728 1548 revelleret

310 1619 449 1679 secreta
473 1603 616 1680 ordinis
637 1601 695 1677 vel
718 1601 880 1709 capitula
900 1603 960 1680 vel
980 1602 1139 1680 modum
1158 1601 1390 1705 reoepcionis
1413 1629 1498 1692 sue,
1525 1618 1727 1706 poneretur

310 1734 349 1807 in
369 1762 529 1827 carcere,
554 1751 592 1811 et
608 1734 822 1810 mitteretur
841 1732 889 1809 ad
905 1750 1029 1838 partes
1048 1749 1226 1824 remotas,
1249 1732 1355 1838 quasi
1375 1731 1462 1809 exul
1482 1731 1724 1840 relegaretrm

310 1890 385 1939 non
406 1881 532 1940 tamen
556 1864 650 1941 vidit
672 1862 836 1970 aliquem
856 1881 1010 1971 propter
1028 1863 1100 1939 hoc
1120 1863 1336 1950 incarcerari
1355 1889 1426 1938 nec
1442 1861 1612 1951 interfici.

365 1996 476 2082 Item,
498 1995 546 2071 ad
565 2022 675 2071 axam
696 1993 912 2084 articulum,
936 1993 983 2070 de
1003 2021 1081 2070 non
1103 1994 1321 2071 confitendo
1344 1992 1418 2070 nisi
1442 1990 1620 2071 fratribus
1639 1993 1724 2070 dicti

311 2122 470 2213 ordinis,
492 2124 689 2230 respondit
707 2151 746 2201 se
764 2123 881 2200 nichil
902 2122 1012 2211 scire,
1036 2151 1105 2200 nec
1123 2124 1265 2200 audivit
1280 2123 1353 2200 hoc
1373 2122 1532 2232 injungi.

365 2254 476 2346 Item,
499 2254 547 2331 ad
567 2281 689 2344 cxxiv,
707 2280 730 2333 v
746 2271 783 2332 et
803 2281 839 2332 vr
859 2252 1034 2330 articulos
1050 2253 1245 2359 respondit
1264 2253 1363 2359 ipsos
1379 2280 1459 2330 esse
1476 2270 1514 2330 et
1531 2252 1648 2331 husee
1664 2283 1726 2332 ne·

309 2383 491 2491 gligentes
521 2385 567 2461 de
591 2385 684 2475 hoc,
712 2383 817 2492 quod
840 2383 1030 2491 recognita
1057 2410 1126 2492 per
1153 2413 1242 2460 eum
1270 2410 1349 2459 non
1373 2399 1636 2472 correxerunt,
1661 2413 1726 2461 nce

308 2533 432 2592 sancte
450 2515 560 2594 matri
576 2514 740 2594 Ecclesie
756 2508 1104 2605 nonciaverunt,‘et
1116 2513 1222 2620 quod
1235 2540 1313 2589 non
1332 2530 1569 2591 recesserunt
1582 2514 1631 2590 ab
1644 2515 1725 2593 her·

309 2647 458 2724 roribus
477 2647 655 2753 predictis
675 2674 742 2752 per
763 2674 850 2723 eum
870 2645 1079 2752 recognitis.

365 2778 475 2868 Item,
498 2778 544 2853 ad
565 2803 669 2855 sxmv
688 2776 789 2853 etad
806 2775 902 2851 alios
920 2794 1120 2881 sequentes
1137 2777 1314 2855 articulos
1330 2805 1451 2885 usque
1468 2777 1520 2856 ad
1535 2805 1625 2857 xcvn
1643 2779 1725 2854 arti·

310 2904 455 2991 culum,
488 2906 578 2982 item
611 2908 716 3012 quod
749 2904 986 2998 ellemosine,
1012 2923 1101 2999 etc,
1135 2908 1330 3011 respondit
1367 2935 1406 2985 se
1439 2909 1594 2986 credere
1624 2911 1727 3016 quod

309 3035 447 3110 modus
470 3063 537 3139 per
563 3062 678 3140 quem
708 3037 786 3141 ipse
816 3036 888 3147 luit
911 3054 1083 3142 receptus
1110 3054 1276 3114 servatus
1301 3036 1417 3115 fuerit
1445 3039 1487 3114 in
1512 3040 1726 3146 reoepcione

309 3162 470 3239 aliorum
488 3162 661 3256 fratrum,
684 3166 773 3242 citra
798 3194 898 3243 mare
926 3184 965 3243 et
982 3165 1081 3243 ultra
1101 3195 1219 3256 mare,
1243 3184 1280 3245 et
1305 3169 1411 3275 quod
1436 3169 1486 3247 sit
1509 3171 1558 3246 de
1581 3170 1728 3275 punctis

309 3295 467 3382 ordinis,
489 3323 559 3372 nec
578 3296 697 3373 credit
720 3299 825 3402 quod
848 3296 943 3373 alius
965 3298 1102 3375 modus
1126 3299 1355 3404 reoepcionis
1371 3297 1484 3376 fuerit
1502 3318 1671 3378 servatus
1689 3303 1727 3377 in

308 3424 408 3500 dicto
441 3426 585 3501 ordine.
616 3426 672 3503 De
698 3426 779 3504 aliis
809 3428 993 3504 contentis
1022 3428 1061 3504 in
1086 3428 1194 3506 dictis
1220 3429 1400 3522 articulis,
1425 3430 1515 3508 dixit
1541 3458 1581 3506 se
1606 3431 1724 3507 nichil

306 3556 398 3666 scire
420 3556 490 3633 nisi
507 3556 613 3662 quod
631 3586 743 3665 supra
763 3558 953 3663 deposuit,

361 3689 477 3778 Item,
490 3688 539 3764 ad
557 3715 654 3768 aevu
669 3688 869 3765 articulum
888 3689 1084 3795 respondit
1098 3691 1204 3796 quod
1226 3692 1438 3770 ellemosine
1455 3689 1599 3768 fiebant
1615 3692 1658 3767 iu
1672 3691 1724 3769 di-

305 3833 364 3891 cto
385 3817 518 3894 ordine
539 3835 596 3894 ter
622 3819 661 3894 in
686 3819 891 3924 septimana
916 3819 1093 3897 omnibus
1112 3822 1349 3926 petentibus,
1370 3839 1495 3898 tamen
1520 3819 1725 3927 aliquando

304 3948 627 4054 redarguebantur
650 3949 923 4055 dispensatores
948 3979 970 4025 a
993 3950 1250 4055 superioribus
1269 3952 1419 4059 quando
1438 3950 1627 4028 faciebant
1646 3951 1725 4029 elle-

304 4079 466 4156 mosinas
486 4107 560 4185 que
580 4079 803 4158 videbantur
827 4081 880 4157 eis
905 4109 985 4158 esse
1010 4082 1123 4158 nimis
1146 4111 1297 4189 magne,
1323 4101 1362 4161 et
1379 4083 1486 4190 quod
1500 4083 1723 4163 ellemosine

306 4222 409 4282 erant
428 4209 479 4283 ita
497 4237 607 4313 parve
632 4211 737 4316 quod
762 4210 869 4314 pauci
896 4238 1080 4317 pauperes
1105 4213 1303 4290 veniebant
1322 4214 1370 4290 ad
1390 4241 1475 4306 eos,
1496 4213 1724 4320 hospitalita-

303 4349 381 4408 tem
405 4333 502 4413 bene
528 4339 722 4415 servabant
747 4356 785 4416 et
810 4339 1008 4432 faciebant,
1038 4359 1076 4418 et
1099 4341 1177 4419 leto
1204 4343 1310 4420 vultu
1333 4343 1455 4423 bonos
1478 4343 1657 4423 homines
1679 4343 1722 4420 ad

303 4491 366 4540 eos
385 4466 576 4544 venientes
594 4468 693 4546 bene
713 4471 960 4578 recipiebant,
983 4490 1021 4548 et
1039 4473 1206 4578 predicta
1231 4475 1322 4551 dixit
1341 4502 1379 4552 se
1400 4473 1537 4553 vidisse
1564 4493 1603 4554 et
1623 4474 1721 4553 audi·

303 4593 394 4669 visse
414 4594 454 4667 in
475 4596 572 4672 dicta
590 4598 704 4676 domo
726 4602 773 4677 de
793 4602 934 4678 Serena
952 4601 1076 4679 Curia.

359 4723 474 4810 Item,
492 4724 540 4798 ad
558 4752 681 4820 xcvm,
701 4757 779 4809 vnn
794 4748 865 4809 etc
886 4732 1061 4810 articulos
1081 4735 1276 4839 respondit
1292 4763 1332 4814 se
1350 4735 1466 4814 nichil
1486 4737 1599 4827 scire3
1616 4734 1718 4813 audi·

303 4850 354 4926 vit
372 4867 498 4926 tamen
523 4852 594 4928 dici
620 4855 666 4931 ab
691 4858 881 4966 aliquibus
902 4862 1080 4941 fratribus
1105 4861 1193 4940 dicti
1216 4865 1376 4955 ordinis,
1398 4894 1440 4943 ac
1469 4864 1675 4973 specialiter
1696 4891 1717 4939 a
