4080 6052
534 547 603 622 roa
916 527 1112 621 esoces
1137 544 1231 617 nus
1255 542 1562 618 rennuens.

528 688 723 797 quoddam
743 687 864 792 capud
882 685 1006 769 fuerat
1024 687 1191 774 cinctum
1202 659 1377 792 predicta
1401 681 1573 772 cordula,
1586 680 1663 785 sed
1686 680 1808 756 nescit
1830 681 1980 789 quod„

528 849 598 898 nec
617 818 714 897 illud
731 818 836 912 vidit.
849 817 972 909 Item,
993 818 1089 897 dixit
1104 817 1210 924 quod
1227 814 1420 921 predictus
1442 812 1578 925 miles,
1600 810 1667 917 qui
1685 837 1776 887 eum
1794 812 1954 919 recepit,
1999 817 2004 829 '

529 951 717 1031 osculatus
740 949 815 1026 fuit
836 949 962 1055 ipsum
986 963 1245 1054 testem-post
1268 947 1388 1053 ipsam
1407 944 1685 1050 recepciouem‚
1707 943 1748 1018 iu
1768 971 1852 1030 ore,
1871 971 1958 1050 pre·

529 1080 699 1158 sentibus
715 1078 892 1156 fratribus
909 1108 975 1185 qur
966 1079 1177 1156 adherant
1192 1076 1424 1183 recepcioni;
1442 1073 1688 1183 postmodum
1705 1073 1809 1151 idem
1827 1073 1955 1160 miles

530 1241 616 1293 eum
637 1210 817 1293 duxisset
822 1237 913 1288 eum
932 1226 1035 1287 retro
1055 1207 1187 1300 uitare,
1207 1205 1284 1285 fuit
1298 1234 1390 1322 eum
1410 1204 1627 1284 osmlatus
1617 1231 1658 1280 rn
1676 1221 1829 1309 pectore
1850 1221 1891 1282 et
1907 1205 1957 1281 in·

531 1340 797 1447 torscapulas
786 1368 827 1421 ru
844 1368 955 1419 carne
969 1340 1084 1418 nuda.
1098 1341 1211 1427 Item
1232 1337 1328 1416 dixit
1344 1307 1561 1446 predictum
1582 1334 1743 1413 militem
1762 1351 1856 1412 tunc
1873 1362 1957 1480 pre-

532 1473 672 1577 cepisse
691 1471 817 1549 eidem
832 1471 937 1577 qnod
953 1469 1167 1575 supradicta
1180 1484 1330 1547 teneret
1343 1485 1485 1547 secrete
1503 1485 1541 1545 et
1556 1493 1672 1572 super
1684 1466 1758 1542 hoc
1771 1466 1955 1572 recepisse

527 1600 788 1705 juramentum
808 1598 854 1674 ab
879 1626 941 1690 eo,
968 1598 1139 1676 faciendo
1159 1599 1283 1702 ipsum
1303 1599 1431 1706 jurare
1453 1625 1568 1703 super
1588 1596 1780 1703 quendum
1799 1595 1953 1673 librum.

532 1728 750 1835 Requisitus
773 1730 820 1806 de
842 1730 1016 1834 tempore
1038 1728 1137 1804 dicte
1164 1736 1241 1804 sue
1254 1727 1488 1832 recepcionis
1513 1743 1552 1803 et
1575 1726 1623 1803 de
1648 1702 1958 1817 astantibus‚'re·

532 1859 685 1964 spondit
709 1859 843 1941 decem
858 1886 985 1937 annos
1009 1885 1089 1937 osse
1106 1857 1167 1934 tel
1191 1857 1287 1937 cirea
1310 1856 1415 1963 quod
1438 1855 1562 1934 fueret
1580 1874 1767 1961 receptus,
1788 1871 1830 1932 et
1847 1858 1958 1961 quod

531 1987 681 2068 suerent
698 2006 893 2095 presentes
910 2015 964 2067 1111
982 1986 1113 2067 fratres
1129 1986 1221 2066 dicti
1237 1986 1381 2067 ordinis
1407 2015 1495 2063 cum
1513 1986 1620 2063 dicto
1633 2003 1841 2093 receptore,
1859 1984 1957 2063 vide

532 2118 620 2203 licet
647 2117 761 2209 frater
784 2117 1008 2224 haynaldus,
1027 2117 1237 2223 predictus,
1264 2114 1379 2193 frater
1421 2116 1650 2221 Stephanus,
1681 2133 1772 2192 tunc
1799 2115 1956 2222 claviger

535 2246 625 2324 dicti
649 2247 737 2339 loci,
753 2247 883 2326 frater
900 2247 1144 2327 Theobaldus
1167 2247 1336 2337 Mundies
1359 2247 1484 2333 miles
1517 2246 1631 2324 frater
1655 2247 1870 2353 Stephanus
1897 2247 1953 2322 Pi·

533 2376 634 2459 cardi
659 2377 933 2484 carpeutrarius
952 2377 1041 2457 dicti
1062 2378 1152 2468 loci,
1173 2406 1270 2486 quos
1291 2406 1425 2455 omnes
1447 2377 1540 2453 dixit
1563 2367 1700 2455 obiisse
1722 2393 1852 2481 preter
1874 2405 1953 2549 pre

534 2525 724 2611 ceptorum
743 2509 967 2615 predictum
1492 2543 1499 2553 ·
1551 2539 1553 2543 ’

588 2640 821 2747 Requisitus,
840 2668 872 2719 ει
861 2639 1028 2720 sciebat
1044 2639 1187 2743 aliquas
1202 2640 1457 2717 observancias
1471 2638 1561 2721 dicti
1582 2639 1741 2728 ordinis,
1761 2638 1954 2744 respondit

533 2770 640 2872 quod
652 2770 877 2875 jejunabant
888 2770 951 2851 ‚vel
963 2770 1127 2877 jejunari
1145 2769 1337 2847 debebant
1352 2798 1388 2851 v1
1404 2769 1497 2847 feria
1514 2800 1534 2847 a
1553 2772 1650 2849 sesto
1668 2771 1853 2850 Omnium
1872 2772 1954 2849 San

535 2913 682 2973 ntorum
702 2899 760 2975 vel
784 2901 879 2979 eirca
903 2929 1024 3008 usque
1049 2900 1099 2978 ad
1121 2901 1275 2993 Pascha,
1298 2918 1337 2978 et
1359 2918 1519 2980 extunc
1541 2903 1607 3009 qui
1632 2901 1811 2981 volebant
1832 2919 1872 2978 et
1889 2929 1955 3007 per

534 3027 739 3130 quemdam
759 3030 1092 3136 Quadragesimam
1108 3049 1192 3109 ante
1209 3032 1560 3122 Natalem-Domini,
1580 3049 1619 3110 et
1635 3032 1812 3108 dicebant
1824 3031 1882 3109 vel
1899 3032 1952 3108 di·

535 3183 618 3241 cere
638 3157 958 3246 debebant-*inter
975 3160 1077 3237 diem
1098 3180 1137 3238 et
1152 3158 1308 3238 noctem
1317 3190 1386 3268 pro
1405 3158 1495 3239 'vivis
1508 3181 1546 3239 et
1565 3162 1768 3251 defunctis,
1785 3189 1834 3239 nx
1848 3163 1952 3239 Pater

535 3303 662 3364 noster
682 3305 721 3373 et
739 3288 814 3366 Ave
838 3291 972 3382 Maria,
995 3309 1033 3368 et
1051 3316 1120 3397 pro
1141 3290 1298 3397 singulis
1318 3294 1421 3370 horis
1441 3293 1633 3376 canonicis.
1647 3292 1723 3368 diei
1743 3293 1871 3369 novies
1889 3296 1953 3369 Pa·

533 3434 591 3494 ter
610 3437 749 3506 noster,
771 3437 815 3497 ut
828 3420 906 3499 ‘sibi
926 3421 1086 3513 videtur,
1109 3439 1147 3510 et
1166 3449 1235 3527 pro
1254 3423 1411 3528 singulis
1429 3424 1533 3500 horis
1552 3424 1661 3500 beate
1681 3424 1952 3529 Mariesepties

532 3547 606 3625 Ave
624 3551 755 3637 Maris,
773 3569 817 3629 ut
832 3552 903 3629 sibi
920 3552 1079 3630 videtur.
1097 3554 1328 3659 Requisitus‚
1351 3555 1381 3630 si
1402 3555 1464 3630 ille
1485 3556 1552 3660 qui
1572 3555 1740 3661 precepit
1759 3554 1830 3632 sibi
1850 3554 1951 3661 quod

532 3679 734 3786 abnegaret
756 3683 913 3759 Jhesum
933 3700 972 3758 et
992 3683 1097 3789 quod
1119 3702 1272 3789 spueret
1294 3713 1407 3790 super
1433 3713 1582 3760 crucem
1601 3682 1768 3760 reddidit
1791 3685 1862 3760 sibi
1888 3684 1951 3760 ali-

531 3838 644 3914 quam
670 3841 820 3890 causam
838 3813 897 3890 vel
916 3813 1105 3890 racionem
1128 3843 1243 3920 quare
1266 3815 1353 3890 talia
1379 3814 1531 3900 faceret,
1557 3816 1752 3920 respondit
1770 3815 1876 3921 quod
1897 3815 1950 3891 di·

533 3957 613 4019 ctus
637 3942 746 4021 miles
770 3944 841 4023 sibi
871 3945 963 4021 dixit
987 3944 1092 4050 quod
1115 3944 1165 4021 ita
1188 3945 1402 4022 servabatur
1427 3947 1466 4022 in
1492 3946 1639 4033 ordine,
1663 3946 1772 4021 aliam
1803 3973 1949 4022 causam

533 4074 689 4151 nec-sibi
710 4075 804 4153 dixit
823 4104 893 4153 nec
911 4103 1065 4181 presens
1083 4076 1189 4153 testis
1209 4077 1288 4153 soit.
1318 4077 1427 4167 Item,
1455 4077 1548 4154 dixit
1571 4076 1675 4183 quod
1694 4075 1846 4180 quando
1865 4076 1952 4151 fecit

531 4200 820 4310 abuegacionem
837 4225 875 4284 et
886 4207 1119 4311 spuicionem
1141 4208 1326 4311 predictas
1346 4227 1384 4283 et
1403 4207 1724 4284 deosculacionem
1741 4204 1780 4279 in
1796 4221 1949 4308 pectore

531 4348 568 4406 et
584 4330 623 4407 in
644 4336 819 4441 scapulis,
838 4336 967 4415 nullus
988 4355 1066 4414 erat
1082 4337 1148 4443 qui
1168 4338 1312 4415 videret
1330 4338 1401 4415 nisi
1423 4338 1500 4442 ipse
1520 4336 1625 4414 testis
1646 4353 1683 4412 et
1701 4335 1823 4411 dictus
1842 4335 1950 4412 miles

531 4490 618 4538 eum
639 4466 837 4569 recipiens,
854 4466 924 4545 sed
944 4466 1116 4543 osculum
1136 4467 1241 4544 horis
1257 4467 1354 4545 bene
1371 4467 1547 4543 viderunt
1566 4467 1627 4542 alii
1647 4466 1777 4542 fratres
1798 4493 1949 4571 presen-

530 4608 598 4666 tes.
615 4594 720 4678 Item,
741 4596 954 4698 requisitus,
975 4623 1021 4673 en
1036 4596 1109 4673 hoc
1121 4597 1213 4674 vidit
1226 4599 1265 4673 in
1277 4598 1359 4674 aliis
1374 4598 1411 4672 in
1425 4596 1556 4674 ordine
1573 4596 1724 4686 servari,
1740 4595 1833 4672 dixit
1847 4594 1946 4701 quod

529 4719 625 4821 ipse,
646 4749 714 4823 per
733 4737 811 4797 rnr⁰¹
831 4752 946 4802 annos
965 4726 1024 4824 vel
1043 4726 1137 4806 circa
1155 4745 1241 4832 post
1259 4756 1366 4805 suam
1390 4728 1663 4832 recepcionern‚
1685 4726 1778 4802 vidit
1796 4727 1836 4801 in
1853 4725 1945 4799 dicta

531 4849 645 4927 domo
666 4852 813 4956 Templi
834 4853 881 4928 de
905 4856 1063 4959 Rupella
1082 4857 1120 4932 in
1140 4858 1302 4963 quadarn
1324 4886 1467 4936 camera
1492 4859 1531 4934 in
1551 4858 1702 4935 fratrem
1723 4858 1839 4963 recipi
1859 4855 1944 4932 dicti
