4080 6052
346 546 422 641 aar
732 533 928 626 rnocts
953 553 1050 627 nus
1076 553 1379 628 reuertens.

345 690 510 766 multum
534 690 582 767 de
613 692 783 796 captione
808 693 1127 799 Templariorum,
1152 711 1305 799 propter
1335 691 1601 770 revelationem
1628 695 1765 778 Iedita·

344 839 427 898 tum
456 821 726 926 predictarum,
749 840 788 899 et
811 824 859 900 de
886 824 1062 931 Caynone
1086 823 1173 915 luit,
1194 840 1237 899 ut
1262 823 1370 912 dixit,
1394 823 1578 902 adductus
1596 827 1764 907 Turonis

345 952 394 1028 ad
412 951 612 1029 dominum
631 953 953 1058 archiepiscopum
968 956 1248 1039 Turonensem,
1270 971 1309 1030 et
1324 951 1515 1032 confessus
1536 954 1610 1033 luit
1636 959 1763 1062 predi-

344 1099 400 1158 cta
420 1110 543 1158 coram
564 1109 609 1157 eo
629 1099 774 1189 sponte.
795 1084 1012 1189 Requisitus
1030 1084 1060 1158 si
1081 1083 1204 1188 aliqua
1225 1083 1296 1158 alia
1318 1083 1474 1161 luerunt
1496 1085 1568 1162 sihi
1587 1105 1762 1194 precepta

342 1211 400 1288 vel
424 1211 517 1288 lacta
546 1213 586 1289 in
611 1213 829 1318 recepcione
854 1241 938 1302 sua,
966 1212 1159 1318 respondit
1187 1213 1292 1319 quod
1317 1211 1487 1289 fecerunt
1514 1241 1605 1290 eum
1633 1216 1760 1323 jurare

341 1343 447 1449 quod
467 1359 630 1419 servaret
648 1358 782 1418 statuta
803 1359 841 1417 et
860 1358 998 1447 puncta
1022 1342 1180 1430 ordinis,
1203 1360 1241 1418 et
1258 1342 1363 1448 quod
1382 1371 1459 1419 non
1478 1345 1661 1422 revelaret
1676 1375 1762 1453 pre-

342 1472 455 1558 dicta,
477 1501 548 1547 nec
566 1488 753 1548 accusaret
772 1499 878 1563 eum,
901 1489 938 1548 et
956 1472 1061 1579 quod
1075 1488 1235 1548 servaret
1250 1472 1337 1578 jura
1351 1474 1516 1580 Templi,
1537 1493 1575 1551 et
1593 1478 1760 1582 predicta

335 1603 475 1706 juravit
491 1630 605 1706 super
621 1600 824 1709 quemdam
843 1600 996 1678 librum.
1016 1603 1127 1689 Item,
1148 1602 1241 1677 dixit
1259 1602 1364 1708 quod
1381 1621 1467 1710 post
1482 1605 1670 1710 predicta,
1690 1607 1776 1711 luit¹

341 1732 529 1810 osculatus
544 1732 686 1811 dictum
700 1749 932 1839 receptorem
951 1732 1074 1837 primo
1094 1733 1133 1808 in
1153 1759 1237 1823 ore,
1257 1749 1395 1838 etpost
1412 1734 1451 1809 in
1473 1734 1634 1813 humero
1647 1766 1762 1845 super

340 1890 489 1941 carnem
508 1862 666 1951 nudam,
686 1863 804 1939 nescit
818 1879 945 1938 tamen
963 1863 1002 1937 in
1021 1890 1098 1967 quo
1121 1863 1298 1953 humero,
1319 1861 1460 1940 scilicet
1477 1864 1608 1942 dextro
1628 1867 1688 1943 vel
1708 1871 1761 1946 si-

229 2062 232 2067 .
340 1993 473 2080 nistro,
495 1976 534 2069 et
555 1992 648 2069 dixit
671 1993 777 2099 quod
799 1992 920 2070 dictus
944 2009 1115 2098 receptor
1140 2021 1217 2070 non
1235 1992 1406 2098 spoliavit
1427 2020 1484 2085 se,
1507 1995 1575 2072 sed
1591 1997 1760 2078 dissolvit

339 2124 522 2230 quosdam
541 2122 704 2200 nodulos
721 2151 817 2230 quos
836 2123 1007 2230 portabat
1027 2151 1140 2228 super
1159 2124 1349 2200 humeros.

394 2255 505 2342 Item,
524 2254 727 2360 requisitus
746 2282 861 2360 super
872 2280 986 2333 v-vnr
1000 2251 1181 2342 articulis,
1197 2255 1244 2330 de
1261 2254 1596 2360 dogmatizacione,
1614 2273 1704 2350 ete,
1720 2274 1757 2336 et

337 2385 443 2491 quod
461 2413 538 2461 non
557 2383 746 2462 habebant
762 2413 866 2491 spem
886 2385 1111 2473 salvationis,
1132 2401 1221 2473 ete,
1240 2383 1435 2491 respondit
1450 2411 1489 2460 se
1506 2384 1627 2462 nichil
1643 2387 1754 2477 scire,

297 2605 301 2612 Ι
337 2542 406 2593 nec
423 2514 606 2594 audivisse
630 2514 677 2591 de
700 2515 884 2595 contentis
901 2516 947 2626 in¹
963 2515 1053 2620 ipsis
1070 2513 1250 2604 articulis,
1270 2512 1389 2589 credit
1403 2531 1532 2590 tamen
1551 2515 1659 2621 quod
1676 2515 1755 2594 aliis

337 2647 552 2723 dicerentur
569 2645 751 2756 predicta,
770 2672 999 2749 quamquam
1019 2672 1095 2720 non
1115 2643 1270 2720 luerunt
1287 2643 1358 2720 sibi
1379 2643 1491 2732 dicta,
1511 2661 1669 2750 propter
1685 2646 1756 2724 alia

335 2803 410 2880 que
435 2774 506 2850 sibi
531 2774 628 2849 dicta
651 2772 805 2848 luerunt
829 2772 1037 2878 dequibus
1061 2801 1172 2879 supra
1196 2773 1381 2878 deposuit.
1402 2773 1583 2850 Finaliter
1605 2791 1751 2865 tamen,

336 2921 535 3010 antequam
560 2920 658 2979 esset
682 2903 910 2979 examinatus
934 2931 1047 3007 super
1066 2903 1192 3009 aliquo
1211 2904 1284 2980 alio
1303 2902 1475 2994 articulo,
1497 2902 1593 2979 dum
1611 2905 1755 3010 pluries

335 3049 568 3139 repeteretur
596 3031 667 3108 sibi
696 3033 935 3138 interrogatio
962 3032 1187 3138 supradicta,
1222 3032 1315 3109 dixit
1337 3031 1442 3137 quod
1470 3059 1548 3109 non
1578 3033 1755 3110 credebat

228 3234 232 3242 .
336 3189 415 3238 esse
440 3162 539 3252 v'era,
562 3147 650 3268 quia
678 3191 754 3238 non
778 3161 1021 3244 fuerantsibi
1046 3164 1141 3239 dicta
1163 3163 1202 3237 in
1227 3161 1443 3267 recepcione
1464 3191 1543 3238 sua.

390 3293 501 3372 Item.
527 3292 730 3398 requisitus
750 3322 864 3398 super
882 3320 1041 3371 vnn-run
1060 3293 1239 3385 articulis,
1261 3293 1309 3368 de
1329 3293 1539 3398 spuicione,
1559 3294 1753 3370 conculca-

334 3423 440 3498 cione
457 3438 495 3497 et
508 3422 691 3499 mixcione
706 3450 820 3527 super
833 3450 998 3514 crucem,
1018 3420 1211 3527 respondit
1225 3449 1263 3497 se
1283 3422 1400 3498 nichil
1415 3422 1522 3512 scire,
1544 3420 1616 3496 nisi
1631 3449 1750 3526 quam

332 3580 444 3658 supra
458 3551 633 3658 deposuit
646 3551 692 3626 de
708 3580 747 3626 se
762 3552 858 3656 ipso,
876 3581 945 3627 nec
958 3551 1140 3627 audivisse
1155 3551 1247 3638 dici;
1263 3551 1355 3655 quin
1369 3552 1444 3626 imo
1459 3549 1548 3626 dixit
1557 3574 1596 3624 se
1608 3549 1750 3628 vidisse

332 3681 370 3755 in
387 3681 483 3756 dicta
502 3682 615 3756 domo
629 3681 675 3756 de
697 3680 818 3757 insula
834 3681 1016 3757 Bochardi
1032 3681 1137 3786 quod
1152 3679 1282 3755 fratres
1300 3681 1418 3785 ipsius
1432 3678 1572 3757 ordinis
1587 3678 1750 3756 humili-

329 3829 387 3888 ter
404 3828 443 3886 ct
461 3811 593 3887 devote
611 3811 723 3887 nudis
740 3811 901 3917 pedihus
918 3810 1122 3888 adorabant
1139 3838 1288 3886 erucem
1308 3810 1347 3886 in
1364 3810 1425 3887 die
1437 3809 1594 3889 Veneris
1611 3798 1747 3887 sancta.

384 3942 495 4028 Item,
518 3940 721 4049 requisitus
735 3969 848 4047 super
864 3968 922 4019 xiv
940 3959 978 4017 et
992 3967 1039 4019 xv
1061 3940 1240 4026 articulis,
1258 3940 1305 4016 de
1321 3940 1538 4017 adoratione
1553 3956 1592 4016 et
1605 3941 1746 4047 appari·

329 4071 434 4147 cione
453 4071 538 4163 cati,
561 4088 647 4162 cto,
670 4071 863 4177 respondit
880 4099 918 4147 se
934 4069 1050 4146 nichil
1070 4070 1175 4146 scire.
1194 4068 1346 4146 Audivit
1362 4087 1488 4146 tamen
1509 4069 1584 4146 dici
1606 4099 1628 4145 a
1644 4070 1745 4147 Iami-

328 4199 481 4277 liarihus
505 4200 594 4277 dicti
618 4202 847 4306 preceptoris
875 4201 921 4276 de
949 4199 1071 4276 insula
1091 4199 1291 4285 Bochardi,
1313 4201 1466 4307 quando
1487 4199 1680 4278 redierant
1698 4199 1741 4276 de

327 4329 487 4435 capitulo
511 4330 667 4407 fratrum
688 4331 794 4437 quod
817 4347 1016 4407 tenuerant
1040 4329 1140 4435 apud
1159 4330 1306 4421 Auson,
1335 4331 1441 4436 quod
1463 4329 1624 4436 quidam
1645 4346 1741 4411 catus

325 4478 544 4567 apparuerat
576 4459 753 4537 fratribus
782 4460 821 4535 in
854 4461 952 4537 dicto
979 4459 1153 4565 capitulo.
1176 4461 1427 4565 Interrogatus
1453 4458 1500 4535 de
1525 4459 1741 4536 nominibus

325 4590 476 4667 illorum
496 4591 670 4697 aquibus
689 4591 761 4666 hec
781 4588 985 4681 audiverat,
1002 4607 1039 4665 et
1053 4590 1204 4694 quando
1226 4606 1263 4666 et
1283 4589 1321 4665 in
1341 4618 1418 4695 quo
1436 4588 1537 4681 loco,
1550 4587 1741 4696 respondit

325 4719 428 4823 quod
448 4749 468 4794 a
486 4719 691 4798 Guillelmo
711 4717 884 4796 Pictavini
911 4737 948 4796 et
966 4719 1155 4825 Raynaldo
1177 4719 1356 4808 Britonis,
1378 4718 1529 4796 lamuhs
1550 4717 1739 4826 quondam

325 4845 415 4924 dicti
437 4849 680 4956 preceptoris,
702 4877 864 4954 quorum
883 4878 998 4940 unus,
1020 4849 1160 4927 scilicet
1177 4848 1403 4928 Guillelmus
1423 4849 1619 4938 Pictavini,
1639 4873 1740 4924 mor
