4080 6052
333 552 416 624 sis
727 535 922 628 enocts
950 551 1046 633 ons
1072 550 1377 623 sunericus.

339 694 432 770 dixit
445 721 521 769 uon
536 691 649 770 fuisse
666 693 706 767 in
720 722 788 769 sua
801 693 1019 798 recepcione
1033 691 1212 796 predicta.
1234 688 1456 796 Requisitus
1471 716 1546 795 qua
1560 689 1656 766 hora
1672 718 1773 769 rece

337 840 425 928 ptus
442 823 577 914 luerat,
594 823 789 928 respondit
808 824 912 929 quod
935 825 982 899 de
1004 821 1064 897 die
1081 820 1119 896 in
1138 849 1248 896 mane
1267 816 1352 896 ante
1368 820 1533 896 missam
1548 820 1769 927 Requisitus

338 954 377 1028 in
391 982 467 1061 quo
487 954 569 1030 loco
588 953 687 1029 dicte
706 953 860 1030 ecclesie
877 953 998 1028 luerat
1010 968 1205 1056 receptus,
1221 951 1419 1055 respondit
1431 950 1537 1056 quod
1549 969 1636 1027 ante
1649 952 1767 1030 altare

340 1101 378 1159 et
398 1085 438 1158 in
457 1084 593 1161 eodem
618 1082 700 1158 loco
728 1081 822 1158 dixit
844 1082 959 1159 luisse
982 1099 1062 1158 acta
1088 1081 1215 1157 omnia
1234 1108 1310 1186 que
1331 1107 1446 1185 supra
1465 1080 1658 1186 deposuit,
1680 1112 1766 1189 pre-

337 1204 506 1291 sentibus
522 1210 701 1289 fratribus
721 1212 955 1318 supradictis.
975 1211 1192 1318 Requisitus
1213 1212 1243 1288 si
1264 1212 1557 1300 duxeranteum
1575 1213 1625 1288 ad
1645 1211 1765 1293 alium

338 1343 465 1421 locum
484 1344 523 1421 iu
544 1343 642 1420 dicta
667 1371 734 1420 sua
758 1343 993 1449 recepcione,
1015 1342 1214 1448 respondit
1239 1342 1345 1448 quod
1368 1369 1459 1418 nou.
1485 1343 1706 1449 Requisitus
1725 1348 1764 1423 iu

335 1476 476 1580 quibus
489 1474 655 1551 vestibus
671 1474 869 1551 intraverat
885 1474 1023 1551 dictam
1040 1473 1237 1551 ecclesiam
1250 1473 1404 1578 quando
1421 1500 1510 1550 eum
1525 1496 1760 1581 receperunt,

335 1606 531 1710 respondit
549 1606 656 1711 quod
673 1605 712 1680 iu
735 1606 901 1683 restibus
921 1607 1076 1683 radiatis
1090 1635 1187 1712 quas
1207 1605 1310 1682 exuit
1329 1622 1430 1682 retro
1451 1605 1567 1681 altare
1587 1624 1625 1684 et
1644 1609 1761 1684 eciam

334 1737 637 1845 supercamisiam
658 1755 695 1813 et
715 1736 927 1826 femorales,
953 1755 991 1814 et
1010 1738 1128 1813 eciam
1154 1737 1291 1843 caligas
1310 1753 1347 1813 et
1371 1736 1573 1828 sutulares,
1600 1738 1762 1817 videnti-

335 1870 406 1946 bus
423 1868 601 1947 lratribus
620 1871 852 1956 memoratis,
872 1887 911 1946 et
927 1872 1173 1976 postmodum
1191 1869 1316 1945 induit
1333 1868 1422 1945 alias
1440 1885 1561 1946 vestes
1580 1896 1690 1948 novas
1708 1871 1760 1948 de

335 2001 535 2089 camelino,
561 2018 598 2076 et
623 2001 778 2075 mutavit
801 2000 912 2076 aliam
938 2000 1144 2089 camisiam,
1168 2000 1317 2104 brugas,
1342 1999 1475 2108 caligas
1502 2017 1541 2076 et
1561 2000 1759 2081 sotulares.

336 2130 551 2234 Requisitus
570 2130 601 2205 si
617 2129 742 2236 aliqua
758 2130 872 2207 verba
891 2131 1126 2236 persuasoria
1146 2131 1323 2208 dixerunt
1340 2130 1412 2207 sibi
1428 2098 1584 2237 plopter
1601 2159 1678 2238 que
1695 2132 1759 2210 de-

246 2244 249 2249 *
335 2259 441 2335 beret
462 2258 582 2336 lacere
607 2259 767 2367 illaque
793 2288 909 2365 supra
936 2261 1112 2365 deposuit
1139 2277 1177 2336 et
1201 2261 1308 2366 quod
1334 2288 1378 2336 ex
1402 2260 1476 2336 hoc
1498 2279 1760 2367 assequeretur

333 2388 499 2496 aliquam
525 2389 727 2466 utilitatem
754 2391 881 2468 anime
909 2390 969 2468 vel
996 2391 1180 2500 corporis,
1203 2390 1541 2497 :responditquod
1566 2419 1661 2482 nen,
1694 2393 1768 2473 sed

333 2537 584 2625 preceperunt
600 2522 706 2627 quod
723 2520 860 2597 laceret
875 2521 1098 2626 supradicta.
1119 2521 1335 2627 Requisitus
1353 2521 1440 2626 quis
1456 2504 1679 2626 preceperat
1690 2521 1759 2599 sibi

335 2651 561 2756 supradicta,
585 2651 782 2757 respondit
802 2652 908 2756 quod
930 2651 1053 2728 dictus
1074 2651 1183 2728 miles
1203 2652 1268 2757 qui
1289 2669 1481 2757 receperat
1500 2681 1604 2729 eum.
1625 2654 1760 2759 Requi·

336 2783 433 2858 situs·
454 2809 522 2884 per
548 2809 622 2887 que
649 2781 762 2858 verba
788 2798 1007 2887 preceperat
1034 2783 1176 2874 eidem,
1203 2783 1399 2888 respondit
1425 2783 1532 2888 quod
1560 2783 1600 2861 iu
1624 2784 1757 2860 virtute

337 2911 553 2988 sacramenti
574 2911 718 3016 prestiti
745 2941 813 3017 per
837 2941 937 2988 eum.
960 2913 1176 3019 Requisitus
1195 2942 1312 3020 quare
1333 2913 1405 2990 suit
1424 2914 1625 2991 inclinatus
1643 2915 1691 2992 ad
1705 2915 1758 2991 la-

336 3041 513 3117 ciendum
528 3042 716 3145 predicta‚
738 3044 935 3148 respoudit
964 3045 1068 3150 quod
1094 3073 1171 3121 non
1196 3044 1373 3121 credebat
1400 3046 1454 3122 ire
1481 3062 1609 3123 contra
1633 3046 1757 3124 Deum

337 3172 400 3246 illa
417 3170 605 3263 iaciendo,
629 3189 666 3248 et
684 3173 772 3278 quia
789 3175 1054 3281 requirebatur
1071 3176 1141 3252 sub
1157 3177 1375 3282 juramento
1392 3177 1552 3282 prestito
1569 3206 1639 3283 per
1657 3205 1754 3254 eum.

336 3303 552 3409 Requisitus
572 3304 602 3379 si
624 3332 700 3380 non
722 3305 899 3381 credebat
920 3333 999 3381 esse
1018 3323 1213 3411 peccatum
1232 3333 1368 3411 spuere
1389 3335 1501 3412 supra
1520 3288 1684 3399 crucem,
1707 3334 1760 3383 re

335 3436 486 3540 spondit
511 3437 616 3542 quod
640 3435 708 3528 sic,
731 3438 798 3512 sed
823 3436 982 3513 laci’ebat
1005 3438 1094 3544 quia
1118 3437 1385 3544 requirebatur
1408 3439 1480 3516 sub
1504 3438 1630 3514 debito
1648 3438 1755 3542 jura-

338 3583 464 3642 mento
494 3595 563 3671 per
592 3595 681 3643 eum
710 3569 878 3674 prestito
909 3569 1125 3675 Requisitus
1149 3570 1328 3676 quociens
1353 3571 1455 3676 spuit
1477 3595 1587 3674 super
1613 3566 1753 3643 dictam

338 3722 499 3789 crucem,
518 3697 714 3802 respoudit
733 3699 837 3805 quod
859 3699 995 3786 semel,
1017 3716 1056 3776 et
1075 3701 1179 3807 quod
1194 3719 1345 3806 spuerat
1365 3727 1479 3806 super
1495 3699 1634 3806 pedem
1655 3698 1753 3774 dicte

338 3827 468 3904 crucis.
490 3828 707 3933 Requisitus
726 3829 774 3904 de
795 3858 871 3936 quo
888 3848 966 3908 erat
986 3829 1084 3906 dicta
1104 3860 1208 3921 cmx,
1231 3831 1425 3936 respoudit
1441 3831 1547 3936 quod
1567 3830 1614 3905 de
1635 3830 1753 3937 ligno,

339 3974 377 4032 et
400 3958 504 4064 quod
528 3975 607 4034 erat
624 3959 722 4064 picta
742 3960 866 4037 colore
891 3961 1011 4038 rubeo
1035 3978 1072 4037 et
1095 3962 1222 4049 viridi,
1246 3979 1284 4038 ct
1304 3979 1382 4039 erat
1401 3962 1453 4038 ibi
1473 3942 1608 4068 ymago
1628 3961 1753 4041 Cruci-

338 4087 417 4174 fixi,
444 4107 482 4166 et
506 4106 586 4165 erat
609 4090 720 4196 longa
745 4093 793 4168 ad
818 4091 935 4168 instar
957 4092 1086 4168 cubiti.
1115 4092 1329 4198 Requisitus
1349 4093 1415 4169 ubi
1444 4110 1523 4169 erat
1547 4093 1648 4170 dicta
1667 4121 1750 4169 crux

336 4220 488 4322 qnando
513 4220 615 4325 spuit
638 4249 753 4327 super
776 4249 859 4297 eam
885 4239 922 4298 et
945 4224 1100 4328 quaudo
1125 4223 1353 4299 conculcavit
1378 4251 1460 4299 eam
1483 4222 1665 4329 pedibus,
1695 4249 1750 4298 re-

338 4348 489 4454 spondit
512 4351 617 4456 quod
641 4352 765 4429 dictus
787 4354 896 4429 miles
919 4354 1074 4430 tenebat
1093 4353 1231 4429 dictam
1258 4381 1409 4429 crucem
1425 4354 1464 4428 iu
1485 4353 1663 4429 manibus
1681 4352 1752 4431 suis

337 4481 490 4585 quando
507 4483 608 4587 spuit
624 4511 737 4590 super
755 4513 853 4572 eam,
876 4486 943 4560 sed
960 4484 1112 4591 mando
1134 4484 1361 4561 conculcavit
1377 4485 1505 4590 posuit
1521 4511 1604 4560 eam
1626 4485 1665 4559 iu
1684 4500 1753 4560 ter-

338 4635 430 4684 ram.
451 4611 664 4716 Requisitus
683 4615 824 4721 quibus
844 4615 980 4691 diebus
999 4615 1223 4722 jejunabant
1247 4615 1379 4693 fratres
1404 4617 1493 4692 dieti
1514 4615 1674 4702 ordinis,
1695 4640 1749 4689 re·

339 4739 490 4841 spondit
506 4739 612 4844 quod
623 4741 818 4850 invigiliis
831 4746 1086 4852 apostolorum
1108 4747 1198 4822 etin
1213 4748 1507 4856 Quadragesima
1522 4775 1543 4823 a
1558 4743 1747 4825 Doniuica

338 4884 423 4945 ante
443 4867 580 4944 festum
599 4873 713 4948 saneti
730 4877 880 4953 Martini
900 4903 1021 4982 usque
1042 4878 1089 4954 ad
1103 4878 1230 4955 Natale
1251 4895 1289 4954 et
1309 4879 1348 4955 iu
1368 4879 1442 4956 alia
1458 4874 1745 4984 Quadragesima
