4080 6052
689 523 885 620 prosus
909 543 1004 617 uns
1029 536 1327 621 rumpamus.
1645 539 1714 612 ssi

305 678 429 757 iuerat
467 708 535 785 per
573 680 779 777 dominum,
802 685 1020 791 episcopum
1057 681 1321 773 Parisiensem,
1356 678 1598 787 postmodum
1637 680 1718 756 radi

304 807 441 886 fecerat
465 810 536 887 sibi
561 809 728 892 barbam.
750 815 874 894 Lectis
895 829 1024 893 autem
1052 828 1090 891 et
1113 811 1314 920 diligenter
1342 809 1518 921 expositis
1543 807 1614 886 sibi
1637 836 1719 885 om·

305 939 415 1016 nibus
431 958 469 1017 et
493 940 649 1050 singulis
670 945 852 1038 articulis,
880 944 1063 1053 prmissa
1078 943 1351 1051 protestaeione
1371 940 1477 1050 quod
1494 942 1573 1018 nori
1595 938 1720 1016 inten-

304 1068 417 1146 debat
438 1072 616 1149 recedere
637 1102 658 1149 a
683 1074 924 1182 deposicione
944 1074 1191 1175 Metram
1214 1073 1314 1151 dicto
1344 1072 1500 1150 domino
1525 1069 1717 1177 episcopo,

303 1199 501 1303 respondit
515 1229 553 1278 sc
570 1203 712 1282 nescire
734 1204 782 1282 de
795 1202 1107 1285 connatuirrfois
1124 1202 1198 1281 nisi
1212 1202 1317 1308 quod
1332 1199 1514 1307 sequitur.
1535 1196 1721 1276 Videlicet

303 1327 408 1433 quod
431 1329 508 1435 ipse
529 1352 703 1439 receptus
721 1334 844 1413 lucrat
867 1364 935 1443 per
952 1334 1106 1412 fratrem
1121 1333 1330 1412 Gerardum
1352 1331 1400 1408 de
1413 1307 1614 1410 Villaribus
1635 1355 1721 1434 pre·

304 1475 494 1562 ceptorem
504 1465 776 1558 tuncFrancie,
790 1464 1030 1542 circafestum
1039 1463 1140 1541 beati
1150 1462 1301 1540 Andree
1313 1459 1484 1566 proximo
1497 1456 1721 1564 preteritum

303 1584 458 1665 luerunt
477 1608 619 1697 septem
645 1595 751 1683 anni,
773 1595 813 1671 in
832 1621 979 1670 camera
996 1593 1160 1698 quadam
1178 1592 1315 1669 domus
1335 1587 1486 1696 Templi
1509 1587 1556 1665 de
1577 1584 1722 1670 Gelboe

303 1713 550 1822 Lingonensis
570 1722 748 1814 diocesis,
763 1723 1001 1828 presentibus
1019 1722 1197 1801 fratribus
1217 1718 1372 1796 Alberto
1398 1718 1445 1795 de
1458 1719 1539 1796 Van
1558 1714 1606 1793 de
1627 1718 1723 1793 Tors

304 1844 539 1952 presbytero,
551 1852 750 1930 Jacobode
763 1856 965 1931 Botencort
978 1850 1111 1942 milite,
1122 1849 1325 1927 Lamberto
1335 1847 1383 1924 de
1396 1845 1511 1954 Toysi
1521 1844 1720 1936 serviente,

307 2002 402 2079 quos
422 1978 540 2056 credit
558 1981 696 2074 vivere,
718 1982 757 2058 in
776 1983 880 2059 hunc
896 1981 1081 2061 modum:
1102 2008 1188 2061 nam
1208 2008 1296 2056 cum
1313 1975 1568 2085 requisivisset
1587 2001 1724 2081 panem

307 2121 345 2180 et
365 2134 500 2211 aquam
521 2110 706 2189 societatis
731 2129 770 2189 et
789 2137 996 2218 pauperem
1021 2111 1200 2190 vestitum
1220 2107 1380 2197 ordinis,
1405 2124 1443 2184 et
1465 2105 1666 2184 obtulisset
1684 2132 1723 2182 se

307 2254 490 2341 perpetuo
510 2239 606 2317 velle
622 2269 702 2321 esse
721 2270 868 2320 servum
889 2242 1074 2321 esclavum
1091 2245 1208 2319 Terre
1222 2257 1361 2331 sancte,
1378 2238 1552 2317 dixerunt
1566 2237 1600 2314 ei
1619 2236 1725 2342 quod

306 2365 405 2444 bene
415 2367 657 2461 deliberaret,
666 2372 1005 2482 quiajuveniserat,
1016 2371 1215 2451 etvidebat
1227 2394 1385 2449 eoscum
1400 2394 1536 2477 magno
1547 2382 1725 2472 apparatu

309 2523 493 2602 equorum
509 2520 547 2579 et
565 2504 737 2595 vestium,
762 2521 801 2581 et
817 2505 897 2611 ipse
918 2503 1072 2582 forsitan
1091 2500 1182 2601 ιῴ
1198 2529 1276 2581 non
1288 2498 1457 2592 baberet,
1478 2514 1516 2575 et
1535 2511 1726 2604 oporteret

309 2626 432 2731 ipsum
461 2659 481 2705 a
507 2659 547 2708 se
571 2633 744 2711 abdicare
773 2635 964 2742 propriam
987 2633 1239 2722 voluntatem,
1263 2630 1406 2715 esurire
1435 2627 1587 2735 quando
1614 2623 1726 2702 vellet

309 2758 520 2852 comedere,
542 2763 706 2870 vigillare
725 2764 879 2870 quando
903 2762 1017 2843 vellet
1036 2764 1215 2857 dormire,
1236 2780 1275 2840 et
1294 2759 1415 2840 multa
1434 2760 1529 2838 dura
1548 2775 1586 2834 et
1598 2783 1725 2862 aspera

309 2885 510 2976 sustinere3
527 2907 564 2966 et
585 2920 671 2969 cum
690 2893 946 2999 respondisset
961 2895 1066 3001 quod
1083 2894 1209 2972 omnia
1237 2892 1336 2970 bene
1358 2887 1560 2968 sustineret
1573 2901 1726 2992 propter

308 3014 494 3094 honorem
512 3019 599 3112 Dei,
621 3040 871 3130 preceperunt
897 3026 1003 3131 quod
1034 3024 1150 3102 exiret
1178 3023 1316 3101 dictam
1348 3045 1548 3109 cameram,
1584 3033 1623 3095 et
1653 3015 1726 3122 ipsi

310 3139 581 3240 deliberarent,
607 3170 645 3229 et
671 3182 756 3230 cum
781 3153 1068 3246 deliberassent,
1092 3173 1131 3232 et
1154 3153 1371 3231 reintrasset
1394 3164 1433 3226 et
1455 3146 1629 3254 periisset
1649 3171 1726 3253 que

309 3302 421 3381 supra
446 3294 505 3355 ter
528 3280 767 3388 interpolate,
790 3303 828 3362 et
848 3285 951 3362 idem
980 3285 1052 3363 sibi
1079 3311 1303 3391 responsum
1331 3279 1477 3371 luisset,
1504 3276 1658 3383 prestito
1678 3273 1725 3352 ab

308 3433 354 3482 eo
369 3434 437 3511 per
450 3410 709 3518 juramentum
729 3416 833 3522 quod
852 3443 930 3494 non
951 3431 1030 3493 erat
1052 3415 1194 3494 servilis
1214 3411 1465 3502 condicionis,
1484 3405 1725 3484 matrimonio

307 3535 364 3613 vel
382 3537 489 3617 alteri
510 3540 684 3651 religioni
701 3545 761 3623 vel
782 3545 920 3624 debitis
939 3545 1142 3654 obligatus,
1166 3573 1236 3623 nec
1256 3541 1420 3619 babebat
1441 3535 1586 3645 aliquid
1606 3535 1726 3640 impe·

309 3666 537 3760 dimentum‚
558 3672 729 3752 fecerunt
747 3703 879 3753 vovere
901 3694 940 3753 et
954 3677 1082 3783 jurare
1098 3700 1209 3781 supra
1228 3671 1432 3780 quemdam
1452 3666 1594 3746 librum
1621 3693 1726 3771 aper·

306 3812 406 3882 tum,
428 3797 467 3873 in
489 3827 565 3904 quo
585 3821 664 3879 erat
681 3832 814 3912 ymago
836 3801 1032 3897 Crucifixi,
1052 3804 1276 3893 castitatem,
1301 3797 1577 3889 obedienciam,
1603 3794 1724 3872 vivere

308 3924 387 4001 sine
401 3927 564 4033 proprio,
583 3950 621 4009 et
639 3961 784 4009 servare
804 3934 928 4011 bonos
948 3960 1040 4013 usus
1060 3950 1098 4012 et
1116 3933 1235 4015 bonas
1255 3927 1548 4010 consuetudines
1567 3923 1722 4003 ordinis.

307 4055 553 4135 Postmodum
566 4059 749 4169 imposuit
767 4062 839 4142 sibi
859 4062 1103 4158 mantellum,
1126 4081 1164 4143 et
1182 4060 1350 4170 precepit
1368 4056 1473 4167 quod
1495 4053 1726 4134 oscularetur

308 4183 444 4263 dictam
459 4191 689 4298 ymaginem,
708 4211 748 4271 et
763 4194 901 4272 deinde
916 4195 995 4302 ipse
1014 4213 1052 4273 et
1069 4195 1202 4274 fratres
1221 4209 1380 4271 astantes
1395 4187 1550 4267 filerunt
1568 4182 1724 4264 osculati

308 4342 394 4391 eum
411 4317 450 4394 in
465 4347 542 4397 ore.
556 4322 804 4402 Postmodum
819 4323 907 4403 lecit
920 4354 1010 4402 eum
1026 4323 1187 4405 osculari
1205 4348 1357 4400 crucem
1369 4315 1557 4408 mantelii,
1576 4330 1613 4392 et
1625 4339 1725 4420 pres·

306 4445 415 4551 byter
439 4449 631 4553 predictus
654 4453 747 4531 dixit
768 4455 951 4562 quasdam
976 4455 1184 4545 oraciones,
1204 4469 1245 4530 et
1268 4448 1423 4557 aspersit
1446 4474 1579 4555 aquarn
1611 4443 1726 4522 bene-

308 4573 446 4650 dictam
463 4607 574 4684 supra
590 4609 699 4674 eum;
717 4601 755 4660 et
768 4583 943 4662 instruxit
961 4613 1049 4664 eum
1068 4601 1240 4691 receptor
1258 4598 1352 4689 quot
1369 4582 1606 4673 Paternoster
1624 4575 1726 4673 dice·

309 4721 382 4793 ret,
405 4723 443 4782 et
460 4707 621 4812 qualiter
638 4730 786 4820 regeret
800 4741 840 4791 se
855 4714 897 4792 in
911 4714 1072 4806 ¹ordine3
1088 4734 1128 4793 et
1148 4713 1247 4791 dicta
1268 4713 1330 4791 die
1350 4709 1467 4791 nichil
1481 4707 1555 4787 fuit
1580 4706 1725 4785 dictum

308 4833 366 4910 vel
386 4853 511 4914 actum
537 4838 732 4932 illicitum3
753 4860 792 4920 et
810 4844 933 4925 dictus
953 4820 1150 4954 preceptor
1170 4843 1322 4924 recessit
1344 4846 1445 4922 cum·
1455 4837 1633 4948 predictis
1653 4835 1725 4915 lra-

393 4971 497 5035 raocis
518 4994 569 5038 urs
590 4996 759 5042 murenas.
775 5016 816 5028 -
830 5002 850 5043 r.
1535 4995 1572 5058 7¹
