4080 6052
695 523 890 617 raucus
915 541 1009 613 nus
1035 524 1339 614 ruurtmus.
1656 546 1725 617 lor

342 675 346 682 ⁵
365 683 474 771 Item,
497 681 628 758 dicunt
642 684 749 789 quod
769 699 873 758 extra
889 710 1050 787 regnum
1066 683 1095 756 F
1097 680 1220 757 rancie
1240 680 1369 757 nullus
1389 680 1427 754 in
1447 696 1526 756 toto
1544 699 1730 760 terrarum

311 811 402 890 orbe
415 793 626 917 reperietur
638 812 752 890 frater
766 811 933 918 Templi,
948 812 1014 918 qui
1031 811 1130 888 dicat
1141 811 1200 887 vel
1213 811 1278 916 qui
1291 809 1426 888 dixerit
1439 809 1506 886 ista
1518 812 1728 903 mendacia,

309 959 461 1048 propter
480 942 586 1049 quod
604 944 692 1021 satis
709 960 812 1048 patet
830 971 945 1049 quare
962 943 1163 1020 dictasunt
1181 942 1219 1018 iu
1240 969 1356 1047 regno
1368 940 1535 1030 Francia,
1556 942 1645 1048 quia
1658 945 1729 1049 'qui

310 1072 499 1164 dixeramt,
521 1074 668 1180 compti
686 1075 844 1165 timore,
865 1101 977 1179 prece
996 1072 1055 1149 vel
1074 1072 1200 1178 precio
1220 1071 1403 1150 testificati
1422 1070 1586 1149 fuerunt.

364 1202 425 1280 Ad
444 1202 702 1281 defensionem
723 1203 915 1310 religionis
934 1204 1166 1308 respondent
1187 1219 1226 1279 et
1245 1202 1376 1279 dicunt
1394 1201 1612 1307 simpliciter
1627 1207 1732 1308 quod

310 1331 442 1439 religio
465 1333 614 1439 Templi
633 1334 672 1410 in
696 1334 845 1412 caritate
864 1351 902 1411 et
920 1361 1047 1410 amore
1066 1360 1152 1410 vere
1172 1331 1411 1408 fraternitatis
1430 1333 1566 1409 tradita
1593 1351 1630 1411 et
1648 1333 1667 1410 f
1715 1380 1732 1394 -

310 1461 396 1540 data
411 1462 498 1550 fnit,
522 1482 559 1541 et
576 1481 632 1541 est
646 1464 720 1568 (ad-
731 1465 917 1541 honorem
935 1463 1098 1570 Virginis
1111 1462 1308 1569 gloriosse,
1329 1463 1458 1539 matris
1474 1463 1627 1540 Domini
1647 1494 1733 1544 uos·

308 1592 356 1668 tri
381 1593 499 1670 lhesu
521 1594 680 1687 Christi,
713 1596 761 1671 ad
787 1594 974 1672 honorem
1001 1610 1040 1670 et
1063 1592 1323 1670 defensionem
1347 1592 1510 1668 Ecclesie
1540 1613 1663 1672 sancte
1696 1614 1733 1672 et

306 1724 427 1800 tocius
442 1724 532 1801 fidei
548 1725 778 1816 Christiana,
797 1743 839 1836 et
854 1727 903 1802 ad
918 1724 1235 1830 expugnacionem
1247 1722 1489 1800 inimicorum
1506 1725 1643 1814 crucis,
1659 1726 1732 1802 hoc

308 1870 364 1929 est
379 1853 610 1944 infidelium,
624 1883 857 1964 paganorum
876 1883 943 1931 seu
959 1856 1232 1932 Saracenorum
1246 1853 1406 1961 ubique,
1427 1871 1465 1930 et
1479 1856 1678 1958 presertim
1694 1857 1731 1932 in

306 1998 405 2058 terra
422 2002 546 2061 sancta
556 1985 875 2076 Jerosolimitana,
887 2013 1001 2091 quam
1013 1984 1093 2090 ipse
1105 1983 1177 2061 Dei
1191 1982 1297 2060 filius.
1307 1982 1507 2060 moriendo
1523 2013 1592 2089 pro
1608 2003 1732 2062 nostra

308 2110 573 2219 redempcione
591 2117 771 2222 sanguine
789 2115 943 2221 proprio
959 2113 1200 2218 consecravit)
1219 2113 1352 2221 religio
1368 2131 1508 2206 sancta,
1528 2116 1671 2192 munda
1697 2134 1734 2192 et

309 2241 547 2319 immaculata
567 2247 668 2349 apud
685 2247 811 2323 Deum
830 2261 870 2320 et
883 2261 1045 2349 patrem,
1060 2244 1134 2320 hoc
1151 2260 1207 2320 est
1221 2243 1268 2320 ab
1288 2244 1392 2321 omni
1406 2244 1491 2320 laha
1509 2261 1546 2320 et
1566 2245 1612 2321 ah
1628 2246 1731 2320 omni

308 2371 419 2449 sorde
442 2374 704 2479 quorumlibet
720 2374 920 2462 viciorum,
937 2373 976 2448 in
992 2400 1069 2477 qua
1083 2400 1231 2477 semper
1244 2373 1363 2478 viguit
1382 2392 1420 2449 et
1437 2374 1535 2480 riget
1550 2374 1732 2479 regularis

308 2501 497 2579 institucio
523 2520 562 2580 et
586 2504 824 2580 observancia
854 2502 1041 2592 salutaris,
1070 2500 1214 2578 attalia
1242 2530 1312 2607 per
1339 2501 1469 2579 sedem
1494 2502 1732 2607 apostolicam

308 2631 527 2737 approbata,
547 2631 766 2710 confirmata
785 2649 825 2709 et
842 2631 972 2708 multis
990 2629 1193 2736 privilegiis
1208 2631 1391 2708 decorata.

362 2762 604 2869 Quicumque
628 2762 850 2869 religionem
873 2761 993 2868 ipsam
1018 2761 1240 2868 ingreditur,
1262 2761 1447 2866 promittit
1466 2777 1546 2838 un⁰¹
1564 2762 1734 2839 substau-

306 2891 427 2984 cialia,
445 2892 621 2970 videlicet
632 2891 918 2999 obedienciam,
933 2890 1157 2980 castitatem,
1169 2909 1428 2998 paupertatem
1444 2907 1481 2967 et
1492 2918 1531 2967 se
1545 2891 1635 2968 totis
1647 2892 1733 2968 viri-

305 3019 380 3099 bus
397 3050 582 3128 exponere
600 3022 754 3099 servicio
773 3020 907 3099 Sancta
917 3023 1047 3114 Terre,
1062 3021 1135 3097 hoc
1152 3037 1210 3097 est
1223 3021 1271 3096 ad
1286 3021 1404 3125 ipsam
1416 3037 1555 3096 terram
1570 3037 1732 3097 sanctam

306 3150 645 3229 lerosolimitanam
655 3152 930 3257 adquirendam
946 3168 985 3227 et
998 3151 1235 3256 adquisitam,
1249 3151 1279 3227 si
1292 3151 1396 3229 Deus
1412 3150 1560 3228 dederit
1572 3152 1731 3258 graciam

307 3281 548 3387 adquirendi,
564 3282 867 3370 conservandam,
881 3281 1166 3358 custodiendam
1181 3297 1220 3357 et
1232 3279 1509 3358 defendendam
1522 3309 1592 3387 pro
1604 3309 1730 3387 posse,

305 3412 485 3517 recipitur
504 3415 552 3491 ad
572 3414 777 3490 honestum
798 3410 973 3490 osculum
993 3411 1122 3516 pacis„
1134 3429 1174 3489 et
1191 3410 1325 3487 habitu
1344 3429 1495 3517 recepto
1516 3438 1602 3486 cum
1623 3438 1731 3487 cruce

305 3570 420 3647 quam
434 3560 618 3649 perpetuo
639 3543 831 3621 defferunt
849 3542 947 3619 circa
964 3559 1115 3646 pectus,
1138 3541 1188 3618 oh
1208 3541 1459 3617 reverenciam
1480 3540 1643 3617 crucifixi
1662 3569 1731 3646 pro

305 3671 431 3758 nobis,
448 3673 487 3748 iu
507 3700 574 3749 sue
598 3673 823 3749 memoriam
841 3672 1046 3778 passionis,
1063 3671 1235 3777 regulam
1264 3687 1302 3747 et
1319 3698 1445 3748 mores
1467 3673 1656 3778 antiquos,
1679 3669 1732 3746 eis

307 3800 463 3876 traditos
484 3801 531 3876 ab
552 3801 707 3878 ecclesia
726 3805 893 3880 Romana
909 3819 948 3880 et
966 3802 1102 3879 sanctis
1122 3800 1317 3890 Patribus,
1331 3830 1474 3879 servare
1493 3802 1660 3878 docetur.

364 3928 412 4004 Et
433 3928 505 4004 hoc
525 3945 582 4005 est
606 3931 779 4007 omnium
805 3930 966 4010 fratrum
992 3931 1142 4037 Templi
1168 3931 1419 4008 communiter
1438 3959 1513 4007 una
1531 3930 1729 4035 professio,

306 4086 381 4164 que
396 4085 465 4162 per
479 4056 692 4135 universam
712 4059 845 4137 orbem
860 4078 1039 4148 servatur,
1062 4077 1100 4137 et
1119 4077 1259 4137 servata
1278 4061 1350 4136 fuit
1368 4088 1437 4166 per
1451 4087 1583 4136 omnes
1601 4058 1731 4138 fratres

306 4187 480 4294 ejusdem
501 4186 662 4276 ordinis,
680 4217 700 4264 a
715 4187 962 4266 fundamento
978 4188 1170 4295 religionis
1184 4217 1305 4294 usque
1324 4191 1373 4265 ad
1385 4188 1488 4265 diem
1503 4206 1727 4294 presentem.

306 4319 354 4394 Et
371 4319 604 4424 quicumque
626 4317 731 4396 aliud
760 4299 869 4412 dicit,
890 4318 951 4396 vel
976 4319 1084 4396 aliter
1122 4318 1256 4408 credit,
1278 4336 1378 4396 errat
1403 4318 1579 4411 totaliter,
1604 4337 1731 4427 peccat

307 4448 525 4540 mortaliter,
544 4466 584 4525 et
602 4449 759 4526 omnino
781 4448 941 4527 discedit
954 4449 1140 4528 atramite
1156 4449 1332 4527 veritatis.

365 4577 472 4655 Unde
492 4605 606 4683 super
634 4578 801 4656 articulis
831 4580 928 4657 datis
953 4596 1081 4657 contra
1100 4578 1326 4688 religionem
1343 4580 1567 4675 inhonestis,
1589 4579 1732 4656 orihili-

307 4705 379 4783 bus
395 4723 433 4782 et
453 4707 604 4784 orendis
624 4724 664 4784 et
678 4709 926 4799 detestandis,
942 4727 1135 4816 tamquam
1154 4708 1419 4814 inposibilibus
1435 4726 1473 4786 et
1488 4710 1727 4816 turpissimis,

309 4835 439 4914 dicunt
452 4838 558 4943 quod
577 4837 726 4916 articadi
745 4839 800 4916 illi
821 4857 911 4917 sunt
921 4841 1121 4920 mendaces
1136 4856 1176 4917 et
1188 4839 1289 4928 falsi,
1307 4857 1344 4917 et
1356 4842 1465 4947 quod
1482 4840 1536 4917 illi
1557 4842 1622 4947 qui
1642 4869 1730 4948 sug·
