4080 6052
316 547 391 618 sco
554 495 556 499 ’
699 525 894 621 reeens
920 543 1424 619 nus-ruurnrnns..

311 712 461 775 eorum,
487 686 560 764 tuit
578 703 751 792 receptus
775 710 845 793 per
871 684 1027 763 fiunem
1050 685 1253 794 llugonem
1275 684 1324 762 ds
1340 681 1522 772 Penldo,
1542 684 1737 767 visitatore

312 818 485 906 Francis,
505 815 620 894 freter
637 817 829 895 lohannes
847 815 894 893 de
919 817 1064 923 Pronsy
1092 814 1202 894 miles
1226 803 1405 907 Parisios,
1426 813 1466 890 in
1491 812 1612 893 domo
1626 816 1736 897 'rom-

311 948 363 1055 pli
389 949 429 1024 in
453 946 617 1054 quedem
641 974 801 1035 camere,
824 947 930 1055 juxta
955 946 1199 1034 cimiterium,
1226 945 1383 1023 domino
1401 972 1492 1054 rege
1511 945 1665 1025 Frrnoie
1682 948 1731 1028 it.

312 1078 419 1157 lustri
444 1079 485 1155 in
504 1079 622 1155 domo
647 1102 780 1156 eorum
806 1075 1005 1166 existentes
1024 1092 1064 1154 st
1086 1077 1126 1153 in
1146 1077 1246 1154 dicte
1268 1076 1492 1183 recepcione
1515 1076 1636 1157 nichil
1659 1077 1731 1157 bu't

312 1225 436 1286 sotum
452 1208 645 1296 illicitum3
662 1225 702 1286 et
715 1209 794 1315 ipse
810 1209 928 1296 testis,
945 1225 984 1285 et
996 1206 1111 1285 linter
1123 1206 1311 1286 Olivnrius
1324 1209 1372 1284 de
1390 1209 1520 1291 Penne
1531 1206 1658 1301 miles,
1670 1238 1728 1287 eu·

311 1337 515 1417 bicularius
536 1356 630 1416 tunc
649 1337 794 1416 domini
817 1340 939 1445 Papo,
960 1352 999 1416 et
1017 1338 1245 1418 Guillelmus
1265 1338 1312 1415 de
1334 1337 1520 1446 Arbleyo,
1541 1338 1728 1419 ellenon-

312 1470 440 1546 nnrius
463 1469 606 1546 domini
626 1466 741 1575 regis,
762 1468 938 1563 Tetricus
959 1468 1007 1546 de
1029 1469 1156 1546 Remis
1180 1469 1360 1555 serviens,
1387 1485 1427 1545 et
1444 1446 1576 1576 plures·
1595 1469 1660 1547 elii
1681 1471 1727 1549 de

309 1620 474 1706 quornm
494 1599 712 1677 nominibus
729 1598 1056 1687 nouncordatur,
1077 1597 1233 1676 ficemnt
1249 1615 1464 1705 presentes;
1482 1598 1582 1677 'dicte
1598 1617 1724 1679 umen

309 1729 478 1834 recepcio
497 1727 569 1805 luit
587 1727 680 1804 lecta
695 1729 823 1834 januis
841 1729 990 1817 clausis,
1013 1754 1084 1805 nec
1104 1729 1308 1807 adfuerunt
1326 1710 1398 1805 nisi
1423 1728 1481 1804 illi
1498 1729 1545 1807 de
1571 1730 1720 1809 ordine.

309 1848 524 1967 Requisitus
557 1860 593 1936 si·
618 1875 791 1965 tempore
814 1857 913 1937 dicte
945 1859 1175 1964 recepcionis
1207 1858 1372 1937 habebat
1404 1857 1571 1965 aliquam
1600 1862 1723 1967 suspi-

308 1989 456 2066 cionem
486 1990 534 2066 de
567 1988 815 2094 inquisicione
842 1987 1011 2069 iacienda
1044 2006 1172 2065 eontra
1204 2014 1293 2076 eos,
1319 1986 1517 2094 respondit
1542 2015 1584 2065 se
1608 1989 1724 2067 nichil

309 2119 402 2195 scire
421 2119 469 2194 de
488 2117 591 2204 eliis,
613 2119 681 2196 sed
700 2119 778 2224 ipse
798 2135 891 2194 tunc
910 2144 987 2196 non
1006 2118 1170 2196 habebat
1188 2117 1350 2225 aliquam
1369 2118 1637 2224 suspicionem.

363 2246 475 2339 lum,
496 2248 580 2328 adv
601 2266 639 2325 et
655 2272 677 2325 n
696 2264 914 2355 sequentes,
929 2248 979 2326 de
994 2248 1327 2356 dogmatizncione,
1339 2247 1630 2327 conculcaeione
1642 2278 1723 2329 oru-

307 2379 359 2455 cis
376 2397 414 2455 et
428 2395 525 2468 ceto,
542 2378 737 2484 respondit
751 2406 790 2456 se
804 2378 920 2455 nichil
936 2379 1030 2457 scire
1045 2378 1115 2455 nisi
1132 2396 1316 2486 quantum
1329 2406 1443 2484 supra
1452 2376 1647 2484 deposuit,
1658 2408 1723 2458 nec

306 2509 481 2587 credebat
498 2508 569 2585 aliu
586 2536 700 2616 qrrsm
719 2536 830 2616 supra
844 2509 1070 2616 deposuerat
1092 2510 1139 2586 de
1157 2509 1343 2586 contentis
1362 2508 1402 2584 in
1416 2507 1587 2587 nocuis
1602 2508 1723 2616 predi·

306 2641 390 2733 etis,
411 2641 500 2748 quin
523 2666 601 2716 non
622 2638 814 2717 audiverat
835 2639 926 2726 dici,
948 2638 1113 2717 adiciens
1133 2639 1239 2746 quod
1260 2639 1300 2715 in
1324 2638 1387 2715 die
1406 2639 1568 2718 Veneris
1585 2658 1720 2731 meu,

305 2771 386 2847 sine
406 2770 498 2847 colis
516 2784 554 2847 et
569 2770 752 2877 capuciis,
776 2788 815 2848 et
832 2771 911 2847 sine
932 2769 1164 2847 secularibus
1183 2770 1316 2847 devote
1335 2768 1545 2847 adorabunt
1560 2797 1716 2847 crucem.

364 2901 478 2990 Item,
504 2901 552 2977 ad
580 2926 642 2980 xri
673 2919 712 2977 et
735 2926 811 2980 nvn
837 2917 1053 3007 sequentes,
1077 2899 1125 2977 de
1150 2899 1404 2987 monumentis,
1432 2914 1613 3006 potestate
1641 2900 1719 2977 tt·-

305 3028 409 3133 gistri
430 3045 468 3104 et
488 3029 645 3119 osculis,
666 3032 863 3135 respondit
881 3058 920 3108 se
943 3032 1097 3109 credere
1122 3020 1227 3136 quod
1251 3030 1466 3107 sacerdotes
1488 3029 1634 3120 ordinis
1654 3029 1721 3107 de

305 3157 383 3233 bite
415 3157 658 3245 confiterent,
691 3177 728 3235 et
760 3163 865 3265 quod
898 3162 1150 3238 communiter
1183 3160 1315 3238 fratres
1351 3160 1497 3238 ordinis
1530 3162 1724 3239 crederent

307 3284 560 3366 ecclesiasticis
579 3291 837 3377 sacramentis,
859 3292 991 3395 etipse
1012 3317 1161 3395 semper
1182 3291 1342 3367 credidit
1359 3307 1398 3367 et
1412 3288 1552 3381 credit,
1571 3318 1643 3367 nee
1658 3318 1725 3367 au·

305 3417 412 3504 divit,
431 3442 500 3495 uec
513 3420 583 3497 scit
594 3421 699 3526 quod
719 3419 810 3526 layci
829 3437 980 3526 possent
996 3419 1188 3498 absolvere
1199 3451 1222 3497 a
1236 3421 1411 3527 peccatis,
1431 3421 1545 3494 immo
1557 3419 1627 3494 scit
1638 3446 1722 3494 con

302 3548 479 3639 tretium,
499 3550 588 3655 quin
607 3576 684 3625 non
705 3550 847 3627 habent
864 3550 999 3641 claves3
1018 3568 1302 3656 verumptamen
1322 3548 1470 3656 qnando
1488 3546 1719 3623 recedebant

306 3708 325 3753 a
356 3679 528 3785 capitulis
558 3706 692 3757 eorum
727 3680 941 3757 seruabatur
969 3680 1053 3756 talis
1078 3681 1232 3766 modus,
1261 3708 1349 3757 nam
1372 3678 1433 3755 ille
1456 3677 1633 3784 magister
1659 3677 1730 3753 vel'

304 3808 418 3885 frater
436 3810 503 3916 qui
528 3827 701 3887 tenuerat
725 3809 931 3916 capitulum
951 3839 1109 3917 surgens
1133 3829 1171 3887 et
1181 3813 1290 3889 ’stans
1307 3811 1423 3917 pedes
1442 3838 1516 3886 una
1535 3836 1624 3885 cum
1643 3835 1723 3914 pre

303 3939 444 4018 obitero
456 3941 527 4017 sibi
538 3942 743 4028 assistente,
755 3940 1099 4047 reliquisfmtribus
1108 3970 1230 4049 genua
1240 3970 1306 4018 sua
1316 3940 1568 4030 flectentibus,
1577 3955 1720 4016 etcom·

302 4071 419 4177 plosis
448 4070 621 4148 manibus
646 4071 829 4149 stantibus
857 4073 895 4147 in
925 4052 1126 4157 oracione,
1154 4090 1191 4147 et
1216 4070 1499 4148 absolucionem
1523 4068 1717 4176 presbiteri

304 4200 601 4304 expectantibus,
617 4201 766 4278 dicebat
780 4201 849 4277 ista
860 4199 990 4277 verba:
1004 4203 1163 4292 Fratres,
1181 4229 1250 4277 nos
1265 4200 1362 4277 bene
1374 4228 1577 4306 possumus
1586 4197 1718 4277 amodo

302 4332 496 4420 recedere;
512 4351 639 4410 nostru
651 4333 888 4438 indulgencia
899 4331 1051 4437 capituli
1060 4333 1144 4409 tulis
1161 4349 1232 4422 est,
1245 4333 1348 4437 quod
1363 4332 1600 4438 quicumque
1613 4329 1719 4405 frater
1793 4436 1796 4443 '

305 4478 452 4539 teneret
474 4463 573 4540 bona
594 4465 691 4540 dicte
716 4465 853 4539 domus
881 4462 946 4539 vel·
961 4463 1186 4573 elemosinas
1210 4462 1318 4539 aliter
1336 4491 1449 4568 quam
1468 4459 1646 4546 deberet,
1667 4456 1718 4533 vel

305 4590 497 4695 expediret
525 4593 784 4701 prodigaliter,
815 4620 892 4670 non
924 4594 1107 4700 reciperet
1139 4609 1283 4698 purtem
1320 4594 1367 4669 de
1402 4591 1513 4669 bonis
1543 4589 1653 4672 lactis
1682 4588 1716 4663 in

309 4721 408 4795 dicto
426 4720 622 4824 capitulio,
642 4754 713 4801 nec
737 4725 775 4800 in
797 4725 879 4801 eliis
898 4725 990 4801 locis
1010 4724 1170 4815 ordinis3
1195 4740 1357 4800 ettamen
1378 4723 1426 4800 de
1452 4721 1633 4799 omuibus
1648 4716 1716 4795 illis

307 4878 382 4955 que
406 4849 655 4930 obmitteretis
679 4855 790 4931 nobis
818 4856 958 4946 dicere,
980 4856 1030 4933 ob
1051 4855 1316 4932 verecundiam
1347 4854 1469 4933 earnis
1492 4851 1553 4933 vel
1574 4851 1624 4930 ob
1638 4875 1716 4924 me-
