4080 6052
478 534 674 626 procas
700 552 796 636 uns
821 556 1122 632 renelmus.
1434 565 1508 635 aar

10 681 12 689 ’
147 690 257 778 Item,
278 689 483 798 requisitus
498 720 613 799 super
628 720 747 773 txrvn
762 690 935 784 artinilo,
953 701 1057 805 quod
1072 700 1239 805 predicta
1251 699 1394 776 fiebant
1412 703 1510 779 ultra

91 849 209 909 mare,
233 838 273 898 et
294 819 542 928 sequentihus
560 852 681 932 usque
707 825 763 902 ad·
778 851 895 919 savin
916 826 1007 906 item
1031 830 1137 937 quod
1157 828 1396 918 ellemosiue,
1421 847 1509 920 etc,

89 952 284 1058 respondit
304 981 344 1030 se
369 955 521 1031 credere
546 954 652 1061 quod
678 956 741 1032 illa
768 986 842 1062 que
869 958 1044 1064 deposuit
1057 1019 1059 1023 -
1072 962 1120 1038 de
1145 990 1184 1038 se
1210 961 1291 1065 ipso
1316 979 1511 1039 serventur

88 1081 232 1190 ubique
252 1083 291 1159 in
307 1082 439 1162 ordine
454 1085 662 1190 expunctis
677 1086 819 1164 ordinis
835 1105 873 1162 et
891 1107 1067 1195 precepto
1081 1091 1338 1196 superiorum,
1352 1108 1391 1167 et
1404 1092 1511 1198 quod

88 1241 166 1291 uon
185 1230 283 1291 esset
301 1212 396 1291 alius
414 1213 552 1291 modus
569 1215 773 1320 recipiendi
795 1215 928 1295 fratres
948 1219 988 1296 in
1011 1220 1164 1311 ordine,
1187 1220 1258 1296 alia
1278 1220 1371 1297 dixit
1389 1249 1429 1298 se
1449 1250 1510 1299 ne

89 1345 183 1421 scire
204 1344 251 1420 de
272 1345 453 1421 contentis
472 1346 511 1422 in
531 1346 696 1424 articulis
715 1348 942 1427 memoratis.

144 1476 255 1564 Item,
280 1474 618 1582 requisitus-super
643 1502 738 1556 xcvii
762 1479 937 1566 uticulo,
955 1481 1151 1586 respondit
1176 1480 1370 1558 sevidisse
1390 1482 1506 1558 inin-

85 1605 168 1682 sula
196 1605 401 1693 Bochardi,
428 1606 467 1683 in
493 1635 573 1711 qua·
597 1607 825 1699 morabatur,
852 1610 958 1716 quod
981 1627 1040 1687 ter
1068 1612 1108 1687 in
1138 1611 1344 1717 septimana
1370 1611 1508 1687 dabant

87 1736 344 1814 ellemosinam
363 1737 542 1816 omnibus
562 1739 813 1831 venientibus,
835 1741 979 1818 nemini
1000 1741 1126 1819 dando
1147 1741 1354 1847 repulsam,
1382 1758 1421 1817 et
1449 1741 1508 1817 di·

86 1884 143 1942 cta
165 1867 382 1944 ellemosina
404 1866 550 1944 valebat
574 1867 751 1957 obolum,
772 1887 898 1947 tamen
919 1870 1037 1947 credit
1062 1872 1168 1976 quod
1191 1869 1392 1977 largiorem
1420 1871 1509 1948 elle·

87 1996 271 2072 mosiuam
288 1996 501 2102 potuissent
520 2014 559 2073 at
577 1996 797 2076 debuissent
814 1998 935 2077 facere
949 2027 1064 2106 quam
1080 1998 1259 2089 lacerent3
1278 1999 1373 2076 dixit
1391 2000 1507 2075 eciam

89 2126 194 2231 quod
212 2126 444 2233 hospitalitas
463 2126 560 2203 bene
581 2145 620 2204 et
638 2128 1039 2207 hilariter-servabatur
1059 2130 1215 2207 ibidem.

145 2257 257 2345 Item,
272 2256 478 2363 requisitus
497 2284 612 2362 super
629 2282 756 2350 xcviii,
776 2285 813 2336 ut
823 2276 864 2336 et
881 2286 918 2351 c,
938 2261 1135 2365 respondit
1149 2260 1251 2367 quod
1270 2261 1419 2338 videtur
1436 2261 1507 2338 sibi

89 2391 214 2494 ipsum
233 2387 420 2463 audivisse
446 2387 519 2462 dici
547 2414 567 2461 a
591 2387 691 2464 dicto
714 2404 933 2493 preceptore
957 2388 1004 2463 de
1031 2389 1153 2464 insula
1174 2389 1508 2494 Bochardi,·quod

10 2560 13 2571 ·
88 2547 165 2596 non
185 2532 263 2595 erat
281 2532 475 2622 peccatum
494 2517 686 2623 acquirere
703 2517 829 2595 ordini
847 2545 918 2623 per
930 2515 988 2594 las
1002 2517 1062 2593 vel
1080 2517 1240 2622 nephas,
1258 2516 1315 2592 vel
1331 2518 1507 2624 degerere

87 2664 241 2754 propter
258 2646 441 2754 predicta,
464 2662 503 2723 et
523 2648 629 2753 quod
642 2647 821 2753 jurabant
842 2646 1035 2753 acquirere
1053 2674 1122 2751 per
1141 2645 1195 2724 fas
1214 2645 1272 2722 vel
1289 2647 1449 2752 nephas,
1468 2664 1509 2725 et

86 2777 391 2885 quibuscumque
417 2777 543 2854 modis
566 2794 721 2883 possent
742 2776 844 2854 dicto
869 2776 1011 2868 ordini,
1035 2794 1074 2854 et
1095 2778 1201 2884 quod
1223 2777 1297 2854 hoc
1323 2775 1466 2854 audivit
1488 2804 1509 2851 a

88 2909 187 2986 dicto
209 2925 427 3014 preceptore
453 2908 544 2993 dici,
566 2924 604 2985 et
626 2908 728 2984 idem
748 2906 889 3014 juravit
915 2907 1004 2996 hoc,
1029 2924 1074 2984 ut
1097 2906 1205 2996 dixit,
1228 2907 1276 2983 in=
1289 2907 1506 3011 reoepcione

32 3064 43 3082 ⁴
88 3068 166 3117 sua.
184 3039 401 3144 Requisitus
419 3038 487 3117 ubi
507 3055 546 3115 et
564 3038 733 3144 quando,
757 3037 954 3144 atquibus
971 3036 1210 3143 presentibus
1229 3035 1371 3114 audivit
1388 3037 1509 3143 predi-

89 3186 145 3248 cta
164 3198 185 3245 a
206 3168 306 3245 dicto
325 3168 779 3274 preceptorarospondit
795 3168 902 3274 quod
917 3167 957 3244 in
978 3167 1075 3245 dicta
1092 3167 1207 3244 domo
1227 3166 1275 3242 de
1293 3165 1417 3243 incida
1435 3168 1508 3244 Bo-

89 3300 235 3390 chardi,
257 3300 350 3376 dum
373 3299 476 3375 idem
499 3316 697 3405 preceptor
715 3299 864 3377 sederet
883 3298 931 3375 ad
949 3326 1118 3375 mensam
1142 3313 1181 3373 et
1204 3295 1507 3377 confabularetur

86 3461 174 3509 cum
190 3428 419 3538 quibusdam
436 3428 580 3508 clericis
597 3446 634 3506 et
651 3428 748 3522 aliis,
768 3429 817 3506 de
838 3457 1004 3538 quorum
1021 3425 1240 3505 nominibus
1258 3425 1351 3503 dixit
1369 3453 1410 3501 se
1429 3450 1504 3500 non

84 3563 291 3655 recordari,
308 3579 348 3639 et
371 3578 459 3640 sunt
477 3561 630 3643 circiter
649 3577 726 3638 tres
750 3560 850 3637 armi·¹
863 3559 971 3666 quod
993 3558 1137 3636 audivit
1157 3556 1326 3663 predicta
1348 3555 1438 3647 diei,
1465 3572 1508 3631 ut

88 3695 191 3769 dixit.
312 3726 314 3731 ·
342 3750 346 3757 ·
551 3753 555 3759 .
1029 3755 1032 3759 .
1111 3742 1114 3747 -
1243 3738 1247 3745 ·
1469 3746 1474 3753 -

145 3824 252 3907 ltem,
270 3821 473 3927 requisitus
482 3847 600 3925 super
612 3844 703 3898 cr-tr
720 3817 901 3910 articulis,
917 3817 1115 3925 respondit
1126 3816 1233 3923 quod
1243 3841 1439 3920 uunquam
1451 3815 1507 3889 in-

89 3949 270 4027 terfuerat
292 3949 491 4057 capitulis,
514 3948 581 4025 sed
609 3948 801 4026 audiverat
821 3947 899 4025 dici
930 3947 1078 4024 aidicto
1104 3942 1507 4027 Zenoto·vsleto.dicti

88 4079 333 4189 preceptoris,
352 4078 458 4186 qnod
476 4079 629 4186 quaudo
647 4077 1007 4184 tenebant-capitula
1022 4106 1092 4156 sua
1112 4076 1215 4182 apud
1226 4075 1393 4164 Armant,
1410 4073 1507 4149 circa

88 4212 255 4289 mediam
270 4226 422 4288 noctem
435 4208 621 4287 faciebant
632 4207 774 4314 pulsari
785 4209 990 4314 quamdam
1005 4233 1238 4312 campanam,
1258 4221 1297 4280 et
1315 4205 1508 4281 convenie-

88 4343 180 4420 bant
197 4341 329 4420 fratres
342 4340 433 4419 dicti
452 4339 542 4431 loci,
565 4356 607 4416 et
617 4337 868 4446 praestabant
879 4336 1076 4444 sibi-quod
1089 4333 1507 4413 nullusuliusessetin

90 4474 248 4550 circuitu
268 4473 366 4551 dicte
386 4470 545 4580 capelle,
567 4487 607 4548 at
628 4469 874 4548 claudebatur
895 4484 1005 4577 porta
1028 4467 1129 4544 dicte
1154 4464 1313 4573 capelle3
1336 4464 1509 4542 steredit
1546 4571 1548 4574 Ι

93 4603 211 4680 eciam
230 4604 336 4711 quod
354 4602 593 4710 recepciou'es
610 4600 769 4679 fratrum
791 4597 1195 4688 fierentclandestine,
1215 4597 1312 4674 sicut
1335 4593 1510 4702 deposuit

91 4761 197 4810 suam
212 4732 346 4812 factam
360 4733 488 4824 luisse3
504 4733 575 4811 alia
590 4732 684 4810 dixit
697 4759 738 4811 se
752 4730 896 4810 nescire
912 4731 960 4808 de
975 4728 1160 4809 contentis
1173 4728 1212 4805 iu
1228 4726 1318 4834 ipsis
1331 4725 1508 4803 articulis.

128 4867 261 4955 -Item,
278 4866 482 4974 requisitus
499 4890 615 4971 super
634 4885 775 4944 nvn-xi
797 4862 979 4949 articulis,
1004 4860 1199 4967 respondit
1216 4887 1256 4939 se
1280 4855 1398 4935 nichil
1417 4855 1509 4934 scire

1291 5012 1340 5073 ²9·
