4080 6052
528 559 599 629 uo
911 537 1106 631 esoces
1133 557 1226 628 ors
1253 554 1554 628 enuncians.

527 715 678 805 geretur
703 726 778 773 una
804 699 975 786 cordula,
1005 717 1044 776 et
1070 697 1239 803 exposuit
1265 696 1335 773 sibi
1362 725 1467 773 casus
1495 694 1648 802 propter
1676 720 1777 800 quos
1804 711 1952 799 poterat

527 830 686 936 perdere
710 828 880 906 habitum
903 848 941 906 et
960 830 1153 914 ordinem,
1176 844 1214 902 et
1232 855 1347 933 penas
1367 827 1457 903 alias
1478 827 1662 903 incurere.
1684 827 1774 902 Post
1790 853 1868 931 que
1893 852 1954 901 re-

529 959 638 1034 cessit
669 958 791 1034 dictus
820 957 1074 1036 thesaurarius
1104 974 1141 1034 et
1168 984 1299 1033 omues
1326 956 1457 1033 fratres
1481 956 1653 1061 superius
1678 954 1877 1044 nominati,
1909 971 1948 1031 et

530 1089 684 1192 quidam
709 1087 821 1164 frater
841 1090 999 1180 ordinis,
1023 1090 1130 1197 cujus
1149 1115 1289 1164 nomen
1313 1105 1351 1164 et
1371 1114 1581 1194 cognomen
1601 1087 1765 1191 ignorat,
1782 1085 1846 1190 qui
1868 1101 1948 1160 erat

433 1218 436 1224 ’
530 1235 637 1308 tune,
659 1235 702 1293 ut
721 1220 799 1323 ipse
823 1219 928 1295 testis
948 1220 1086 1309 credit,
1116 1234 1320 1324 preceptor·
1336 1218 1383 1293 de
1408 1216 1512 1302 Bello
1532 1216 1623 1294 Visu
1649 1212 1809 1292 diocesis
1833 1213 1948 1291 Seno-

464 1357 466 1361 ’
531 1346 671 1433 nensis,
690 1346 831 1423 ducens
850 1348 975 1453 ipsum
991 1364 1125 1424 testem
1143 1347 1188 1423 ad
1204 1347 1409 1453 quamdam
1428 1373 1629 1432 cameram,
1649 1344 1808 1420 extraxit
1821 1371 1950 1450 quam·

532 1474 619 1551 dam
644 1502 793 1551 crucem
820 1476 983 1582 ligneam
1010 1476 1058 1552 de
1080 1475 1215 1553 subtus
1241 1493 1361 1552 vestes
1390 1504 1497 1561 suas,
1525 1491 1657 1580 petens
1680 1472 1836 1578 abipso
1859 1491 1948 1550 teste

533 1604 562 1679 si
594 1604 770 1705 credebat
798 1606 838 1680 in
867 1606 975 1682 illum
1005 1606 1069 1713 qui
1099 1607 1425 1713 representabatur
1452 1634 1522 1712 per
1551 1603 1767 1711 ymaginem
1791 1604 1831 1679 in
1854 1603 1947 1680 dicta

534 1731 641 1809 cruce
662 1736 901 1826 existentem3
929 1764 1006 1842 quo
1028 1737 1278 1842 respondente
1303 1738 1406 1842 quod
1428 1736 1498 1827 sic,
1519 1733 1687 1840 precepit
1706 1734 1742 1810 ei
1763 1733 1861 1838 quod
1882 1733 1947 1809 ab·

534 1882 686 1969 negaret
709 1894 797 1941 eum
821 1883 859 1942 et
880 1884 1033 1972 spueret
1050 1895 1163 1973 super
1183 1868 1319 1943 dictam
1340 1894 1506 1952 crucem;
1527 1893 1572 1940 eo
1591 1891 1681 1940 vero
1701 1864 1946 1969 respondente

534 1994 639 2099 quod
659 1994 731 2071 hoc
749 2023 825 2071 non
840 1994 992 2087 laceret,
1011 1996 1103 2072 dixit
1121 1997 1227 2103 quod
1246 1998 1318 2075 hoc
1337 1996 1534 2102 oportebat
1549 2021 1634 2070 eum
1653 1991 1796 2081 facere,
1816 2020 1861 2069 ex
1879 2021 1949 2099 quo

482 2170 484 2175 ,
534 2125 757 2228 promiserat
781 2142 819 2201 et
841 2126 1029 2230 juraverat
1049 2127 1308 2203 obedienciam
1328 2127 1500 2231 religioni
1523 2153 1679 2216 eorum3
1701 2140 1741 2202 et
1757 2141 1851 2200 tunc
1878 2125 1949 2230 ipse

535 2253 639 2328 testis
656 2253 851 2360 abnegavit
867 2283 931 2331 ore
948 2283 1026 2332 non
1044 2257 1172 2347 corde,
1196 2274 1233 2332 et
1249 2257 1348 2362 spuit
1371 2283 1447 2331 non
1473 2283 1585 2361 supra
1607 2254 1676 2331 sed
1695 2255 1804 2362 juxta
1820 2253 1950 2331 dictam

536 2409 700 2473 crucem,
718 2400 761 2460 ut
776 2384 879 2460 dixit.
896 2387 1028 2462 Postea
1047 2386 1214 2492 precepit
1230 2387 1265 2462 ei
1285 2387 1389 2493 quod
1410 2384 1644 2462 oscularetur
1663 2412 1754 2462 eum
1776 2384 1817 2459 in
1835 2383 1953 2461 umbi·

535 2510 624 2597 lico,
650 2512 690 2588 in
715 2541 791 2617 quo
816 2512 888 2590 fuit
911 2542 1000 2591 eum
1025 2515 1212 2592 osculatus
1241 2516 1475 2593 intermediis
1503 2515 1648 2620 pannis.
1679 2514 1899 2620 Requisitus
1925 2516 1951 2591 si

536 2641 679 2718 dixerat
698 2643 732 2719 ei
753 2645 856 2749 quod
882 2646 1048 2750 predicta
1068 2663 1192 2723 essent
1217 2647 1264 2723 de
1288 2648 1439 2752 punctis
1462 2645 1655 2750 religionis
1678 2672 1830 2733 eorum,
1861 2663 1900 2721 et
1915 2627 1952 2720 ¹si

536 2772 660 2879 aliqua
683 2773 754 2849 alia
773 2773 970 2852 inhonesta
993 2776 1282 2854 intervenerant
1296 2778 1334 2852 in
1360 2778 1578 2882 recepcione
1603 2804 1672 2851 sua
1695 2773 1871 2881 predicta,
1893 2801 1951 2850 rc-

536 2903 688 3005 spondit
711 2907 814 3011 quod
840 2936 933 2996 non,
962 2927 998 2985 et
1022 2908 1130 3015 plura
1154 2909 1342 2987 nesciebat
1366 2909 1413 2985 de
1438 2908 1624 2985 contentis
1646 2907 1685 2982 in
1704 2932 1766 2984 xm
1786 2903 1949 2982 articulis

534 3033 765 3135 supradietis.
798 3039 908 3126 ltem,
945 3040 1148 3145 requisitus
1184 3069 1300 3147 super
1330 3066 1388 3117 xiv
1416 3057 1455 3116 et
1485 3038 1664 3114 omnibus
1688 3035 1949 3143 sequentibus,

534 3160 729 3263 respondit
756 3191 794 3238 se
825 3166 939 3240 nichil
965 3169 1057 3243 scire
1085 3169 1182 3244 ultra
1209 3170 1314 3276 quod
1342 3197 1454 3273 supra
1481 3168 1673 3274 deposuit,
1706 3167 1778 3243 hoc
1803 3183 1952 3273 excepto

535 3289 640 3394 quod
665 3289 744 3394 ipse
768 3291 865 3370 hene
886 3295 1062 3371 credebat
1081 3298 1334 3375 ecclesiasticis
1363 3300 1619 3382 sacramentis,
1649 3314 1685 3372 et
1707 3297 1828 3373 credit
1851 3299 1950 3402 quod

535 3416 666 3496 sratrcs
693 3423 835 3499 ordinis
860 3425 958 3501 hene
987 3428 1200 3516 crederent,
1230 3446 1267 3504 et
1295 3431 1397 3534 quod
1424 3458 1556 3505 eorum
1585 3427 1794 3504 sacerdotes
1825 3426 1951 3503 debite

535 3568 571 3625 et
601 3554 809 3630 secundum
839 3556 997 3633 formam
1031 3559 1192 3635 Ecclesie
1222 3560 1474 3647 celebrarent,
1510 3577 1547 3635 et
1577 3561 1651 3664 ipse
1676 3557 1779 3633 testis
1809 3557 1947 3632 eodem

534 3680 648 3757 modo
681 3682 880 3761 celebravit
907 3688 1065 3764 existens
1093 3690 1131 3764 in
1159 3690 1307 3777 ordine,
1336 3708 1373 3765 et
1402 3691 1494 3765 dixit
1523 3689 1586 3764 illa
1614 3687 1721 3763 verba
1747 3719 1757 3761 ι
1787 3687 1868 3762 lloc
1893 3705 1949 3762 est

534 3811 634 3885 enirn
658 3840 793 3917 corpus
813 3842 960 3903 meum,
982 3820 1078 3894 sieut
1105 3837 1207 3910 ante,
1235 3848 1303 3896 nec
1328 3818 1399 3895 luit
1424 3819 1494 3896 sibi
1523 3819 1725 3896 inhibitum
1747 3816 1853 3921 quod
1875 3844 1948 3893 uon

533 3940 674 4017 diceret
697 3943 792 4020 dicta
814 3947 945 4033 verba,
977 3977 1045 4023 nec
1068 3949 1148 4026 aliis
1175 3950 1415 4026 inhibebatur
1433 3951 1536 4055 quod
1557 3951 1634 4055 ipse
1658 3950 1759 4025 sciat.
1788 3948 1947 4039 Quando

532 4071 705 4174 capitulio
722 4077 1021 4154 terminabantur
1039 4078 1143 4157 sactis
1162 4081 1337 4185 precibus
1357 4110 1425 4186 pro
1446 4081 1624 4169 Ecclesia,
1643 4079 1812 4187 regibus,
1835 4081 1946 4154 Terra

530 4199 676 4293 Sancta,
700 4221 738 4280 et
757 4206 850 4294 aliis,
872 4236 939 4312 per
957 4209 1094 4285 laicum
1115 4212 1179 4316 qui
1200 4212 1351 4287 tenebat
1377 4211 1599 4316 capitulum,
1618 4209 1767 4288 dicebat
1782 4240 1791 4283 z
1806 4209 1863 4285 De
1878 4208 1945 4284 hiis

529 4359 603 4436 que
625 4333 826 4415 obmisistis
846 4340 986 4425 dicere,
1004 4359 1159 4446 propter
1176 4344 1440 4419 verecundiam
1460 4344 1579 4417 carnis
1600 4342 1657 4418 vel
1678 4339 1877 4443 disciplina
1897 4368 1945 4414 or·

529 4458 641 4551 dinis,
657 4493 725 4541 nos
738 4465 892 4545 facimus
902 4469 1007 4546 vobis
1018 4471 1131 4547 talem
1148 4472 1426 4579 indulgenciam
1438 4472 1588 4578 qualem
1599 4471 1800 4576 possimus,
1814 4486 1852 4544 et
1864 4498 1943 4573 qna·

527 4585 602 4663 lem
621 4593 724 4669 Deus
737 4594 824 4674 fecit
837 4598 1071 4708 Magdalene‚
1088 4619 1124 4677 et
1142 4603 1243 4679 ibitis
1258 4603 1306 4678 ad
1319 4601 1469 4678 fratrem
1490 4601 1721 4690 sacerdotem
1741 4599 1808 4704 qui
1826 4598 1942 4675 absol·

526 4735 586 4792 vet
597 4708 675 4796 vos.¹
692 4723 762 4798 Pro
777 4728 953 4830 professis
966 4732 1089 4807 statim
1106 4730 1351 4810 habebantur.
1365 4736 1406 4808 ln
1420 4730 1703 4836 recepcionibus
1717 4757 1854 4807 corum
1870 4757 1938 4804 non

524 4848 679 4926 aderant
702 4853 771 4929 nisi
798 4855 926 4936 fratres
946 4863 1105 4955 ordinis,
1132 4865 1178 4942 de
1204 4867 1358 4942 crimine
1379 4864 1601 4941 sodomitico
1621 4881 1658 4937 et
1678 4861 1725 4938 de
1746 4860 1885 4968 ydolis,
1904 4876 1937 4934 et
