4080 6052
697 533 890 628 eaocbs
916 552 1012 626 uss
1037 554 1337 631 ratramnus.
1655 558 1720 637 tur

309 690 360 769 ad
378 689 635 769 defensionem
656 696 799 775 ordinis
818 694 1064 803 personaliter
1082 723 1122 771 se
1143 694 1307 774 offerunt
1326 698 1501 804 quilibet,
1523 700 1728 806 supplican-

308 837 367 897 tes
393 822 497 927 quod
524 822 564 898 in
593 824 751 903 concilio
781 827 962 932 generali,-
989 826 1048 903 vel
1074 826 1306 934 ubicumque
1337 830 1384 905 de
1399 845 1511 905 'statu
1535 830 1728 935 religionis

308 951 538 1039 tractabitur,
556 980 638 1031 esse
654 973 823 1060 possent3
843 972 882 1035 et
898 956 964 1062 qui
982 984 1058 1034 non
1074 957 1241 1061 poterint
1261 957 1440 1035 interesse
1461 986 1531 1063 per
1551 987 1591 1034 se
1613 959 1725 1063 ipsos,

309 1107 395 1161 curn
415 1080 557 1160 suerint
576 1083 616 1158 in
635 1084 746 1188 plena
765 1085 954 1171 libertate,
977 1087 1025 1162 ad
1049 1114 1164 1192 quam
1187 1104 1323 1191 petunt
1348 1075 1387 1164 se
1407 1088 1570 1176 restitui,
1592 1116 1727 1193 procu·
1824 1096 1827 1100 ’

308 1227 450 1288 ratores
480 1213 709 1290 constituent
737 1215 784 1291 de
813 1214 990 1293 iratribus
1018 1216 1078 1294 sui
1105 1216 1264 1305 ordinis,
1291 1219 1356 1324 qui
1380 1219 1534 1295 nomine
1560 1219 1727 1324 ipsorum

309 1358 585 1447 prosequantur
604 1340 862 1429 defensionem
882 1344 1089 1452 religionis,
1112 1345 1219 1422 aliter
1239 1373 1332 1435 non,
1355 1364 1392 1422 et
1410 1348 1531 1452 placet
1551 1348 1605 1423 eis
1624 1349 1727 1453 quod

310 1469 400 1545 dicti
433 1485 513 1547 11110‘
540 1470 672 1548 fratres
695 1474 738 1549 R.
774 1474 821 1550 de
851 1475 1014 1566 Pruino,
1050 1475 1089 1551 P.
1125 1476 1172 1551 de
1209 1476 1391 1566 Bononia,
1423 1474 1651 1554 Guillelmus
1681 1463 1750 1554 de'

309 1597 573 1678 Chambonnet
598 1617 636 1678 et
654 1603 884 1681 Bertrandus
904 1605 951 1681 de
972 1604 1152 1709 Sartiges,
1176 1632 1255 1681 cras
1280 1622 1318 1681 et
1341 1605 1446 1697 alias,
1467 1607 1728 1710 quandocum-

308 1757 398 1834 que,
420 1749 635 1837 proponant
658 1759 784 1809 coram
809 1733 918 1811 dictis
945 1734 1109 1820 dominis
1133 1720 1398 1812 commissoriis
1422 1735 1613 1842 quidquid
1636 1737 1727 1813 boni

307 1878 486 1965 poterunt
503 1862 551 1938 ad
567 1862 770 1940 utilitatem
789 1879 827 1940 et
843 1864 1029 1941 bonorem
1047 1865 1207 1956 ordinis,
1227 1881 1265 1941 et
1282 1865 1313 1941 si
1331 1864 1424 1971 quid
1442 1867 1727 1943 contradictum

309 1993 482 2069 ordinem
501 1993 560 2070 vel
580 1994 662 2100 ejus
675 2011 812 2072 statum
829 2011 869 2071 et
883 1995 1068 2073 honorem
1089 1996 1271 2087 dicerent,
1290 2023 1367 2072 non
1385 2013 1509 2072 ratum
1526 1996 1725 2083 haberent,

272 2220 277 2228 q
309 2149 377 2200 nec
397 2122 536 2200 babere
555 2123 706 2201 vellent.

365 2253 513 2330 Deinde
539 2254 760 2330 accessimus
786 2284 871 2331 cum
898 2257 1005 2333 dictis
1030 2272 1109 2333 11110‘
1132 2257 1309 2333 fratribus
1334 2256 1382 2333 ad
1407 2258 1544 2334 dictam
1570 2259 1727 2335 domum

311 2386 357 2460 de
379 2383 593 2475 Prulhiaco,
612 2383 681 2459 ubi
702 2402 808 2461 erant
826 2412 923 2465 xxvn
943 2385 1074 2463 iratres
1093 2386 1270 2491 predicti,
1290 2413 1387 2492 quos
1406 2386 1672 2492 requisivimus
1691 2403 1729 2462 et

309 2515 635 2622 interrogavimus,
658 2531 702 2590 ut
723 2515 815 2591 alios
835 2544 966 2621 supra,
987 2515 1098 2592 eteis
1118 2515 1280 2590 diximus
1300 2540 1437 2618 eaque
1458 2530 1495 2590 et
1519 2514 1600 2589 aliis
1624 2515 1728 2590 dixe-

309 2673 446 2720 ramus.
467 2644 560 2738 Qui,
580 2644 709 2721 habito
727 2646 826 2721 inter
842 2672 881 2721 se
902 2663 1040 2722 etcum
1060 2645 1265 2722 dictis11110‘
1281 2643 1458 2720 fratribus
1475 2643 1649 2734 consilio,
1668 2673 1727 2719 re·

308 2775 543 2881 sponderunt
560 2774 601 2850 id
622 2774 724 2851 idem
751 2792 790 2851 et
817 2776 954 2852 eodem
979 2774 1095 2851 modo
1119 2802 1195 2880 quo
1223 2791 1260 2851 et
1284 2773 1346 2850 alii
1372 2773 1573 2850 inmediate
1598 2802 1726 2878 proce·

310 2906 457 2998 dentes,
479 2906 545 3013 qui
567 2905 731 2982 era'ntin
753 2906 868 2983 domo
889 2905 1072 2982 Johannis
1090 2904 1259 2983 Rossclli.

364 3034 512 3115 Deinde
538 3036 759 3113 accessimus
784 3065 871 3112 cum
896 3036 1004 3112 dictis
1029 3050 1109 3113 mr'·
1130 3034 1307 3112 sratribus
1333 3036 1380 3111 ad
1405 3036 1541 3111 dictam
1567 3035 1724 3111 domum

308 3159 488 3244 lobannis
502 3165 549 3242 de
564 3165 729 3255 Chamis,
749 3165 817 3242 ubi
833 3183 938 3242 erant
951 3193 1001 3245 vn
1013 3165 1144 3243 iratres
1160 3166 1334 3273 predicti,
1351 3194 1448 3272 quos
1464 3164 1726 3270 requisivimus

310 3313 348 3372 et
367 3295 692 3401 interrogavimus,
713 3314 758 3373 ut
783 3295 876 3372 alios
900 3324 1028 3402 supra,
1051 3313 1089 3374 et
1113 3297 1167 3373 eis
1187 3297 1349 3374 diximus
1369 3324 1442 3402 que
1464 3312 1502 3371 et
1521 3294 1602 3371 aliis
1623 3295 1725 3371 dixe-

307 3454 445 3503 ramus.
466 3427 556 3519 Qui,
575 3426 704 3504 habito
724 3427 824 3503 inter
841 3456 881 3504 se
903 3443 940 3502 et
959 3455 1045 3503 cum
1064 3427 1173 3504 dictis
1190 3441 1269 3503 11110‘
1285 3425 1461 3504 fratribus
1479 3424 1649 3512 consilio,
1669 3453 1727 3500 re-

307 3547 543 3661 sponderunt
561 3555 603 3632 id
621 3556 726 3632 idem
745 3556 850 3663 quod
869 3555 1073 3633 inmediate
1092 3553 1348 3661 precedentes.

363 3687 511 3764 Deinde
527 3688 747 3764 accessimus
761 3716 849 3764 curn
865 3686 974 3763 dictis
991 3701 1071 3764 11110'
1085 3685 1262 3764 fratribus
1279 3687 1327 3764 ad
1344 3688 1502 3763 domum
1515 3685 1723 3790 predictam

310 3817 399 3892 dicti
416 3815 574 3901 Blavoti,
587 3815 655 3892 ubi
674 3833 779 3893 erant
794 3843 858 3894 xm
876 3816 1007 3893 iratres
1023 3816 1199 3922 predicti,
1219 3844 1315 3923 quos
1331 3814 1596 3922 requisivimus
1613 3829 1652 3888 et
1667 3813 1725 3887 in-

308 3943 596 4049 terrogavimus,
614 3962 657 4020 ut
676 3944 767 4021 alios
784 3973 911 4051 supra,
931 3962 969 4022 et
988 3947 1042 4024 eis
1060 3946 1222 4022 diximus
1239 3974 1314 4050 que
1337 3962 1375 4020 et
1396 3943 1477 4020 aliis
1499 3943 1722 4019 dixeramus.

308 4074 401 4168 Qui,
422 4072 552 4150 habito
572 4070 670 4149 inter
688 4101 728 4148 se
749 4090 892 4150 etcum
912 4075 1021 4151 dictis
1041 4072 1314 4152 11110'fratribus
1333 4072 1504 4158 consilio,
1523 4073 1725 4175 responde-

309 4223 398 4282 runt
417 4204 459 4280 id
478 4203 580 4279 idem
601 4203 706 4308 quod
726 4202 927 4279 inmediate
947 4205 1202 4308 precedentes.

363 4334 512 4410 Deinde
533 4332 669 4408 ivimus
688 4360 775 4409 cum
796 4332 1004 4410 dictis11110'
1022 4332 1199 4410 iratribus
1217 4332 1266 4409 ad
1285 4330 1421 4408 dictam
1442 4330 1599 4405 domum
1618 4328 1725 4407 Guil-

282 4537 287 4544 .
309 4463 415 4540 lelmi
429 4464 476 4540 de
492 4462 747 4550 Montilhiaco,
762 4463 830 4539 ubi
846 4481 951 4541 erant
965 4491 1001 4541 rx
1017 4464 1148 4540 iratres
1162 4462 1333 4569 predicti,
1346 4488 1442 4568 quos
1461 4458 1724 4567 requisivimus

311 4610 348 4670 et
364 4593 688 4699 interrogavimus,
705 4610 748 4670 ut
763 4594 855 4671 alios
870 4622 999 4700 supra,
1017 4611 1056 4670 et
1070 4593 1123 4670 eis
1141 4593 1304 4670 diximus
1321 4620 1363 4668 ee
1380 4618 1454 4697 que
1472 4606 1511 4667 et
1526 4589 1609 4667 aliis
1623 4589 1725 4665 dixe-

311 4752 448 4801 ramus.
466 4724 557 4816 Qui,
574 4724 703 4802 habito
721 4724 820 4801 inter
836 4754 876 4801 se
897 4741 1038 4802 etcum
1057 4723 1165 4801 dictis
1183 4737 1262 4800 1111‘*
1278 4720 1454 4800 fratribus
1472 4719 1645 4806 consilio,
1664 4747 1723 4795 re-

313 4855 543 4959 sponderunt
554 4854 594 4931 id
605 4854 708 4931 idem
720 4856 824 4961 quod
836 4854 968 4933 fratres
981 4855 1178 4933 existentes
1190 4854 1230 4929 in
1245 4854 1359 4930 domo
1366 4850 1545 4929 lobannis
1552 4848 1722 4928 Rosselli.

393 4990 499 5055 rancis
519 5012 572 5055 ors
592 5012 761 5056 ratramnus.
775 5027 817 5040 -
831 5014 851 5054 1.
1537 5007 1573 5047 21
