4080 6052
306 562 379 639 ses
686 539 888 634 esoces
913 555 1009 630 uns
1035 552 1338 630 ruurmnns.

305 704 507 809 abnegaret
527 700 652 780 Deum
678 716 716 778 et
742 701 848 808 quod
873 714 1027 805 spueret
1050 712 1165 803 super
1190 694 1405 804 ymaginem
1431 691 1470 767 in
1500 691 1606 768 dicto
1630 687 1731 770 Issrro

306 835 542 925 existentem,
556 849 595 910 et
607 831 700 909 dixit
712 831 747 909 ei
759 831 863 939 quod
876 828 1045 937 predicta
1057 826 1248 904 debebant
1261 824 1344 902 fieri
1360 821 1574 900 secundum
1589 824 1729 928 puncta

305 965 460 1043 ordinis.
483 962 580 1040 Cum
599 964 680 1069 ipse
702 962 808 1040 testis
828 959 969 1039 diceret
988 959 1023 1035 ei
1042 957 1235 1065 quomodo
1255 971 1383 1062 posset
1399 954 1523 1031 lacere
1535 952 1722 1061 predicta,

306 1095 396 1203 quia
421 1092 554 1201 religio
578 1093 774 1171 dicebatur
794 1120 878 1170 esse
901 1089 1009 1168 valde
1031 1105 1171 1181 sancta,
1195 1105 1234 1164 et
1260 1087 1383 1163 dictus
1408 1101 1583 1190 receptor
1608 1083 1722 1161 dixit:

304 1228 388 1304 Non
410 1252 537 1313 cures,
559 1240 597 1300 et
616 1242 708 1302 tunc
732 1221 926 1331 abnegavit
942 1239 1007 1298 ore
1027 1247 1104 1297 non
1122 1218 1252 1306 corde,
1272 1234 1311 1294 et
1326 1216 1429 1322 spuit
1447 1242 1526 1292 non
1544 1209 1658 1320 supra
1674 1213 1723 1292 di·

305 1372 403 1432 ctam
421 1354 634 1462 ymaginem
649 1355 717 1431 sed
731 1355 853 1462 juxta,
870 1353 921 1428 ita
938 1350 1071 1428 dolens
1085 1367 1122 1427 et
1134 1349 1267 1437 tristis,
1283 1365 1328 1425 ut
1340 1346 1450 1435 dixit,
1467 1344 1518 1422 de
1528 1344 1722 1451 predictis,

307 1482 413 1590 quod
431 1499 523 1558 tunc
541 1482 661 1587 magis
677 1481 858 1559 voluisset
879 1507 961 1557 esse
983 1479 1028 1555 in'
1047 1478 1176 1555 medio
1199 1477 1313 1553 maris
1330 1472 1391 1553 vel
1414 1473 1524 1552 aliter
1534 1491 1722 1564 mortuum

308 1630 347 1689 et
364 1611 517 1719 quando
538 1611 648 1689 exivit
667 1611 716 1688 de
738 1612 839 1689 dicto
858 1610 960 1699 Ioco,
981 1609 1021 1686 in
1041 1624 1244 1714 conspectu
1265 1606 1438 1684 omnium
1458 1605 1558 1682 flevit
1580 1632 1719 1694 amare;

307 1756 345 1820 et
361 1770 577 1848 quanquam
596 1741 767 1819 videntes
787 1768 876 1817 eum
895 1740 987 1817 flere
1006 1735 1244 1846 requirerent
1261 1735 1366 1844 quod
1383 1735 1577 1821 habuerat,
1597 1707 1743 1810 noluit'

305 1871 481 1949 revelare.
503 1874 592 1950 Post
611 1872 728 1950 dictas
744 1871 1034 1979 abnegacionem
1052 1886 1091 1946 et
1106 1868 1364 1974 spuicionem,·
1375 1864 1538 1972 precipit
1552 1865 1587 1941 ei
1602 1864 1718 1942 dietus

305 1987 477 2104 re'ceptor
495 2001 600 2108 quod
623 2000 856 2077 oscularetur
880 2026 969 2076 eum
992 1998 1033 2076 in
1057 2024 1168 2074 carne
1193 1996 1298 2073 nuda
1321 1996 1420 2072 inter
1442 1992 1669 2071 umbilicum
1687 2012 1723 2070 et

305 2144 451 2235 pectus,
480 2129 589 2235 quod-
605 2127 764 2218 etfacit,
786 2145 825 2206 et
843 2128 937 2204 dixit
960 2126 1134 2233 siquod,
1160 2125 1371 2203 secundum
1398 2140 1540 2228 puncta
1565 2124 1720 2213 ordinis,

309 2256 471 2335 debebat
496 2285 585 2334 eum
605 2253 764 2335 osculari
789 2259 830 2333 in
850 2257 1064 2365 an03'quod
1083 2273 1211 2333 tamen
1230 2255 1356 2333 noluit
1375 2252 1515 2342 facere,
1536 2282 1609 2332 nec
1626 2282 1722 2334 rece·

305 2402 394 2492 ptor
413 2387 535 2493 coegit
555 2395 656 2464 eum.
674 2386 777 2467 Dixit
791 2388 827 2465 ei
841 2388 996 2492 insuper
1007 2367 1289 2492 quod,'s'i'calor
1302 2383 1482 2462 naturalis
1496 2385 1718 2492 requireret,

305 2533 452 2622 poterat
467 2545 506 2593 se
531 2515 750 2624 refrigerare
770 2536 857 2594 cum
876 2515 1053 2601 fratribus
1072 2516 1172 2605 suis,
1188 2515 1295 2621 quod
1311 2540 1510 2620 nunquam
1529 2513 1634 2603 feeit,
1657 2543 1721 2593 uec

306 2645 411 2722 scivit
442 2646 547 2752 quod
573 2647 684 2725 fieret
708 2673 778 2753 per
804 2645 896 2724 alios
918 2647 959 2723 in
988 2645 1134 2723 ordine.
1161 2646 1250 2723 Post
1277 2671 1353 2751 que
1378 2643 1538 2721 tradidit
1565 2645 1601 2723 ei
1625 2674 1721 2722 man·

306 2775 440 2853 tellum
458 2778 616 2868 ordinis,
639 2796 677 2856 et
693 2778 773 2885 ipsc
797 2777 916 2855 etalii
936 2775 1068 2855 fratres
1087 2793 1247 2854 astantes
1266 2773 1424 2854 fuerunt
1442 2775 1596 2855 osculati
1615 2758 1720 2854 eum·¹

308 2902 395 2980 dem
414 2921 549 2983 testem
566 2910 699 2987 inore.

363 3035 474 3125 Item,
493 3037 590 3114 dixit
608 3039 718 3144 quod*
729 3040 809 3144 ipse
827 3039 950 3129 testis,
972 3039 1182 3118 secundum
1201 3038 1362 3116 modum
1380 3039 1611 3144 predictum,
1625 3065 1718 3116 rece

305 3163 362 3268 pit
390 3163 551 3254 multos,
584 3166 631 3243 de
656 3167 796 3274 quibus
823 3169 1029 3247 nominavit
1054 3169 1185 3246 fratres
1207 3170 1420 3246 Iohannem
1445 3168 1493 3247 de
1520 3168 1719 3247 Leniambe

306 3290 546 3380 servientem,
567 3313 760 3402 receptum
780 3325 849 3403 per
867 3326 956 3374 eum
975 3299 1016 3374 in
1036 3299 1133 3376 dicta
1153 3297 1266 3376 domo
1282 3299 1331 3375 de
1348 3297 1511 3407 Valleya,
1534 3299 1635 3375 inter
1651 3298 1722 3377 ses·

305 3439 388 3498 tum
401 3423 610 3504 Candelose
625 3445 661 3503 et
673 3427 1024 3536 Quadragessimam
1040 3428 1219 3506 instantes
1235 3447 1348 3507 erunt
1363 3456 1422 3509 rvr
1438 3428 1522 3503 anni
1536 3429 1592 3504 vel
1605 3428 1714 3517 circa,

304 3555 542 3658 presentibus
565 3555 742 3636 fratribus
770 3556 960 3638 Gausredo
986 3558 1033 3635 dc
1056 3560 1212 3650 Trechi,
1241 3561 1445 3637 Humberto
1470 3557 1516 3632 de
1539 3556 1712 3666 Valeyre,

303 3683 462 3760 Martino
485 3684 531 3761 de
547 3687 739 3781 Burivilla,
756 3682 867 3767 Petro
889 3690 937 3766 de
956 3688 1156 3782 Vaucellis,
1173 3707 1212 3766 et
1230 3689 1453 3796 quibusdam
1472 3686 1552 3764 aliis
1565 3687 1615 3765 de
1634 3688 1716 3795 qui·

303 3809 375 3889 bus
394 3840 473 3890 non
491 3817 720 3895 recordatur.

359 3942 470 4034 Item,
490 3942 642 4023 fratrem
660 3949 872 4026 Iohannem
891 3950 939 4027 de
955 3951 1082 4037 Sanci,
1102 3978 1219 4056 quem
1230 3950 1422 4057 recepitin
1439 3947 1554 4026 domo
1571 3947 1718 4055 Templi

304 4069 351 4146 de
384 4073 492 4148 Sanci
525 4077 721 4154 Trecensis
752 4075 926 4165 diocesis,
960 4079 1057 4156 circa
1082 4077 1220 4155 festum
1251 4079 1351 4157 beati
1377 4079 1528 4155 Martini
1551 4077 1717 4156 hiemalis

302 4202 472 4304 proximo
490 4205 715 4309 preteritum
730 4206 886 4284 luerunt
902 4235 952 4286 x11
968 4209 1055 4284 anni
1075 4207 1132 4284 vel
1154 4209 1266 4300 circa,
1286 4208 1528 4314 presentibus
1547 4207 1717 4286 fratribus

302 4328 332 4402 F
334 4327 468 4407 ulcone
489 4334 536 4410 de
555 4335 701 4428 Trecis,
725 4336 863 4414 Iacobo
884 4337 930 4413 de
957 4339 1066 4416 Sanci
1089 4355 1127 4414 et
1148 4336 1340 4444 Stephano
1361 4339 1409 4415 de
1417 4338 1627 4418 Villaribus
1645 4365 1717 4417 ser·

302 4456 503 4551 viantibus,
520 4464 566 4539 de
587 4493 751 4569 quorum
769 4467 843 4542 vita
860 4466 920 4543 vel
934 4484 1054 4544 morte
1075 4496 1152 4546 non
1173 4485 1229 4544 est
1247 4486 1380 4546 certus.

357 4587 470 4677 Item,
491 4596 633 4700 recepit
652 4595 864 4700 predictum
885 4595 1092 4677 Fulconem
1114 4600 1160 4675 de
1186 4599 1329 4691 Trecis,
1353 4599 1392 4675 in
1418 4598 1516 4675 dicta
1535 4596 1653 4677 domo
1672 4599 1714 4677 de

302 4714 427 4811 Sauci,
469 4720 564 4796 circa
600 4724 738 4803 sestum
775 4726 876 4805 beati
912 4729 1061 4806 Martini
1100 4730 1271 4836 proximo
1304 4729 1530 4836 preteritum
1566 4728 1712 4809 fuerunt

303 4858 409 4921 x11110‘
432 4849 519 4924 anni
542 4851 600 4931 vel
625 4855 737 4951 circa,
762 4859 1000 4964 presentibus
1023 4859 1202 4940 fratribus
1225 4861 1437 4944 Humberto
1467 4861 1515 4939 de
1543 4861 1708 4967 valoyre
