4080 6052
304 507 378 579 sae
692 483 1004 581 peccasses
1029 498 1325 571 raurunas.

302 642 448 731 minoe,
469 641 592 747 ydolis
607 659 644 727 et
658 640 839 728 cordulis,
856 637 1051 743 respondit
1066 662 1107 723 se
1125 635 1244 715 nichil
1265 637 1358 721 scire
1376 637 1447 723 nisi
1437 637 1659 727 dumtaxat
1673 642 1720 725 de

304 771 473 856 cordula,
492 771 634 878 quedl
631 773 686 851 uit
705 772 775 855 sibi
798 770 934 855 tradita
952 785 989 847 et
1004 783 1224 959 prereptum
1243 767 1350 873 quod
1365 794 1408 851 aa
1425 769 1643 876 cingerenrr
1659 799 1721 851 su*

304 929 372 1006 per
391 903 578 985 canusiam
597 903 646 985 de
663 919 785 980 nocte.

359 1036 472 1120 lteru
499 1061 612 1138 snper
643 1034 832 1117 contentis.
853 1032 891 1109 in
918 1056 1014 1111 arxu
1045 1047 1084 1117 et
1111 1057 1146 1107 ru
1177 1028 1425 1134 aequantibus
1452 1005 1659 1135 respondit
1679 1062 1718 1113 ae

303 1162 418 1245 nichil
436 1162 539 1239 aliucl
557 1163 658 1246 scire.
674 1163 744 1241 nisi
766 1164 804 1239 in
830 1178 1016 1268 quantum
1042 1188 1153 1264 supra
1172 1159 1350 1264 deposuit
1372 1187 1412 1244 se
1437 1159 1596 1245 credere
1614 1164 1714 1268 prod

303 1292 353 1375 ita
371 1293 626 1399 reciperentur
639 1293 700 1369 alii
719 1293 817 1371 sicut
835 1291 1011 1398 deposuit
1030 1318 1069 1367 se
1089 1290 1203 1377 luisse
1223 1306 1428 1396 receptum.
1451 1307 1489 1366 et
1511 1291 1617 1396 quud
1636 1321 1717 1398 pre·

304 1423 509 1528 cipiehatur
527 1424 583 1507 eis
600 1451 668 1531 per
688 1427 946 1532 juramentum
966 1421 1071 1528 quod
1098 1446 1180 1518 non
1199 1419 1421 1508 revellerent
1440 1422 1625 1525 predicta,
1652 1423 1717 1503 sad

303 1552 332 1629 si
352 1551 601 1638 revellassent‚
623 1553 832 1657 nescitque
851 1579 947 1658 pena
966 1549 1097 1629 fuisset
1112 1550 1165 1626 eis
1181 1550 1371 1656 imposita,
1386 1579 1456 1627 nec
1476 1551 1717 1639 inhibebatur

304 1683 356 1757 eis
375 1683 480 1787 quod
499 1710 574 1761 non
595 1682 864 1761 confiterentur
878 1682 949 1763 nisi
967 1679 1144 1767 fratribus
1163 1680 1420 1767 sacerdotibus
1439 1681 1593 1767 ordinis.

358 1815 469 1899 Item,
505 1840 617 1917 super
646 1813 829 1896 contentis
857 1812 897 1887 in
931 1838 1073 1891 axx-1111
1102 1827 1139 1887 et
1165 1837 1217 1895 nr
1240 1808 1488 1917 sequentibus
1522 1813 1713 1924 respondit

303 1969 340 2019 se
361 1942 476 2021 nichil
496 1943 599 2023 scire·
613 1942 684 2019 nisi
706 1945 812 2049 quod
840 1971 952 2048 supra
977 1941 1153 2047 deposuit
1173 1941 1220 2025 de
1240 1941 1354 2021 modo
1375 1941 1621 2047 receptionis,
1648 1943 1714 2025 sed

303 2072 423 2153 credit
441 2073 545 2177 quod
563 2071 717 2155 suenrnt
736 2073 965 2180 negligentes
984 2073 1023 2149 in
1044 2071 1275 2176 corrigendo.

358 2201 468 2288 Item,
485 2231 597 2307 super
620 2204 804 2285 contentis
823 2204 862 2279 in
886 2229 996 2289 aevu,
1019 2230 1096 2292 vui,
1121 2205 1197 2281 vnn
1218 2219 1295 2278 etc
1319 2201 1515 2306 respondit
1538 2231 1713 2285 nonense

302 2359 385 2407 vera
405 2349 577 2411 contenta
596 2333 636 2409 in
656 2334 726 2420 eis,
753 2334 840 2438 quia
867 2332 1085 2413 ellcmosine
1106 2361 1150 2407 er
1168 2350 1345 2445 precepto
1365 2332 1608 2437 superiorum
1626 2363 1713 2421 oon-

302 2460 493 2542 venieuter
508 2461 648 2539 fiebant
663 2462 840 2541 omnibus
854 2461 1144 2549 transeuntibus,
1167 2479 1205 2538 et
1222 2461 1338 2539 eciam
1358 2477 1416 2536 ter
1435 2462 1661 2568 generaliter
1674 2464 1714 2549 is

303 2591 523 2696 septimana,
552 2609 588 2669 ct
609 2593 843 2698 hospitalitas
871 2592 1132 2704 convenienter
1159 2591 1370 2679 servabatur
1395 2592 1434 2669 in
1469 2592 1648 2679 domibus
1675 2595 1713 2680 in

303 2721 440 2825 quibus
463 2740 630 2800 moratus
658 2722 747 2809 fuit,
778 2722 952 2801 videlicet
977 2723 1078 2828 apud
1103 2721 1309 2830 Oysemnnt
1336 2738 1374 2799 et
1398 2721 1645 2831 Cherubugle,
1673 2743 1711 2801 et

176 2864 180 2869 ’
303 2850 542 2931 inhibebatur
556 2856 659 2959 quod
675 2883 752 2930 non
766 2853 1000 2959 acquirerent
1013 2852 1155 2957 aliquid
1176 2850 1344 2941 indebite
1362 2851 1499 2941 ordini,

359 2979 467 3069 Item,
501 2982 548 3058 ad
583 3009 672 3060 cr-vr
708 2983 901 3087 respondit
934 2982 1040 3088 quod
1066 2982 1165 3063 elam-
1195 2980 1337 3069 fiebant
1366 2981 1531 3087 capitida
1555 2981 1710 3065 exclusis

187 3148 193 3161 ·
305 3106 480 3183 omnibus
499 3111 564 3213 qui
592 3138 666 3185 non
694 3130 797 3186 erant
821 3112 867 3187 de
896 3112 1044 3202 ordine,
1071 3104 1109 3186 et
1134 3110 1334 3215 aliquando
1364 3110 1639 3216 incipiebamur
1664 3113 1710 3189 de

305 3253 430 3324 nocte,
451 3255 493 3313 ut
512 3237 640 3319 fratres
659 3258 810 3344 possent
830 3241 876 3315 de
903 3242 964 3317 die
986 3241 1179 3318 intendere
1200 3240 1377 3346 operibus
1396 3240 1489 3332 suis,
1512 3258 1554 3316 ut
1574 3244 1712 3320 audivit

305 3365 393 3454 dicir
420 3367 488 3449 elia
513 3369 606 3445 dixit
627 3400 665 3448 se
691 3371 835 3448 nescire
861 3371 908 3446 de
938 3371 1120 3452 contentis
1147 3371 1185 3444 in
1211 3370 1301 3475 ipsis
1326 3370 1497 3451 articulis.

361 3482 470 3587 Item,
503 3527 615 3602 super
643 3500 826 3574 contentis
855 3500 892 3574 in
923 3526 1045 3577 ctu-rr
1070 3500 1262 3603 respondit
1288 3529 1327 3575 se
1355 3527 1427 3587 non
1450 3500 1600 3579 credere
1627 3529 1708 3579 esse

304 3655 402 3713 vera,
426 3644 462 3703 et
481 3630 586 3733 quod
605 3658 682 3704 non
701 3647 909 3735 reputasset
928 3659 966 3706 se
987 3628 1202 3707 absolutum
1221 3629 1251 3705 si
1272 3629 1509 3720 absolvissent
1527 3651 1629 3705 cum.

360 3758 470 3847 Item,
493 3775 665 3836 contenta
684 3760 722 3835 in
743 3787 813 3837 cau
832 3777 869 3838 et
887 3788 948 3839 run
968 3760 1161 3865 respondit
1181 3787 1220 3835 se
1240 3761 1392 3839 credere
1414 3787 1498 3835 vera
1517 3788 1618 3849 esse,
1641 3762 1711 3847 uisi

306 3888 479 3993 Magister
503 3889 680 3966 voluisset
705 3889 828 3994 aliqua
847 3890 1018 3969 ordinare
1039 3919 1113 3994 que
1141 3888 1296 3970 luissent
1318 3908 1446 3983 contra
1465 3890 1710 3973 substanciam

306 4018 462 4108 ordinis,
484 4019 571 4123 quia
584 4019 647 4094 illa
663 4048 738 4094 non
757 4020 955 4125 potuisset,
977 4035 1020 4094 ut
1036 4019 1170 4104 credit,
1191 4020 1380 4096 ordinasse
1397 4020 1541 4125 absque
1557 4025 1712 4103 aucteri-

305 4165 383 4225 tete-
399 4149 596 4254 apostolice
617 4150 737 4229 Sedis.

361 4279 470 4370 Item,
490 4310 601 4384 super
626 4307 723 4357 cxuu
749 4296 786 4355 et
810 4279 985 4356 omnibus
1012 4279 1256 4385 sequentibus
1279 4282 1474 4386 rospondit
1498 4311 1538 4359 se
1564 4284 1710 4363 credere

306 4408 410 4511 quod
429 4408 541 4517 longo
560 4426 746 4514 tempore,
764 4410 832 4487 scd
846 4409 963 4487 nescit
978 4408 1141 4513 quando,
1160 4408 1249 4484 dicti
1270 4439 1412 4489 errores
1432 4410 1708 4491 duraveruntin

307 4536 453 4623 ordine,
476 4556 513 4613 et
536 4540 640 4643 quod
664 4540 819 4619 luerunt
839 4539 1070 4646 negligentes
1095 4539 1133 4615 in
1154 4539 1372 4645 corrigendo
1393 4558 1431 4618 et
1450 4542 1709 4623 denunciando

186 4692 190 4698 ’
307 4664 470 4751 eosdem,
489 4682 526 4742 et
537 4669 642 4769 quod
653 4669 817 4772 predicta
832 4685 956 4749 essent
969 4686 1055 4746 nota
1069 4669 1166 4747 iuter
1181 4667 1308 4753 fratres
1321 4670 1482 4762 ordinis,
1497 4700 1577 4751 non
1590 4690 1706 4749 tamen

305 4791 402 4870 inter
422 4810 629 4886 extraneos,
650 4816 687 4875 et
705 4799 810 4904 quod
824 4826 868 4882 er
887 4799 960 4877 hiis
978 4799 1132 4906 grandia
1147 4798 1320 4877 scandala-
1336 4801 1411 4878 sint
1431 4819 1577 4889 exorta,
1592 4819 1627 4879 et
1643 4823 1705 4875 ru·
