4080 6052
307 520 377 596 rso
561 602 569 615 ‚
687 498 1000 595 rnocdsnss
1026 516 1328 593 rsurmnss.

303 658 1083 770 dequofacerentprocuratore'r,etpetunt
1091 658 1721 769 masiliumetpresenciammagis

301 809 495 870 trorumet
504 791 740 897 superiorum
752 789 1116 896 suobum.-Requisiti
1124 788 1717 895 iusupersialiquasracionesuel

305 921 540 1000 defensiones
550 950 619 1027 pro
636 921 735 998 (11610
748 921 881 998 ordine
891 919 1067 997 rotabant
1082 946 1293 1025 proponere
1306 919 1366 996 vel
1381 916 1527 1010 dicere,
1544 920 1718 1001 dirutus

303 1055 409 1157 quod
427 1053 520 1129 ordo
547 1069 627 1128 erat
650 1051 789 1141 bonus,
811 1067 958 1128 sanctm
977 1066 1015 1129 et
1031 1049 1180 1155 legabs,
1200 1066 1244 1126 et·
1258 1050 1365 1155 qued
1383 1049 1661 1133 omnebonum
1678 1052 1717 1127 in

305 1210 349 1258 eo
369 1180 587 1287 injungitur,
616 1197 655 1256 et
672 1206 785 1257 omne
805 1178 948 1257 malurn
966 1178 1194 1284 prohibitur,
1214 1194 1254 1257 et
1270 1177 1387 1256 nichil
1406 1178 1510 1263 aliud
1529 1179 1713 1263 dixemnt.

359 1444 448 1518 Post
462 1442 548 1528 hec,
570 1469 659 1517 cum
672 1440 890 1517 rideremus
905 1438 1010 1544 quod
1024 1437 1136 1515 multi
1153 1437 1325 1517 ecdicos
1342 1437 1535 1528 fratdbus,
1555 1455 1595 1516 et
1611 1444 1715 1546 quasi

304 1598 451 1662 omnes,
477 1569 656 1675 petebant
675 1568 817 1646 habere
838 1567 1036 1645 consilium
1059 1585 1097 1643 et
1124 1567 1439 1649 deliberacionem
1459 1569 1714 1674 predictorum

303 1698 460 1774 fratrum
469 1697 648 1806 Raynaldi
658 1697 857 1775 dePruino
868 1699 957 1773 etP.
973 1697 1021 1773 ds
1029 1696 1214 1787 Bononia,
1225 1714 1262 1773 et
1269 1699 1524 1803 quorumdam
1534 1698 1712 1787 aliorum,

303 1829 524 1906 revenimus·
536 1829 583 1906 ad
602 1828 833 1935 presenciam
858 1826 1001 1905 domini
1020 1827 1240 1934 bajocensis.
1260 1829 1351 1921 Quo
1366 1829 1436 1907 sibi
1455 1830 1639 1934 exposito,
1657 1832 1716 1909 di-

304 1987 391 2040 cens
407 1960 511 2065 quod
528 1987 596 2036 sua
612 1974 650 2034 et
666 1956 825 2037 aliorum
843 1956 1086 2034 dominorum
1100 1957 1441 2035 commissariorum
1456 1959 1618 2041 intencio
1635 1980 1716 2041 erat

303 2087 373 2164 hac
396 2088 546 2165 instanti
565 2087 626 2165 die
645 2088 773 2165 Martis
792 2087 832 2162 in
852 2086 951 2163 dicto
976 2086 1133 2192 negocio
1158 2088 1380 2192 procedere,
1405 2106 1444 2166 et
1462 2090 1622 2170 ulterius
1638 2120 1712 2169 non

304 2234 512 2323 expectare,
529 2216 647 2294 voluit
659 2217 765 2324 quud
778 2215 911 2322 prefati
926 2215 1058 2295 fratres
1070 2220 1113 2302 ll.
1136 2217 1183 2295 de
1200 2218 1340 2296 Pruino
1359 2236 1396 2297 et
1407 2222 1447 2307 P.
1465 2222 1511 2300 de
1527 2221 1709 2311 Bononia,

303 2376 344 2422 ac
375 2348 506 2425 fratres
536 2347 765 2426 Guillelmus
792 2349 839 2426 de
862 2347 1130 2427 Cbambonnet
1152 2366 1192 2426 et
1216 2350 1447 2429 bertrandus
1477 2352 1524 2427 de
1553 2351 1713 2459 Sartiges

302 2478 456 2571 milites,
473 2478 701 2557 ducerentur
717 2480 765 2556 ad
779 2479 945 2585 singulas
960 2479 1154 2556 societates
1166 2480 1599 2583 fratrumpredictorum
1616 2482 1714 2559 Pari—

304 2607 380 2684 sius
401 2607 661 2695 existendum,
685 2608 750 2712 qui
767 2634 809 2685 se
832 2606 1054 2683 obtulerunt
1071 2608 1121 2683 ad
1140 2606 1397 2683 defensionem
1415 2608 1558 2684 ordinis
1577 2639 1716 2688 memo·

302 2735 388 2825 rati,
407 2752 451 2810 ut
467 2764 554 2812 cum
572 2737 626 2813 eis
645 2735 852 2812 deliberare
867 2750 1021 2838 possent
1038 2734 1085 2809 de
1105 2733 1374 2812 constituendis
1390 2738 1714 2840 procuratoribus,

304 2879 341 2938 et
354 2864 566 2942 racionibus
578 2883 617 2941 et
630 2863 912 2942 defensionibus
924 2863 1068 2939 ordinis
1079 2861 1259 2940 faciendis
1273 2882 1312 2941 et
1324 2866 1599 2969 proponendis,
1613 2885 1652 2943 et
1666 2870 1715 2945 de

303 2991 384 3067 aliis
407 2994 575 3098 agendis,
598 3011 635 3069 et
651 2995 757 3098 quod
781 2991 894 3098 aliqui
913 3021 958 3070 ex
976 2994 1085 3070 nobis
1104 2994 1258 3070 notariis
1278 2995 1409 3071 iterato
1432 3024 1518 3072 cum
1538 2996 1592 3073 eis
1613 2998 1713 3075 redi-

303 3148 429 3198 remus
449 3123 496 3198 ad
514 3121 644 3198 fratres
662 3122 865 3227 predictos,
887 3140 925 3199 et
949 3124 1166 3200 audiremus
1193 3124 1316 3200 adhuc
1347 3154 1391 3200 ex
1418 3126 1651 3204 habundanti
1681 3129 1708 3204 si

303 3249 443 3327 vellent
458 3252 603 3358 aliquos
617 3268 876 3357 procuratores
894 3252 1119 3330 constituere
1137 3254 1184 3330 ad
1202 3253 1457 3332 defensionem
1474 3256 1632 3358 predicti
1652 3285 1708 3337 or-

304 3381 418 3468 dinis,
444 3397 482 3458 et
505 3381 535 3458 si
563 3382 657 3487 quid
678 3409 888 3486 proponere
914 3381 1069 3468 vellent,
1096 3383 1328 3476 audiremus,
1361 3402 1398 3462 et
1421 3386 1708 3492 significaremus

305 3511 357 3585 eis
372 3511 481 3616 'quod
501 3511 589 3617 dicti
612 3511 756 3588 domini
782 3511 1041 3600 commissarii,
1068 3541 1145 3588 non
1166 3515 1392 3618 expectando
1419 3515 1594 3603 ulterius,
1616 3517 1709 3594 dicta

305 3640 367 3717 die
386 3641 515 3718 Martis
529 3642 688 3762 indicto
701 3641 856 3747 negocio
875 3644 1137 3747 procederent,
1158 3660 1202 3719 ut
1213 3643 1278 3749 jus
1296 3661 1407 3733 esset,
1423 3646 1593 3751 adquam
1610 3647 1709 3724 diem

305 3769 373 3874 ipsi
398 3768 529 3848 fratres
557 3770 749 3847 mitterent
776 3770 944 3848 raciones
972 3788 1011 3850 61
1038 3771 1289 3860 defensiones,
1308 3775 1339 3851 si
1356 3804 1449 3881 quas
1472 3777 1654 3855 haberent
1674 3795 1710 3853 et

303 3900 442 3977 vellent
451 3925 660 4006 proponere
676 3900 725 3977 ad
738 3899 995 3978 defensionem
1007 3901 1148 3978 ordinis
1160 3905 1361 4009 supradicti
1372 3964 1381 3994 ,
1394 3923 1432 3982 et
1446 3906 1550 4011 quod
1560 3907 1710 3983 nichilo

304 4031 429 4107 minus
449 4033 502 4108 eis
517 4032 614 4109 tradi
631 4030 838 4108 faceremus
855 4030 1028 4136 papirum
1046 4032 1105 4111 vel
1121 4061 1390 4142 pergamenum
1410 4053 1447 4111 61
1469 4036 1706 4121 incaustrum,

305 4158 351 4233 ad
368 4162 608 4239 scribendum
625 4162 792 4240 raciones
807 4179 846 4238 et
863 4160 1099 4241 defensiones
1115 4191 1209 4241 suas.

358 4419 446 4495 Post
462 4420 532 4496 bec
543 4448 631 4497 vero
647 4420 821 4525 magister
828 4419 993 4500 Amisius
1013 4421 1202 4528 predictus
1221 4441 1258 4500 et
1274 4451 1343 4532 ego
1357 4425 1569 4505 Bernardus
1584 4426 1706 4504 Filioli

303 4546 437 4622 ivimus
456 4550 557 4650 apud
583 4567 745 4627 sanctam
769 4548 1013 4639 Genovefam,
1046 4551 1111 4629 ubi
1135 4569 1239 4630 erant
1258 4569 1343 4632 xv111
1369 4553 1515 4641 fratres,
1536 4555 1707 4634 videlicet

302 4671 426 4749 Helias
454 4674 501 4751 de
529 4676 758 4755 Chalbistrac
781 4677 976 4783 presbiter,
995 4681 1128 4759 iterius
1149 4683 1412 4761 deLeburhac
1434 4685 1560 4773 miles,
1586 4685 1707 4763 Hebes

300 4800 501 4908 Aymerici,
513 4803 552 4880 P.
572 4803 619 4883 de
642 4806 762 4882 Lonhi
779 4822 976 4911 preceptor
995 4811 1042 4887 de
1056 4812 1275 4899 Somorens,
1295 4813 1467 4892 Galterus
1480 4815 1528 4891 de
1545 4815 1703 4903 Enonia,
