4080 6052
523 562 595 634 sss
912 537 1103 630 raocns
1130 552 1225 626 ons
1250 552 1549 625 enuncians.

521 700 676 786 blicam,
704 716 742 776 et
769 695 1005 805 intelligebat
1029 696 1220 784 Latinum,
1250 712 1288 771 et
1313 693 1502 770 renovarit
1526 691 1854 798 protestacionem
1890 721 1959 799 per

524 832 649 936 ipsum
671 845 709 906 ct
732 827 826 906 alios
844 826 978 905 factam
997 827 1148 934 quando
1163 825 1395 934 juraverunt.

583 1088 733 1167 Eisdem
758 1085 818 1164 die
855 1107 893 1167 et
921 1088 1023 1174 loco,
1046 1085 1124 1162 fuit
1158 1083 1349 1160 adductus
1380 1083 1427 1159 ad
1461 1084 1692 1190 presenciam
1725 1084 1948 1161 eorumdem

527 1220 767 1297 dominorum
793 1217 1135 1296 commissariorum
1161 1214 1276 1291 frater
1303 1214 1471 1292 Peneius
1492 1213 1540 1293 de
1575 1214 1684 1292 Bono
1715 1214 1847 1321 Opere
1877 1242 1950 1292 ser-

526 1353 643 1437 viens,
662 1351 913 1457 Lingonensis
939 1347 1114 1437 diocesis,
1138 1345 1245 1435 testie
1269 1373 1380 1450 supra
1401 1344 1567 1452 janatus,
1590 1363 1633 1422 ut
1664 1344 1880 1450 deponeret
1904 1345 1954 1422 di·

529 1499 631 1557 ctum
652 1500 777 1569 suum,
794 1505 872 1555 non
891 1477 1078 1554 defferens
1090 1472 1311 1552 mantellum
1325 1472 1487 1565 ordinis,
1508 1474 1596 1580 quia
1617 1472 1747 1579 ipsum
1760 1473 1954 1552 dimiserat

529 1612 567 1686 in
604 1607 761 1686 concilio
796 1608 1004 1686 &nonensi
1041 1634 1128 1683 cum
1160 1604 1335 1711 pluribus
1366 1603 1464 1692 aliis,
1498 1603 1749 1710 postmodum
1780 1605 1860 1681 radi
1897 1604 1949 1680 le·

530 1757 629 1817 cerat
657 1737 728 1815 sibi
756 1737 927 1825 barbam,
942 1765 1030 1813 cum
1052 1764 1129 1842 quo
1145 1734 1265 1813 luerat
1278 1734 1520 1840 inquisitum,
1540 1734 1744 1812 absolutus
1760 1752 1798 1811 et
1822 1762 1949 1812 recon-

413 1905 415 1909 ’
531 1869 677 1947 ciliatus
691 1895 762 1973 per
775 1867 976 1945 dominum
996 1865 1215 1972 episcopum
1236 1864 1500 1952 Parisiensem,
1523 1865 1629 1943 etatis
1644 1890 1743 1943 xxxv
1769 1892 1949 1943 annorum

533 2000 587 2075 vel
616 2000 726 2087 circa,
761 2015 806 2074 ut
831 1997 968 2083 credit,
994 1997 1061 2103 qui
1084 1995 1156 2073 fnit
1183 2011 1408 2101 protestatus
1428 1996 1531 2101 quod
1562 2023 1640 2072 non
1657 1996 1886 2075 intendebat
1907 2025 1954 2073 re

532 2129 667 2204 cedere
696 2157 716 2202 a
744 2127 987 2231 deposicione
1018 2153 1087 2232 per
1114 2145 1207 2203 eum
1239 2126 1332 2203 lacta
1370 2154 1497 2203 coram
1528 2126 1631 2204 dicto
1660 2126 1829 2205 domino
1861 2126 1956 2203 Pari·

534 2258 663 2348 siensi,
688 2274 728 2332 et
763 2257 792 2335 si
816 2256 926 2333 alind
946 2257 1104 2346 diceret,
1125 2257 1231 2362 quod
1259 2283 1336 2332 non
1364 2255 1515 2333 obesset
1535 2256 1588 2344 ei,
1614 2274 1653 2333 et
1682 2256 1810 2334 iuerat
1837 2273 1956 2334 eustos

483 2392 488 2402 “
535 2416 666 2495 magne
694 2414 840 2463 camere
859 2387 984 2492 magni
1011 2387 1175 2493 Magistri
1202 2385 1301 2463 ultra
1330 2414 1449 2476 mare,
1480 2414 1549 2491 per
1572 2385 1790 2464 dimedium
1819 2412 1955 2463 annam

532 2517 589 2594 vel
609 2518 721 2608 circa,
739 2533 941 2621 antequam
961 2516 1084 2593 dictus
1100 2516 1431 2623 Magisterveniret
1443 2515 1534 2593 citra
1549 2544 1664 2593 mare.
1687 2518 1817 2595 Lectis
1829 2535 1956 2595 antem

534 2666 572 2725 et
592 2647 794 2754 diligenter
815 2647 991 2752 expositis
1007 2646 1079 2724 sibi
1105 2646 1281 2725 omnibus
1312 2661 1350 2722 et
1379 2646 1535 2753 singulis
1559 2646 1745 2736 articulis,
1762 2648 1958 2755 respondit

534 2777 581 2852 ad
608 2806 688 2865 eos,
722 2794 761 2853 et
784 2778 907 2883 primo
935 2778 982 2855 ad
1013 2777 1155 2884 primos
1184 2803 1266 2865 tin,
1292 2804 1334 2853 se
1364 2778 1508 2853 nescire
1536 2777 1769 2856 sicontenta
1787 2779 1824 2854 in
1846 2777 1955 2854 dictis

536 2908 701 2984 articulis
724 2926 829 2985 erant
854 2937 937 2985 vera
961 2907 1020 2985 vel
1041 2936 1135 2997 non,
1161 2908 1249 3014 quia
1278 2935 1356 2984 non
1382 2908 1526 2985 viderat
1548 2907 1716 3014 aliquem
1745 2908 1856 2985 alium
1881 2907 1955 2984 fra·

536 3055 633 3110 trem
653 3037 692 3112 in
712 3037 887 3113 ordinem
908 3039 1040 3144 recipi,
1062 3039 1140 3144 ipse
1169 3052 1296 3115 antem
1318 3055 1493 3143 receptus
1515 3037 1637 3115 fuerat
1658 3040 1699 3114 in
1713 3038 1879 3147 quadam
1896 3066 1956 3114 oa·
2020 3027 2024 3032 ¹

537 3194 639 3241 mera
660 3166 795 3241 domus
811 3168 961 3272 Templi
982 3170 1030 3243 de
1048 3168 1160 3247 Buris
1176 3169 1424 3276 Lingonensis
1433 3168 1611 3261 diocesis,
1626 3171 1748 3275 prima
1761 3168 1958 3248 Dom‘niea

539 3297 727 3373 Adventus
747 3299 912 3402 proxime
937 3299 1112 3402 preterita
1136 3297 1289 3375 fuerunt
1309 3327 1369 3375 sex
1396 3300 1483 3375 anni
1505 3299 1564 3375 vel
1590 3299 1704 3389 circa,
1723 3316 1810 3375 ante
1837 3299 1956 3388 diem

538 3456 603 3533 per
632 3427 782 3505 fratrem
810 3431 1008 3534 Hugoncm
1039 3429 1085 3505 de
1112 3430 1325 3520 Penrando,
1347 3431 1585 3534 presentibus
1608 3430 1779 3507 fratribus
1813 3429 1958 3506 Gauce·

538 3559 655 3633 rande
688 3575 815 3635 curato
841 3558 938 3634 dicte
971 3560 1107 3637 domus
1137 3560 1184 3636 de
1209 3560 1335 3650 Buris,
1360 3561 1536 3640 Guidone
1562 3560 1611 3636 de
1638 3559 1709 3636 Niei
1728 3575 1767 3634 et
1790 3558 1955 3634 Martiae

539 3691 585 3764 de
612 3689 707 3774 Nici,
741 3690 945 3766 combustis
968 3689 1144 3779 Par-isius,
1174 3707 1212 3766 ct
1235 3691 1345 3767 Petro
1372 3692 1418 3768 de
1447 3691 1600 3798 Sivreyo
1624 3706 1837 3796 preceptore
1864 3705 1958 3765 tunc

539 3822 585 3896 de
617 3819 726 3895 Buris
753 3821 1015 3909 servientibus,
1041 3821 1083 3895 in
1109 3822 1211 3898 hunc
1233 3821 1426 3898 modum:
1456 3851 1544 3899 nam
1571 3851 1660 3898 cum
1689 3820 1957 3927 requisivisset,

538 3978 665 4025 amore
686 3951 772 4041 Dei,
790 3941 1006 4027 societatem
1031 3952 1192 4041 ordinis,
1225 3969 1263 4028 et
1289 3951 1490 4030 obtulisset
1517 3981 1556 4029 se
1580 3951 1677 4030 velle
1701 3952 1785 4029 beri
1815 3978 1958 4029 servum

540 4081 724 4157 esclavum
754 4082 913 4166 ordinis,
947 4083 1040 4157 dixit
1067 4083 1101 4157 ei
1131 4083 1235 4188 quod
1259 4082 1356 4159 bene
1387 4082 1629 4172 deliberaret,
1656 4084 1748 4189 quia
1773 4097 1960 4189 oporteret

539 4242 626 4287 eum
647 4212 877 4289 voluntatem
898 4212 1086 4318 propriam
1107 4213 1313 4300 dimittere,
1337 4231 1375 4290 et
1394 4216 1512 4291 multe
1529 4215 1625 4291 dura
1644 4232 1685 4291 et
1703 4242 1837 4321 aspera
1857 4213 1961 4292 sasti-

541 4370 648 4430 nere,
673 4361 710 4418 et
731 4372 806 4419 non
830 4343 985 4419 haberet
1014 4342 1168 4420 forsitan
1187 4371 1306 4450 equos
1335 4361 1374 4420 et
1399 4363 1520 4422 vestes
1548 4361 1586 4422 et
1610 4344 1682 4422 alia
1706 4373 1792 4453 que
1817 4345 1961 4424 videbat

541 4499 603 4547 eos
617 4475 778 4551 exterius
797 4474 955 4560 habere3
981 4491 1019 4549 et
1040 4503 1126 4550 cum
1143 4474 1394 4580 responderet
1406 4475 1514 4582 quod
1531 4476 1659 4554 omnia
1680 4476 1905 4564 suetiam,
1927 4491 1961 4550 et

540 4600 660 4676 dictus
681 4621 850 4707 receptor
876 4604 1118 4682 deliberasset
1138 4634 1224 4681 cum
1253 4603 1450 4698 tratribus,
1472 4624 1511 4684 et
1534 4607 1655 4684 dictus
1676 4607 1789 4685 testis
1807 4607 1959 4685 iustus

542 4756 608 4831 pro
627 4733 845 4834 recepcione
866 4761 950 4819 sua,
974 4734 1146 4825 finaliter,
1166 4735 1322 4841 prestito
1344 4736 1392 4815 ab
1412 4738 1491 4843 ipso
1503 4753 1601 4815 vteste
1618 4764 1691 4843 per
1701 4735 1957 4844 immuunt
2000 4716 2004 4724 ⁵

539 4860 645 4964 quod
675 4886 752 4934 non
780 4877 857 4934 erat
885 4865 1142 4956 matrimonio,
1170 4866 1277 4943 alteri
1302 4866 1479 4975 religioni
1498 4866 1560 4945 net
1585 4865 1726 4947 debitis
1750 4866 1956 4978 oum·
