4080 6052
397 624 400 628 ,
470 530 668 629 proces
692 550 789 625 nes
812 544 1113 629 rsursrms.
1425 558 1499 630 sss

89 696 191 773 idem
222 694 327 772 testis
347 691 444 785 dici,
471 709 511 770 et
538 693 661 771 credit
686 690 802 798 quod.
817 690 941 769 dictus
970 693 1147 799 Magister
1170 690 1330 769 faciebat
1362 693 1506 800 aliquos

89 824 274 911 comburi,
305 838 344 898 et
373 821 520 929 aliquos
548 822 659 900 reddi
686 819 876 928 aliquibus
905 850 949 899 ex
979 821 1254 927 antiquioribus
1280 822 1442 912 ordinis,
1467 839 1505 900 et

89 955 232 1061 aliquos
250 980 367 1060 penes
386 980 426 1030 se
446 953 645 1031 retinebat.
663 953 712 1029 Et
729 951 832 1028 idem
852 951 959 1029 testis
978 951 1071 1029 dixit
1096 979 1136 1028 se
1160 952 1357 1030 tradidisse
1382 952 1507 1034 eidem

90 1086 265 1191 Magistro
285 1084 451 1190 quedam
468 1084 604 1191 scripta
619 1083 718 1161 beati
738 1083 937 1172 Bernardi,
959 1082 999 1159 in
1018 1081 1157 1189 quibus
1176 1081 1407 1160 confortabat
1424 1083 1509 1162 illos

92 1214 139 1293 de
159 1214 309 1300 ordine,
324 1240 400 1320 que
418 1213 542 1290 statim
562 1212 731 1292 reddidit
749 1212 874 1290 eidem
894 1211 999 1301 testi3
1019 1227 1058 1287 et
1073 1212 1214 1291 audivit
1231 1212 1304 1288 dici
1324 1214 1510 1319 aquibus

94 1344 180 1421 dsm
200 1343 362 1450 antiquis
382 1342 527 1420 ordinis
546 1343 653 1449 quod
670 1342 801 1420 fratres
821 1341 1050 1420 Guillelmus
1073 1342 1121 1418 de
1146 1340 1333 1446 Bellojoco
1354 1359 1392 1419 et
1407 1343 1510 1420 Tho-

94 1502 174 1550 mas
200 1454 353 1550 Berardi
377 1471 543 1577 Magistri
562 1472 754 1578 quondam
772 1471 915 1549 ordinis
940 1469 1147 1551 consimilia
1170 1468 1350 1558 fecerant3
1376 1488 1414 1548 et
1433 1489 1512 1549 erat

94 1632 162 1681 vox
178 1604 390 1680 communis
408 1603 448 1678 in
472 1602 623 1692 ordine,
650 1602 750 1678 inter
774 1601 947 1711 antiquos
970 1600 1130 1688 ordinis,
1156 1600 1260 1706 quod
1285 1628 1330 1679 ex
1352 1629 1429 1708 quo
1453 1602 1512 1679 lit-

93 1732 200 1811 terati
221 1731 370 1810 fuerant
385 1731 485 1807 inter
501 1758 581 1819 eos,
601 1730 694 1808 ordo
714 1758 791 1807 non
808 1729 947 1807 lecerat
963 1728 1173 1833 profectum
1188 1757 1312 1806 suum.

152 1863 271 1947 Item,
295 1860 388 1936 dixit
405 1888 446 1936 se
464 1859 676 1936 interfuisse
694 1857 876 1942 Tholose,
897 1857 1049 1962 quando
1070 1857 1193 1932 dictus
1209 1855 1321 1932 frater
1336 1854 1460 1964 Guigo
1474 1859 1514 1934 in

97 1990 181 2067 sula
199 1989 338 2067 domus
354 1989 504 2095 Templi
530 1988 672 2095 recepit
695 2015 817 2063 unum
841 1986 1101 2093 presbyterum
1121 1986 1161 2062 in
1180 1985 1333 2064 fratrem
1352 1989 1511 2077 ordinis,

99 2120 206 2226 cujus
228 2146 370 2196 nomen
391 2119 553 2225 ignorat,
581 2133 620 2194 et
638 2116 725 2194 lecit
745 2117 1024 2195 exhortaciones
1041 2117 1172 2223 quales
1191 2116 1284 2196 lacte
1306 2117 1457 2197 fuerant
1474 2121 1514 2196 in

24 2290 32 2298 ·
100 2247 317 2354 recepcione
331 2247 450 2352 ipsius
461 2247 586 2333 testis,
606 2264 644 2323 et
666 2245 758 2322 dixit
778 2246 987 2323 consimilia
1003 2246 1077 2323 hiis
1089 2274 1164 2352 que
1179 2247 1276 2323 dicta
1286 2247 1434 2325 fuerant
1445 2250 1514 2355 ipsi

99 2378 184 2456 testi
204 2394 290 2455 ante
308 2376 614 2483 abnegscionem;
635 2376 776 2483 quibus
795 2376 972 2480 peractis,
993 2374 1109 2480 aliqui
1130 2405 1175 2453 ex
1198 2376 1374 2455 fratribus
1396 2395 1516 2455 astan-

99 2507 217 2594 tibus,
249 2535 414 2612 quorum
438 2506 617 2583 noticiam
642 2534 720 2583 non
746 2504 930 2594 habebat,
951 2521 1142 2583 traxerunt
1160 2506 1303 2582 dictum
1323 2524 1516 2613 receptum

101 2639 139 2715 in
157 2636 294 2743 angulo
309 2637 406 2714 dicte
427 2636 530 2725 aule,
549 2653 588 2713 et
600 2654 795 2715 verterunt
814 2637 927 2714 dorsa
944 2664 1012 2712 sua
1030 2635 1128 2723 aliis,
1148 2654 1186 2714 et
1201 2637 1350 2715 videtur
1366 2638 1400 2714 ei
1412 2637 1517 2744 quod

99 2765 271 2845 fecerunt
285 2795 375 2843 eum
392 2766 575 2874 abnegare
586 2768 722 2855 Deum,
739 2767 809 2844 sed
819 2794 897 2843 non
905 2765 1000 2842 vidit
1011 2766 1063 2841 ibi
1077 2784 1285 2859 crucem,et
1292 2764 1519 2873 creditquod

101 2895 230 2975 feeerit
248 2895 311 2973 illa
329 2925 404 3003 que
425 2896 504 3001 ipse
521 2895 670 2988 lecerat,
683 2914 720 2973 et
739 2896 802 2972 alii
817 2894 956 3001 recepti
977 2924 1062 2973 cum
1079 2925 1135 2987 eo,
1146 2913 1184 2973 et
1197 2897 1301 3003 quod
1312 2895 1518 2975 consimilia
1586 2927 1589 2930 “

103 3025 201 3101 dicta
225 3023 368 3103 fuerint
394 3025 441 3102 ei.
465 3026 521 3103 De
544 3042 717 3130 tempore
741 3025 972 3130 recepcionis
997 3024 1099 3103 illius
1116 3025 1216 3103 'dixit
1239 3053 1279 3103 se
1298 3052 1375 3105 non
1394 3052 1519 3104 recor·

160 3283 273 3374 Item,
295 3281 388 3360 dixit
403 3284 511 3390 quod
535 3285 616 3392 ipse
641 3287 747 3365 testis
771 3285 914 3392 recepit
930 3285 1083 3365 fratrem
1102 3287 1362 3395 Raymondum
1381 3287 1521 3363 Borne-

103 3411 187 3489 relli
205 3413 447 3504 servientem,
464 3414 511 3493 de
531 3415 727 3496 Gordonio
743 3416 982 3495 Caturcensis
1002 3418 1176 3505 diocesis,
1189 3445 1257 3523 per
1276 3442 1416 3493 anuum
1434 3443 1521 3491 cum

103 3540 273 3618 dimedio
293 3559 378 3620 ante
399 3545 616 3649 capcionem
634 3573 788 3640 eorum
810 3549 851 3624 in
869 3547 1033 3654 quadam
1054 3573 1199 3622 camera
1218 3545 1355 3624 domus
1374 3543 1523 3649 Templi

104 3670 166 3750 del
194 3673 322 3749 Bastre
350 3674 448 3750 dicte
475 3675 658 3764 diocesis,¹
679 3678 788 3784 cujus
813 3676 950 3753 domus
977 3693 1058 3752 erat
1080 3677 1160 3781 ipse
1183 3676 1289 3755 testis
1316 3690 1520 3781 preceptor,

105 3799 341 3903 presentibus
364 3800 541 3879 fratribus
562 3802 781 3883 Guiflelmo.
795 3804 904 3883 Febri
927 3804 1156 3909 presbitero,
1182 3820 1221 3880 et
1245 3803 1449 3883 Gaucelino
1475 3801 1522 3877 de

106 3945 231 4005 sancto
257 3929 360 4006 Jorio
384 3931 521 4018 milite,
543 3950 581 4009 et
606 3931 811 4011 Guillelmo
830 3933 965 4011 Abbati
993 3951 1084 4010 tunc
1108 3933 1308 4010 camerario
1332 3932 1430 4008 dicte
1455 3931 1524 4008 do-

107 4086 214 4147 mus,
238 4075 276 4135 ct
293 4059 519 4165 quibusdam
543 4060 625 4138 aliis
647 4060 826 4140 fratribus
848 4063 895 4139 de
920 4063 1060 4167 quibus
1081 4090 1159 4139 non
1180 4062 1327 4153 recolit,
1358 4061 1398 4137 in
1420 4062 1525 4169 cujus

108 4189 326 4294 recepcione
350 4190 467 4268 nichil
490 4192 581 4297 egit,
600 4219 669 4269 nec
687 4222 757 4298 per
775 4193 892 4270 alium
912 4190 995 4269 fieri
1014 4190 1120 4281 lecit,
1142 4220 1212 4268 nec
1231 4190 1370 4267 factum
1386 4189 1458 4267 fuit
1480 4189 1525 4266 il-

107 4319 252 4396 licitum
276 4320 335 4398 vel
354 4322 617 4410 inhonestum,
642 4350 790 4401 servans
813 4323 973 4400 modum
999 4322 1064 4428 qui
1084 4339 1248 4400 servatus
1268 4319 1389 4397 luerat
1407 4321 1449 4399 in
1465 4349 1525 4397 re-

107 4449 284 4552 cepcione
299 4480 381 4545 sua,
400 4452 561 4560 exceptis
576 4453 839 4563 abnegacione,
854 4470 892 4531 et
902 4453 976 4530 illis
988 4452 1125 4530 illicitis
1138 4480 1213 4560 que
1226 4451 1314 4529 dicti
1325 4443 1527 4529 servientes

107 4577 276 4668 fecerant¹
285 4598 323 4657 et
336 4601 590 4689 preceperant,
601 4583 707 4690 quod
718 4584 825 4661 nullo
843 4583 960 4660 modo
970 4581 1117 4660 lecisset
1125 4582 1207 4660 [ieri
1217 4610 1287 4660 nec
1299 4582 1446 4671 servari,
1458 4609 1526 4690 pro

107 4711 269 4817 eoquod
281 4731 368 4789 sunt
381 4713 675 4793 abhominabilis
686 4732 726 4792 et
736 4732 864 4822 contra
873 4715 998 4792 Deum
1012 4732 1049 4790 et
1062 4731 1189 4793 contra
1200 4714 1370 4792 debitum
1381 4729 1525 4791 nature.

125 4904 129 4913 .
163 4838 279 4932 Item,
297 4841 390 4922 dixit
403 4844 527 4951 quod,
545 4870 614 4951 per
635 4844 838 4927 dimidium
858 4870 999 4922 annum
1014 4843 1073 4923 vel
1087 4845 1192 4951 quasi
1209 4861 1294 4927 ante
1313 4844 1531 4950 capcionem
