4080 6052
695 553 1012 646 anoctsuns
1036 572 1335 647 renuamus.
1648 573 1719 643 aas

311 713 377 818 qui
397 710 519 787 fuerat
534 710 709 815 magister
726 711 898 787 ostiarius
916 709 1061 787 domini
1078 711 1271 788 Benedicti
1291 737 1386 816 pape
1401 711 1465 797 XI,
1483 710 1589 786 testis
1610 738 1720 815 supra

305 857 464 948 juratus,
480 855 522 916 ut
536 840 742 945 deponeret
756 841 898 918 dictum
913 869 1043 931 suum,
1053 868 1130 917 non
1147 841 1321 918 deferens
1329 839 1550 917 mantellum
1565 838 1720 932 ordinis,

279 1043 285 1050 .
307 971 395 1076 quia
412 970 620 1048 voluntarie
637 970 780 1048 dimisit
793 998 881 1048 sum
902 999 1027 1051 coram
1040 971 1194 1048 domino
1209 971 1406 1049 Parisiensi
1424 971 1615 1076 episcopo,
1637 997 1723 1045 curn

308 1101 377 1177 bac
390 1100 604 1178 intencione
618 1113 663 1178 ut
675 1099 772 1177 sieut
783 1100 927 1178 dietum
940 1098 1164 1177 mantellum
1178 1100 1361 1178 habuerat
1376 1116 1414 1177 et
1426 1099 1578 1177 tenebat
1595 1098 1644 1174 ab
1655 1100 1724 1174 Ec·

309 1230 434 1320 desis,
457 1230 509 1306 sic
525 1228 732 1307 dimitteret
741 1231 922 1322 Ecclesie3
939 1247 977 1307 et
991 1229 1129 1306 lecerat
1142 1231 1351 1308 voluntarie
1369 1230 1449 1307 radi
1464 1229 1535 1307 sibi
1549 1229 1720 1315 barbam,

311 1375 354 1436 et
374 1375 431 1436 est
457 1358 565 1437 etatis
593 1359 745 1466 triginta
776 1344 942 1438 driorum
971 1386 1157 1436 annorum
1187 1361 1246 1436 vel
1275 1362 1386 1449 circa,
1412 1359 1478 1464 qui
1502 1357 1575 1434 fuit
1599 1376 1724 1465 prote-

311 1504 426 1565 status
440 1487 544 1594 quod
559 1515 627 1594 per
646 1487 770 1594 aliqua
787 1517 861 1594 que
882 1490 1023 1565 diceret
1037 1488 1097 1564 vel
1115 1486 1266 1576 faceret,
1289 1516 1366 1563 non
1386 1485 1618 1592 intelligebat
1636 1516 1722 1563 con-

309 1618 453 1695 trariari
469 1645 538 1694 nec
558 1618 737 1724 derogare
757 1616 981 1696 confessioni
1005 1633 1043 1693 et
1059 1615 1289 1722 deposicioni
1306 1644 1375 1721 per
1388 1639 1483 1693 'eum
1500 1614 1605 1691 sactis
1625 1614 1726 1721 apud
1818 1666 1830 1679 -

309 1746 488 1855 Someyre
510 1746 671 1825 diocesis
694 1746 973 1839 Nemausensis,
994 1772 1119 1853 eoram
1142 1745 1306 1823 dominis
1328 1744 1534 1835 Aniciensi,
1560 1743 1724 1850 Magalo-

308 1876 416 1953 nensi
436 1888 476 1953 et
491 1877 708 1955 Nivernensi
729 1876 1018 1984 episcopis,·'per
1036 1901 1134 1980 quos
1151 1873 1274 1952 fluerat
1291 1874 1485 1953 absolutus
1506 1890 1544 1951 et
1562 1874 1727 1951 reconci-

310 2006 437 2095 liatus,
460 2022 498 2084 et
520 2005 711 2084 habebant
732 2020 973 2112 potestatem,
994 2023 1040 2083 ut
1061 2004 1209 2083 videtur
1233 2005 1333 2083 dicto
1353 2007 1455 2094 testi,
1484 2005 1629 2082 domini
1650 2004 1728 2111 epi-

312 2135 413 2241 scopi
427 2136 701 2213 Nemausensis.
718 2136 839 2212 lectis
856 2151 984 2212 autem
996 2150 1038 2212 et
1050 2134 1249 2242 diligenter
1268 2135 1339 2214 sibi
1359 2135 1532 2243 expositis
1549 2133 1727 2212 omnibus

313 2281 352 2341 et
360 2265 517 2371 singulis
529 2265 711 2353 articulis,
724 2242 919 2371 respondit
930 2266 979 2342 ad
994 2293 1074 2356 eos,
1094 2282 1133 2341 et
1145 2265 1268 2371 primo
1281 2265 1330 2341 ad
1347 2266 1489 2370 primos
1506 2281 1597 2352 1111⁰¹,
1609 2282 1654 2341 ut
1670 2293 1727 2342 se-

312 2395 453 2500 qnitur,
470 2396 643 2472 videlicet
658 2422 698 2473 ss
715 2396 859 2474 nescire
874 2396 904 2471 si
921 2411 1157 2473 servarentur
1171 2394 1211 2471 in
1228 2394 1360 2471 ordine
1377 2411 1550 2471 contenta
1563 2395 1602 2470 in
1620 2394 1728 2471 dictis

312 2524 492 2613 articulis,
505 2525 594 2632 quia
609 2553 686 2602 non
701 2524 921 2602 interfuerat
935 2523 1146 2631 recepcioni
1159 2523 1317 2630 alicujus
1331 2523 1486 2630 alterius·
1499 2522 1622 2600 fratris
1637 2523 1726 2599 dicti

312 2653 469 2742 ordinis3
491 2654 610 2731 credit
627 2672 752 2746 tamen
773 2655 877 2761 quod
896 2655 1023 2732 taliter
1040 2654 1299 2760 reciperentur
1318 2681 1418 2730 unus
1438 2654 1533 2730 sicut
1557 2670 1595 2730 et
1614 2653 1724 2743 alius,

311 2783 390 2888 ipse
414 2800 541 2862 autem
565 2800 737 2890 receptus
763 2784 886 2861 fuerat
910 2785 951 2861 in
976 2812 1052 2861 una
1077 2810 1223 2860 camera
1249 2783 1386 2860 domus
1405 2784 1554 2889 Templi
1576 2783 1728 2860 civitatis

313 2910 498 3006 Astensis,
522 2944 591 3020 per
612 2915 766 2992 fratrem
791 2915 1041 2994 Guillelmum
1065 2914 1115 2991 de
1140 2913 1306 2993 Canellis
1333 2913 1508 3002 militem,
1536 2914 1728 3021 quondam

312 3062 589 3149 preceptorem,
608 3062 701 3122 tunc
718 3045 958 3138 Lombardie,
980 3044 1133 3123 infesto
1153 3045 1408 3151 apostolorum
1428 3046 1526 3121 Petri
1546 3062 1585 3120 et
1604 3043 1725 3132 Pauli,

313 3172 484 3278 proximo
497 3156 850 3278 preterito-suerunt
863 3176 1009 3253 circiter
1023 3202 1158 3253 novem
1177 3176 1278 3265 anni,
1297 3175 1532 3280 presentibus
1549 3174 1726 3251 fratribus

313 3301 453 3380 Garino
471 3303 589 3381 milite
610 3305 845 3399 Prouinciali,
864 3306 972 3412 cujus
992 3332 1201 3413 cognomen
1222 3305 1383 3410 ignorat,
1407 3323 1444 3382 et
1466 3304 1629 3410 Georgio
1648 3330 1728 3410 pre-

311 3447 461 3538 captore
472 3433 570 3512 dicte
585 3434 910 3524 domusAstensis‚
925 3452 965 3512 et
981 3436 1208 3541 supervenit,
1223 3452 1268 3511 ut
1284 3437 1355 3513 sibi
1368 3435 1528 3523 videtur,
1547 3462 1633 3510 cum
1646 3435 1725 3540 jam

312 3577 410 3639 esset
431 3580 622 3669 receptus,
648 3563 761 3641 frater
783 3566 929 3643 Yvanus
955 3565 1001 3641 de
1022 3564 1187 3645 Canellis
1215 3564 1339 3654 miles,
1359 3565 1399 3641 in
1423 3565 1526 3640 hunc
1544 3564 1723 3641 modum:

312 3718 400 3765 nam
421 3691 510 3767 dicti
530 3691 607 3769 duo
626 3692 756 3771 fratres
772 3693 935 3772 Garinus
955 3711 993 3769 et
1009 3693 1196 3799 Georgius
1208 3711 1392 3771 venerunt
1410 3694 1458 3770 ad
1477 3721 1566 3769 eum
1586 3692 1626 3768 in
1643 3721 1728 3798 qua·

315 3819 401 3895 dam
419 3821 492 3897 alia
509 3849 653 3897 camera
675 3822 723 3899 ad
740 3851 854 3927 quam
874 3850 965 3898 eum
979 3821 1179 3915 duxerant,
1195 3841 1234 3901 et
1246 3824 1442 3929 pecierunt
1455 3824 1502 3901 ab
1522 3852 1567 3901 eo
1587 3824 1617 3900 si
1629 3823 1729 3900 vole·

313 3949 378 4026 bat
397 3976 477 4026 esse
504 3977 632 4027 servus
657 3950 821 4028 esclavus
849 3951 992 4030 ordinis
1013 3969 1214 4059 perpetuo,
1244 3971 1282 4029 et
1306 3954 1507 4060 respondit·
1522 3953 1626 4060 quod
1656 3953 1723 4041 sic,

315 4095 355 4155 et
375 4078 445 4185 ipsi
469 4079 645 4156 dixerunt
668 4080 773 4185 quod
797 4079 895 4156 bene
923 4079 1163 4171 deliberaret,
1185 4081 1273 4188 quia
1297 4081 1450 4158 forsitan
1479 4082 1663 4188 cogitabat
1686 4083 1726 4159 in

315 4209 446 4285 ordine
469 4209 608 4286 habere
633 4207 720 4315 plus
742 4208 1003 4288 delectacionis
1024 4240 1137 4319 quam
1159 4211 1331 4301 haberet,
1352 4228 1390 4289 et
1414 4213 1445 4289 si
1473 4230 1571 4290 esset
1594 4212 1722 4301 frater,

315 4355 504 4442 oporteret
532 4366 620 4416 eum
636 4339 764 4417 multa
793 4339 887 4417 dura
906 4358 944 4418 et
962 4369 1090 4448 aspera
1119 4343 1326 4431 sustinere,
1358 4362 1396 4421 et
1415 4371 1495 4421 esse
1525 4344 1720 4422 subditum

315 4465 434 4542 aliene
465 4467 668 4560 voluntati,
705 4497 776 4546 nce
806 4469 963 4547 haberet
991 4499 1109 4578 equos
1144 4487 1188 4548 ut
1219 4473 1403 4578 equitaret
1438 4474 1613 4565 forsitan,
1654 4502 1728 4551 nec

316 4611 412 4671 esset
435 4594 590 4674 indutus
614 4614 658 4673 ut
681 4597 869 4704 sperabat,
896 4618 935 4677 et
959 4601 1106 4678 similia.
1135 4602 1222 4696 Quo
1246 4602 1496 4707 respondente
1523 4604 1628 4711 quod
1647 4633 1728 4682 om-

316 4724 378 4801 nia
399 4723 498 4802 bene
527 4727 720 4832 impleret,
750 4728 839 4806 dicti
863 4729 941 4807 duo
963 4729 1093 4810 fratres
1119 4732 1351 4811 intraverunt
1372 4762 1556 4812 cameram
1584 4735 1622 4813 in
1651 4764 1725 4842 qua

316 4853 439 4957 primo
469 4853 592 4932 luerat
620 4856 855 4935 introductus
883 4859 1006 4938 dictus
1033 4861 1160 4952 testis,
1190 4862 1238 4940 ad
1273 4890 1387 4969 quam
1417 4884 1568 4944 venerat
1601 4866 1723 4943 dictus

402 4990 506 5067 rnocirs
526 5012 578 5055 urs
598 5013 855 5057 ratramnus-1.
1523 5003 1562 5070 ⁵4
1695 4985 1697 4989 i
