4080 6052
465 530 782 628 rnocnsnns
808 552 1110 625 ranrnrnns.
1424 555 1499 624 525

81 720 119 780 et
147 702 176 780 si
200 699 269 778 vivi
299 714 387 775 sunt
413 724 459 772 an
486 697 643 783 mortui,
674 695 714 770 in
744 693 846 770 bunc
874 696 1066 772 modum:
1096 722 1183 769 nam
1215 721 1302 768 cum
1333 695 1506 798 peciisset

80 833 183 909 flexis
205 829 365 937 genibus
384 856 520 934 panem
537 845 575 904 et
588 854 742 932 aquam,
760 842 799 901 et
817 825 1032 902 societatem
1052 841 1091 902 et
1108 851 1314 930 pauperem
1329 826 1502 900 vestitum
1616 894 1620 901 .

82 961 243 1049 ordinis,
269 979 307 1037 et
321 958 521 1036 obtulisset
539 984 579 1034 se
594 973 763 1062 paratum
779 955 883 1062 quod
903 972 1001 1034 esset
1020 982 1146 1033 servus
1159 953 1326 1031 esclavus
1346 954 1503 1043 ordinis,

59 1111 120 1176 ,et
138 1091 241 1197 quod
267 1106 479 1167 moreretur
502 1115 571 1193 pro
589 1088 690 1177 Deo,
717 1103 755 1163 et
778 1084 909 1163 fuisset
932 1087 1003 1166 sibi
1023 1112 1247 1192 responsum
1274 1084 1378 1190 quod
1397 1115 1506 1190 gran-

83 1224 171 1299 dem
192 1248 273 1299 rem
294 1221 460 1327 petebat,
482 1236 520 1295 et
539 1219 650 1324 plene
671 1217 915 1308 deliberaret,
935 1218 1024 1324 quia
1050 1233 1241 1322 oporteret
1261 1244 1349 1292 euni
1369 1245 1508 1293 renun-

84 1354 182 1430 ciare
211 1353 361 1457 proprie
393 1350 574 1427 voluntati
604 1366 642 1426 et
667 1348 800 1454 subjici
826 1347 967 1438 aliene,
999 1366 1036 1425 et
1056 1347 1174 1423 multa
1196 1346 1291 1421 dura
1312 1363 1349 1421 et
1380 1375 1507 1450 aspera

83 1483 284 1574 sustinere,
315 1482 454 1586 etipse
477 1478 732 1584 respondisset
750 1479 855 1583 quod
874 1496 1022 1584 paratus
1047 1494 1126 1553 erat
1146 1477 1273 1552 omnia
1303 1477 1504 1563 sustinere,

81 1613 282 1690 voluerunt
307 1611 412 1718 quod
439 1610 666 1686 deliberaret
694 1624 732 1684 et
758 1608 1123 1714 quodconverteret
1150 1635 1188 1683 se
1213 1636 1341 1683 versus
1369 1608 1502 1696 altare,

83 1772 215 1852 rogans
233 1745 359 1821 Deum
386 1758 431 1818 ut
456 1742 633 1848 dirigeret
647 1768 764 1828 eum,
790 1756 829 1815 et
851 1768 938 1815 cum
962 1737 1035 1815 hoc
1062 1738 1211 1814 fecisset
1241 1756 1279 1813 et
1308 1737 1439 1814 eadem
1466 1759 1507 1815 ut

83 1904 193 1980 supra
217 1874 405 1979 periisset,
435 1889 474 1946 et
497 1871 599 1946 idem
627 1870 661 1944 ei
692 1894 914 1974 responsum
941 1867 1089 1958 fnisset,
1114 1866 1279 1944 finaliter
1306 1867 1507 1946 voluerunt

84 2004 178 2080 seire
200 2031 268 2108 per
282 2004 542 2110 juramentum
562 2000 759 2105 prestitum
778 1999 826 2076 ab
847 2028 892 2077 eo
911 2001 1100 2106 tangendo
1120 2001 1324 2106 quemdam
1346 1999 1504 2092 librum,

84 2135 114 2210 si
141 2150 220 2210 erat
251 2131 509 2220 matrimonio,
542 2129 601 2207 vel
634 2128 741 2205 alteri
779 2129 970 2237 religioni,
998 2130 1056 2207 vel
1076 2131 1213 2207 debitis
1243 2130 1441 2240 obligatus,
1476 2135 1505 2209 si

85 2262 228 2340 servilis
248 2262 499 2352 condicionis,
524 2261 554 2337 si
574 2259 737 2337 babebat
756 2258 1012 2337 infirmitatem
1034 2261 1234 2350 latentem;
1255 2290 1331 2367 quo
1352 2291 1505 2368 respon-

86 2396 199 2473 dente
212 2394 317 2502 quod
337 2421 429 2485 non,
448 2391 537 2469 fecit
549 2420 638 2469 eum
652 2419 782 2469 vovere
803 2408 842 2469 et
852 2392 980 2500 jurare
991 2392 1213 2479 castitatem,
1225 2392 1503 2485 obedienciam,

84 2525 204 2602 vivere
230 2525 310 2601 sine
326 2523 495 2629 proprio,
519 2541 556 2599 et
585 2551 728 2600 servare
758 2523 880 2601 bonos
902 2551 994 2601 usus
1012 2540 1051 2600 et
1076 2523 1196 2600 bonas
1214 2524 1505 2599 consuetudines

86 2656 229 2732 ordinis
242 2655 307 2760 qui
323 2672 414 2731 tunc
430 2671 553 2744 erant,
568 2671 606 2730 et
625 2654 690 2760 qui
710 2654 750 2730 in
765 2671 960 2758 posterum
977 2655 1266 2761 imponerentur
1281 2684 1350 2761 per
1367 2655 1506 2761 probos

84 2786 259 2863 homines
276 2784 438 2876 ordinis,
458 2804 495 2862 et
514 2801 655 2861 secreta
682 2785 943 2890 capitulorum.
972 2787 1217 2864 Postmodum
1235 2787 1417 2892 imposuit
1436 2787 1505 2862 sibi

85 2916 325 3005 mantellum,
349 2916 580 3023 aspergendo
609 2943 743 3021 aquam
767 2915 1006 2993 benedictam
1034 2945 1148 3022 super
1173 2946 1277 3008 eum,
1305 2936 1342 2994 et
1365 2918 1444 3023 ipse
1472 2936 1509 2992 et

85 3047 216 3123 fratres
238 3063 398 3124 astantes
417 3045 571 3122 luemnt
600 3074 687 3123 eum
708 3045 866 3123 osculati
893 3047 932 3122 in
952 3074 1029 3124 ore.
1057 3047 1304 3125 Postmodum
1334 3048 1508 3123 instruxit

87 3205 174 3253 eum
189 3176 295 3283 quod
309 3177 452 3284 jaceret
463 3206 548 3253 cum
562 3177 696 3281 pannis
713 3176 840 3267 lineis,
853 3194 892 3253 et
905 3178 1010 3283 quod
1023 3177 1235 3284 cingeretur.
1244 3197 1319 3254 una
1331 3179 1505 3263 cordula,

86 3307 186 3412 quali
199 3325 237 3384 et
247 3307 349 3385 unde
368 3307 481 3383 vellet
499 3325 705 3413 assumpta,
727 3335 775 3384 ne
795 3308 846 3384 ita
863 3306 983 3384 libere
1004 3310 1238 3416 contingeret
1256 3336 1384 3385 carnes
1403 3336 1505 3394 suns,

84 3455 178 3544 quot
198 3438 311 3516 Pater
333 3454 447 3515 noster
473 3436 613 3514 diceret
631 3466 699 3543 pro
720 3437 825 3515 horis
840 3438 937 3526 suis3
960 3437 1122 3545 qualiter
1140 3468 1179 3517 se
1203 3455 1365 3544 regeret,
1396 3468 1507 3543 expo-

85 3568 212 3646 nendo
242 3598 348 3646 casus
376 3587 530 3674 propter
559 3596 655 3675 quos
686 3585 834 3673 poterat
857 3568 1017 3672 perdere
1049 3569 1219 3646 habitum
1251 3586 1290 3643 et
1317 3569 1506 3645 incurrere

85 3696 175 3772 alias
200 3724 326 3801 penas.
358 3698 505 3774 Deinde
531 3699 602 3774 suit
627 3697 762 3774 ductus
782 3714 883 3773 retro
911 3698 1051 3786 altare,
1074 3697 1140 3775 ubi
1161 3716 1368 3775 assumeret
1390 3714 1507 3775 vestes

87 3825 231 3902 ordinis
239 3857 253 3912 ς.
267 3826 408 3931 quibus
436 3826 652 3931 assumptis,
679 3854 765 3902 cum
789 3826 923 3905 fratres
943 3844 1105 3905 astantes
1125 3831 1364 3907 recessissent
1383 3829 1508 3905 clauso

87 3954 201 4043 ostio,
235 3955 358 4032 dictus
381 3955 495 4033 frater
521 3957 767 4048 Humbertus,
798 3974 946 4035 ostensa
967 3959 1091 4036 eidem
1111 3961 1197 4037 testi
1217 3960 1380 4067 quadam
1399 3989 1508 4036 cruce

87 4085 209 4192 lignea
228 4103 328 4163 retro
348 4086 482 4176 altare,
509 4086 548 4161 in
568 4115 642 4192 qua
666 4117 743 4165 non
765 4106 845 4166 erat
860 4117 993 4197 ymago
1011 4089 1205 4179 Crucifixi,
1236 4091 1329 4167 dixit
1348 4092 1380 4166 ei
1403 4092 1506 4196 quod

87 4213 286 4322 abnegaret
300 4216 443 4304 Deum,
465 4233 602 4292 etcum
623 4219 700 4323 ipse
719 4219 827 4296 testis
846 4218 966 4296 nollet
984 4220 1056 4298 hoc
1072 4220 1211 4311 iacere,
1233 4221 1327 4297 dixit
1346 4222 1378 4298 ei
1400 4223 1504 4328 quod

86 4345 158 4420 hoc
172 4347 370 4451 oportebat
380 4376 468 4425 eum
483 4347 622 4436 facere;
640 4349 707 4426 sed
721 4349 984 4454 postmodum,
1007 4351 1037 4429 si
1058 4351 1185 4439 vellet,
1207 4368 1353 4457 poterat
1371 4351 1419 4428 de
1433 4352 1505 4430 boc

88 4475 277 4567 confiteri,
300 4496 339 4555 et
355 4496 447 4555 tunc
464 4480 543 4583 ipse
567 4480 673 4556 testis
692 4480 887 4588 abnegavit
905 4480 1030 4557 Deum
1047 4510 1113 4559 ore
1133 4510 1208 4560 non
1226 4483 1355 4575 corde,
1377 4503 1505 4590 postea

88 4607 255 4710 precepit
269 4609 303 4683 ei
321 4610 426 4715 quod
447 4625 598 4712 spueret
613 4638 724 4715 supra
744 4611 883 4689 dictam
898 4639 1071 4703 crucem,
1093 4614 1223 4720 etipse
1238 4613 1362 4692 noluit
1374 4644 1507 4720 spuere

89 4762 200 4839 supra
226 4737 294 4812 sed
308 4739 425 4844 juxta.
449 4739 506 4815 De
527 4737 664 4816 osculis
688 4739 915 4829 inhonestis,
944 4743 1101 4820 crimine
1121 4745 1345 4821 sodomitico
1364 4762 1402 4820 et
1428 4745 1510 4822 aliis

91 4861 233 4943 illicitis
247 4895 323 4945 non
340 4869 413 4946 fuit
426 4868 574 4946 loeutus
591 4868 734 4959 eidem,
746 4899 816 4947 nec
823 4871 929 4977 plura
947 4873 1016 4950 scit
1029 4873 1076 4949 de
1092 4875 1275 4952 contentis
1292 4875 1330 4952 in
1346 4874 1510 4951 articulis
