4080 6052
488 535 681 627 moces
708 550 802 624 ons
829 548 1127 623 renarrans.
1442 546 1511 618 su

100 695 324 802 Evangeliis‚
338 692 462 770 dicere
473 695 623 799 plenam
640 711 677 771 et
686 721 829 769 meram
843 692 1035 768 veritatem
1051 691 1090 765 in
1106 687 1326 795 hujusmodi
1339 689 1513 795 negocio,

100 825 307 903 secundum
327 822 485 899 sormam
502 824 706 930 juramenti
728 822 890 899 aliorum
906 821 1058 897 testium
1076 818 1248 923 superius
1268 816 1511 925 registratam.

99 955 301 1060 expositam
323 970 359 1029 et
373 952 634 1060 vulgaritatem
656 955 811 1030 eisdem.

153 1085 303 1178 Quibus
317 1085 423 1167 actis,
440 1084 562 1162 dictus
576 1085 690 1162 frater
702 1085 890 1162 lohannes
905 1086 952 1161 de
968 1087 1081 1162 Bessu
1094 1083 1208 1160 sancti
1220 1081 1397 1159 Germani
1409 1082 1515 1158 Sues-

98 1214 280 1291 sionensis
309 1213 484 1299 diocesis,
507 1215 684 1301 serviens,
704 1241 781 1291 non
805 1214 978 1292 deferens
997 1209 1221 1288 mantellum
1243 1211 1403 1296 ordinis,
1428 1212 1515 1316 quia

98 1344 223 1446 ipsum
244 1342 437 1418 dimiserat
456 1344 493 1418 in
511 1344 667 1421 concilio
688 1346 912 1430 Senonensi,
933 1343 1176 1448 postmodum
1197 1342 1275 1417 radi
1292 1342 1428 1416 fecerat
1444 1341 1513 1417 sibi

99 1471 271 1561 barbam,
293 1500 378 1546 cum
403 1499 480 1575 quo
506 1472 578 1550 luit
607 1475 845 1580 inquisitum,
865 1472 1059 1548 absolutus
1092 1485 1130 1546 et
1160 1470 1423 1546 reconciliatus
1450 1500 1516 1574 per

99 1600 296 1677 dominum
321 1601 541 1706 episcopum
560 1603 827 1690 Parisiensem,
851 1598 956 1679 etatis
975 1600 1126 1706 triginta
1145 1600 1309 1676 duorum
1330 1628 1516 1675 annorum

97 1729 154 1806 vel
174 1731 456 1835 circa3repetita
476 1734 641 1838 predicta
661 1729 1067 1838 protestacione,lectis
1086 1746 1123 1804 et
1133 1730 1333 1835 diligenter
1343 1731 1517 1835 expositis

98 1859 170 1936 sibi
193 1860 372 1938 omnibus
397 1862 576 1952 articulis,
602 1861 798 1965 respondit
816 1860 863 1936 ad
879 1887 944 1935 eos
962 1887 1000 1933 se
1023 1858 1165 1934 nescire
1184 1859 1232 1934 de
1248 1859 1300 1935 eis
1316 1860 1386 1935 nisi
1412 1861 1516 1962 quod

92 1989 282 2094 sequitur.
303 1991 405 2066 Dixit
420 1991 521 2065 enim
546 1990 650 2095 quod
666 1991 743 2094 ipse
768 1988 888 2066 luerat
906 2005 1077 2093 receptus
1092 1989 1131 2063 in
1147 1987 1247 2064 dieto
1262 1982 1393 2064 ordine
1408 1989 1445 2062 in
1461 1989 1517 2063 in-

100 2120 211 2195 stanti
227 2118 320 2195 festo
337 2120 619 2196 resurrectionis
632 2120 785 2196 Domini
803 2137 914 2196 erunt
932 2147 995 2195 sex
1011 2118 1097 2193 anni
1113 2118 1296 2203 telonea,
1314 2118 1352 2193 in
1376 2118 1514 2222 capella

101 2249 240 2325 domus
253 2248 404 2353 Templi
424 2249 472 2324 de
492 2249 679 2327 Cherruto
700 2249 928 2326 Senonensis
944 2249 1117 2338 diocesis,
1140 2276 1207 2352 per
1223 2247 1374 2325 fratrem
1395 2248 1514 2323 Adam

102 2378 149 2454 de
168 2377 306 2457 Calmis
325 2378 505 2465 militem,
525 2379 571 2454 de
590 2379 778 2485 cujusvita
796 2379 854 2456 vel
869 2396 989 2454 morte
1006 2406 1083 2453 non
1103 2377 1218 2453 habet
1238 2377 1513 2465 certitudinem,

101 2509 350 2585 demandato
384 2509 581 2586 visitatoris
610 2509 780 2597 Francie,
814 2509 1051 2614 presentibus
1081 2505 1257 2584 fratribus
1286 2507 1436 2583 Matheo
1468 2509 1515 2583 de

101 2639 289 2723 Atrabato‚
309 2639 447 2715 Jacobo
463 2639 682 2725 Chamarot,
698 2637 818 2715 etalio
835 2639 882 2714 de
901 2639 1005 2744 cujus
1025 2637 1179 2712 nomine
1198 2664 1275 2714 non
1287 2637 1513 2723 recordatur,

102 2786 139 2845 et
176 2769 223 2843 de
254 2797 415 2873 quorum
447 2769 520 2845 vita
546 2768 601 2844 vel
629 2785 751 2846 morte
784 2797 863 2845 non
895 2769 1008 2845 habet
1037 2766 1322 2856 certitudinem,
1352 2768 1391 2841 in
1415 2768 1516 2842 hunc

100 2900 281 2976 modum:
304 2928 390 2975 nam
408 2929 494 2975 cum
514 2900 731 3005 requisisset
745 2899 962 3006 frequenter
984 2927 1120 3002 panem
1142 2915 1179 2975 et
1199 2927 1333 3002 aquam
1355 2898 1513 2984 ordinis,

101 3048 139 3105 et
156 3031 189 3104 ei
214 3057 433 3134 responsum
459 3028 590 3105 luisset
609 3031 713 3135 quod
732 3031 829 3106 bene
853 3027 1094 3116 deliberaret,
1114 3028 1203 3133 quia
1217 3045 1408 3132 oporteret
1428 3057 1515 3105 eum

100 3188 172 3235 ase
182 3158 351 3234 abdicare
362 3159 550 3263 propriam
563 3159 810 3251 voluntatem,
825 3177 863 3236 et
877 3159 995 3234 multa
1012 3160 1105 3235 dura
1117 3175 1156 3233 et
1168 3186 1296 3262 aspera
1312 3160 1515 3247 sustinere3

101 3288 278 3378 finaliter,
301 3318 345 3366 eo
369 3291 528 3366 instante
551 3319 618 3394 pro
639 3290 857 3395 recepcione
879 3318 962 3377 sua,
990 3289 1185 3393 respondit
1207 3289 1312 3395 quod
1334 3290 1517 3392 reciperet

101 3448 206 3507 eum,
222 3420 361 3497 etfacit
378 3449 466 3497 eum
480 3449 610 3498 vovere
624 3437 662 3497 et
671 3424 796 3528 jurare
819 3423 1036 3508 castitatem,
1054 3419 1326 3505 obedienciam,
1347 3436 1385 3495 et
1396 3420 1515 3496 vivere

100 3551 179 3628 sine
210 3551 382 3656 proprio,
414 3580 556 3629 servare
579 3553 700 3629 bonos
723 3581 813 3629 usus
841 3566 879 3627 et
901 3550 1020 3626 bonas
1044 3549 1336 3625 consuetudines
1360 3549 1513 3626 ordinis.

99 3681 344 3756 Postmodum
376 3681 554 3783 imposuit
586 3681 657 3757 sibi
685 3677 927 3767 mantellum,
952 3695 990 3753 et
1010 3679 1164 3755 luerunt
1183 3707 1271 3755 eum
1297 3676 1450 3755 osculati
1477 3681 1515 3754 in

101 3836 178 3883 ore.
208 3810 296 3900 Quo
328 3806 423 3882 lacto
451 3825 685 3884 recesserunt
723 3836 868 3898 omnes,
912 3824 1035 3913 preter
1067 3807 1186 3884 dictos
1219 3825 1462 3914 receptorem·
1481 3826 1516 3883 et

102 3937 316 4024 Matbeum,
347 3953 384 4011 et
409 3954 658 4041 preceperunt
681 3938 715 4013 ei
740 3937 846 4044 quod
874 3936 1076 4042 abnegaret
1100 3939 1313 4043 ymaginem
1342 3933 1516 4015 Crucifixi

104 4067 288 4171 depictam
304 4066 343 4142 in
360 4065 458 4142 libro
478 4095 590 4172 supra
611 4096 725 4173 quem
733 4069 938 4174 juraverat,
957 4085 994 4143 et
1009 4069 1112 4172 quod
1126 4085 1277 4173 spueret
1290 4097 1400 4173 supra
1410 4077 1515 4154 'eam3

102 4214 139 4274 et
163 4227 250 4273 cum
277 4197 354 4302 ipse
380 4196 484 4272 testis
504 4196 624 4273 nollet
648 4196 719 4274 hoc
742 4198 878 4285 lacere,
906 4197 1081 4275 dixerunt
1100 4199 1204 4305 quod
1224 4197 1295 4274 boc
1321 4197 1518 4303 oportebat

102 4356 191 4402 eum
205 4327 344 4414 lacere,
362 4328 451 4432 quia
471 4328 640 4403 inclusus
661 4346 739 4407 erat
760 4329 799 4405 in
824 4329 923 4406 dicta
952 4328 1111 4434 capella,
1142 4346 1178 4405 et
1198 4344 1419 4405 consuetum
1441 4345 1518 4404 erat

100 4457 150 4530 ita
161 4456 262 4543 lieri;
277 4475 313 4532 et
321 4474 412 4533 tuuc
424 4457 503 4563 ipse
513 4458 618 4534 testis
631 4460 825 4565 abnegavit
835 4488 899 4536 ore
912 4488 993 4536 non
1007 4461 1136 4547 corde,
1150 4476 1187 4535 et
1201 4459 1302 4564 spuit
1315 4487 1391 4534 non
1407 4487 1517 4563 supra

101 4584 164 4659 sed
188 4586 293 4688 juxta
327 4586 464 4661 dictam
488 4588 712 4693 ymaginem.
736 4591 980 4666 Postmodum
1010 4590 1131 4666 dictus
1156 4606 1328 4694 receptor
1349 4588 1421 4664 fuit
1441 4617 1518 4665 am-

101 4714 269 4820 plexatus
290 4717 412 4821 ipsum
431 4733 564 4792 testem
580 4734 619 4793 et
631 4718 820 4797 osculatus
837 4720 876 4796 in
891 4736 1018 4796 ventre
1032 4748 1144 4825 supra
1155 4737 1290 4808 vestes3
1308 4717 1378 4795 alia
1392 4718 1516 4809 illicita

100 4872 176 4922 non
198 4846 498 4935 intervenerunt,
515 4875 584 4926 nec
603 4865 694 4927 tunc
707 4879 778 4928 nec
791 4868 888 4957 post.
908 4849 1040 4930 Credit
1054 4852 1159 4958 quod
1180 4850 1242 4928 alii
1262 4849 1517 4957 reciperentur
