4080 6052
495 499 809 619 rnoocsnn's
835 546 1139 620 venemens.
1455 488 1524 627 aar

108 684 261 761 nomine
283 709 360 761 non
381 685 771 776 recordatur,.suisset
788 704 962 792 receptus
976 686 1033 765 ad
1051 685 1269 766 instanciam
1288 689 1406 794 ipsius
1423 695 1527 770 testis

108 832 148 892 et
162 815 302 893 domini
317 814 512 895 Guillelmi
530 819 635 895 Flote
653 836 691 896 et
707 819 866 897 aliorum
885 816 1091 898 amicorum
1109 819 1205 927 ejus,
1222 819 1261 895 in
1279 819 1379 897 dicto
1395 822 1527 899 ordine

107 946 254 1052 Templi
273 964 312 1024 et
324 950 511 1027 adductus
524 950 686 1028 Parisius
699 950 793 1026 inira
806 978 965 1040 annum,
977 967 1022 1027 ut
1034 948 1104 1027 sibi
1122 951 1287 1042 videtur,
1300 950 1413 1028 rediit
1427 953 1528 1059 Lug-

107 1076 254 1154 dunum
270 1095 308 1155 et
318 1079 452 1157 institit
459 1104 575 1188 penes
586 1098 731 1187 patrem
746 1111 875 1171 suum,
891 1098 930 1158 et
939 1097 1045 1188 pater
1056 1101 1185 1188 postea
1198 1111 1314 1189 penes
1332 1083 1457 1189 ipsum
1470 1100 1527 1161 te—

105 1223 218 1300 stem,
237 1210 343 1315 quod
357 1210 556 1291 collocaret
574 1239 663 1288 eum
685 1213 724 1288 in
744 1212 815 1289 alia
833 1211 1031 1319 religione,
1047 1194 1214 1319 alioquin
1231 1213 1328 1290 irent
1347 1215 1396 1292 ad
1412 1214 1527 1292 talem

107 1336 234 1415 locum
251 1340 357 1446 quod
374 1370 569 1449 nunquam
587 1343 799 1420 reviderent
818 1343 960 1448 ipsum3
974 1361 1258 1449 verumptamen
1279 1372 1426 1421 causam
1442 1373 1529 1450 pro-

107 1484 192 1573 pter
210 1496 324 1575 quam
342 1472 391 1549 ad
410 1471 520 1548 aliam
538 1472 761 1578 religionem
778 1471 951 1549 transferi
969 1471 1135 1560 volebat,
1154 1500 1230 1548 non
1248 1488 1457 1577 potuerunt
1472 1504 1528 1552 ex·

106 1615 283 1705 torquere
305 1600 353 1677 ab
378 1630 443 1690 co,
467 1603 573 1709 quod
596 1602 696 1680 sciat.
720 1603 808 1679 Fuit
824 1619 950 1678 tamen
969 1601 1169 1678 translatus
1192 1602 1241 1677 ad
1261 1602 1433 1679 ordinem
1453 1605 1528 1679 Ho-

104 1729 246 1834 spitalis
271 1733 387 1809 sancti
410 1733 606 1826 iohannis,
644 1733 738 1810 infra
767 1732 911 1809 dietum
942 1760 1097 1824 annum,
1130 1749 1167 1809 et
1197 1749 1327 1838 postea
1355 1732 1394 1808 in
1426 1708 1526 1810 dicto

105 1859 237 1938 ordine
258 1862 458 1968 Hospitalis
476 1863 581 1941 obiit.
604 1863 820 1970 Requicitus
839 1863 887 1940 de
906 1878 1005 1940 etate
1017 1863 1175 1970 predicti
1194 1862 1413 1969 Templarii,
1435 1862 1528 1940 dixit
1646 1947 1651 1957 ,

106 1990 211 2094 quod
236 2007 405 2098 tempore
433 1993 622 2098 ingressus
647 1993 725 2084 sui,
753 2010 832 2070 erat
858 1993 964 2070 etatis
993 1993 1140 2070 circiter
1167 2020 1232 2071 xvv·
1254 2020 1458 2080 annorum,
1484 2009 1528 2069 ut

105 2134 223 2222 putat.

162 2249 273 2341 Item,
286 2271 404 2355 super
415 2276 485 2327 cxx
496 2251 668 2341 articulo,
682 2252 749 2356 qui
759 2252 904 2357 incipit,
920 2254 1014 2328 Item
1026 2254 1131 2357 quod
1140 2271 1314 2358 propter,
1328 2270 1418 2341 etc,
1436 2254 1528 2331 dixit

106 2405 146 2455 se
165 2375 384 2484 frequenter
406 2379 590 2457 audivisse
611 2380 715 2486 quod
733 2384 887 2486 proptei·
905 2381 1061 2456 nimiam
1085 2381 1389 2474 familiaritatem,
1413 2411 1526 2489 quam

106 2508 270 2586 habebat
281 2508 395 2587 irater
410 2509 638 2589 Guillelmus
652 2510 700 2587 dc
715 2510 821 2592 Bello
836 2510 980 2608 Zocho,
996 2525 1087 2585 tunc
1106 2510 1281 2616 Magister
1298 2510 1418 2617 major
1439 2511 1527 2588 dicti

107 2639 264 2731 ordinis,
282 2663 369 2717 cum
386 2640 551 2718 Soldano
571 2656 609 2716 et
621 2641 828 2732 Saracenis,
846 2640 967 2716 multa
985 2640 1146 2746 dampna
1160 2656 1407 2746 provenerant
1420 2617 1529 2719 Chri-

105 2768 251 2860 stianis3
271 2771 351 2877 ipse
369 2788 496 2848 tamen
514 2771 620 2848 testis
635 2770 728 2848 dixit
741 2797 781 2847 se
802 2770 1221 2860 credere-contrarium,
1238 2771 1328 2876 quia
1346 2770 1528 2848 intellexit

105 2900 210 3005 quod
231 2917 383 2978 strenue
403 2929 442 2977 se
463 2914 626 3007 gesserat
642 2900 680 2976 in
700 2886 821 3006 prelio
848 2899 1032 2978 Acencnai
1052 2916 1183 2976 contra
1200 2899 1417 2989 Saracenos,
1434 2916 1473 2976 et
1485 2901 1526 2976 in

106 3055 152 3106 co
171 3048 347 3108 mortuus
364 3030 496 3108 fuerat.

162 3161 273 3251 Item,
292 3155 406 3267 super
424 3187 515 3239 cxxv
535 3159 708 3252 articulo,
723 3160 790 3266 qui
815 3153 961 3265 incipit,
981 3160 1077 3236 ltem
1095 3158 1203 3266 quod
1221 3188 1394 3266 magnus,
1415 3177 1452 3238 et
1469 3187 1527 3238 se·

105 3290 326 3395 quentibus,
352 3292 446 3368 dixit
467 3319 507 3369 se
532 3291 716 3368 audivisse
739 3291 846 3396 quod
871 3290 1048 3396 Magister
1071 3306 1111 3366 et
1131 3291 1246 3368 ceteri
1269 3289 1426 3369 confessi
1445 3290 1527 3367 fare·

105 3437 195 3497 runt
215 3438 386 3499 contenta
406 3423 445 3498 in
460 3421 625 3501 articulis
642 3420 879 3527 supradictis3
892 3420 1003 3526 plura
1013 3420 1109 3497 dixit
1126 3444 1166 3497 se
1184 3421 1340 3498 nescim.
1355 3420 1526 3526 Requiri—

105 3566 184 3640 tus,
197 3552 229 3628 si
244 3552 470 3659 deposuerat
485 3581 613 3660 prece,
634 3540 778 3657 precio,
797 3567 991 3656 precepto,
1011 3577 1156 3639 amore,
1177 3550 1294 3629 hodio
1313 3549 1373 3626 vel
1390 3549 1525 3626 timore

105 3699 172 3759 aut
189 3683 348 3760 comodo
369 3682 569 3789 temporali
588 3681 717 3760 habito
735 3680 796 3759 vel
811 3679 1004 3773 habendo,
1025 3679 1219 3784 respondit
1236 3679 1341 3786 quod
1356 3706 1444 3757 non.

164 3937 253 4015 Post
270 3965 362 4043 que,
379 3938 515 4015 eadem
533 3939 612 4031 die,
632 3940 821 4019 lohannes
836 3942 870 4016 T
871 3936 1008 4046 aylaler
1030 3938 1078 4015 de
1101 3937 1206 4016 Gene
1220 3937 1379 4015 diocesis
1393 3937 1527 4044 Lingo-

107 4067 250 4160 nensis,
265 4069 371 4146 tastis
388 4069 655 4175 supraJuratus,
673 4070 859 4146 defferens
877 4085 997 4144 vestes
1012 4067 1060 4143 de
1074 4067 1225 4144 burello
1239 4068 1369 4172 grisco,
1385 4067 1525 4175 absque

106 4197 287 4280 mantello
308 4212 346 4276 et
365 4198 498 4276 habitu
511 4183 655 4277 ordinis
666 4198 832 4304 Templi,
851 4196 994 4274 habens
1012 4195 1169 4274 barbam
1184 4224 1323 4288 rasam,
1339 4198 1444 4276 etatis
1457 4224 1526 4276 xxv

108 4358 293 4407 annorum
304 4330 363 4407 vel
374 4331 480 4424 circa,
495 4347 539 4406 ut
551 4329 828 4422 dixit,venit·ad
840 4326 1072 4437 presenciam
1087 4327 1275 4405 dictorum
1285 4327 1526 4406 dominorum

109 4460 464 4553 commissariorum,
486 4469 530 4537 ut
548 4460 756 4566 deponeret
774 4460 916 4537 dicuun
935 4455 1059 4535 suum.
1081 4459 1296 4565 Requisitus
1313 4457 1362 4536 ab
1383 4459 1526 4536 eisdem

110 4591 273 4668 dominis
286 4591 549 4670 commissariis
562 4608 657 4697 quot
671 4591 778 4669 annis
789 4605 942 4669 steterat
955 4589 995 4665 in
1007 4588 1140 4666 ordine
1154 4589 1319 4695 Templi,
1335 4589 1528 4695 respondit

109 4721 215 4827 quod
233 4750 302 4828 per
328 4750 368 4800 111
387 4750 505 4801 annos
522 4720 583 4799 vel
609 4721 719 4812 circa,
741 4737 826 4800 ante
853 4719 1068 4826 capcionem
1087 4746 1236 4811 eorum,
1266 4733 1304 4797 et
1326 4719 1529 4826 quoderat

108 4850 225 4930 irater
247 4853 421 4942 serviens.
442 4852 659 4960 Requisitus
677 4853 744 4932 ubi
764 4870 804 4931 et
821 4880 842 4930 a
861 4849 1002 4958 quibus
1023 4847 1146 4928 fuerat
1171 4867 1345 4957 receptus
1363 4850 1402 4925 in
1429 4850 1527 4946 dicto

1371 4985 1421 5049 ad.
