4080 6052
688 522 888 615 rnocds
914 542 1007 614 nas
1033 541 1333 618 raurmrss.
1647 548 1720 620 275

741 884 775 944 ln
790 886 844 946 isto
856 885 962 968 pagine
976 885 1067 948 nichil
1078 887 1219 991 pcdptum
1234 900 1285 948 est.

360 1209 472 1295 Item,
492 1208 542 1283 ad
561 1233 669 1284 nxxur
685 1205 881 1311 respondit
899 1207 1004 1312 quod
1023 1207 1093 1283 sibi
1113 1235 1190 1283 non
1211 1206 1282 1283 fuit
1301 1207 1511 1313 injunctum
1531 1207 1624 1312 quin
1644 1206 1722 1313 ipse

306 1338 550 1415 confiteretur
573 1335 827 1413 sacerdotibus
852 1336 950 1422 aliis,
975 1364 1143 1414 asserens
1161 1355 1247 1442 post
1269 1338 1528 1442 recepcionem
1553 1365 1659 1412 suam
1683 1366 1722 1414 se

306 1468 419 1545 fuisse
444 1467 655 1545 confessum
679 1466 781 1542 fratri
806 1458 974 1555 Galtero‚
1001 1466 1201 1571 quondam
1223 1467 1397 1571 episcopo
1427 1467 1646 1554 Pictaveusi,
1675 1468 1722 1543 de

304 1598 479 1703 predictis
500 1615 538 1675 et
556 1598 652 1686 aliis,
675 1614 713 1673 et
732 1596 853 1682 dictus
879 1597 1074 1701 episcopus
1099 1595 1288 1673 consuluit
1311 1595 1381 1672 sibi
1407 1596 1506 1671 inter
1530 1595 1599 1670 alia
1619 1595 1722 1700 quod

304 1730 420 1805 exiret
438 1704 622 1806 ordinem.
1650 1752 1655 1760 ·

360 1859 470 1951 Item,
491 1859 538 1934 ad
556 1886 675 1945 cxxiv,
696 1883 717 1935 v
736 1873 773 1933 et
789 1884 824 1935 vr
842 1858 1036 1962 respondit
1053 1858 1158 1962 quod
1175 1857 1205 1933 si
1224 1838 1405 1942 scieban⁰t‚
1427 1855 1523 1930 male
1540 1852 1724 1930 faciebant

305 1988 488 2092 quianon
508 1985 758 2093 corrigebant,
779 2004 816 2062 et
834 2014 911 2063 non
932 1986 1204 2064 denonciabant
1223 1985 1400 2073 Ecclesie,
1421 2001 1459 2060 et
1476 2012 1553 2061 non
1573 1983 1724 2060 recede·

305 2114 397 2191 bant
415 2115 461 2191 ab
481 2117 545 2192 eis.
1632 2212 1637 2222 .

362 2247 472 2332 Item,
494 2246 542 2321 ad
562 2271 680 2322 nxxtu
701 2258 738 2319 'et
758 2244 1003 2349 sequentibus
1021 2273 1141 2352 usque
1159 2247 1206 2321 ad
1223 2274 1319 2324 xcvu
1335 2246 1529 2351 respondit
1547 2274 1586 2322 se
1607 2244 1722 2322 nichil

307 2375 400 2452 scire
420 2374 491 2450 nisi
512 2375 616 2481 quod
636 2401 748 2479 supra
769 2373 953 2478 deposuit.

361 2506 536 2591 ltem‚ad
553 2531 648 2582 xcvu
665 2503 860 2609 respondit
876 2505 981 2609 quod
998 2504 1036 2579 in
1051 2504 1142 2580 locis
1160 2503 1302 2580 ordinis
1316 2504 1355 2579 in
1374 2503 1514 2608 quibus
1533 2501 1619 2589 fuit,
1642 2528 1724 2605 spe-

307 2635 447 2710 cialiter
470 2635 508 2709 in
536 2633 711 2711 domibus
737 2633 786 2711 de
804 2633 946 2738 Campo
971 2633 1129 2711 Gillonis
1155 2635 1202 2710 de
1226 2633 1482 2740 Montgagniet
1503 2631 1724 2708 Pictavensis

306 2782 344 2841 et
368 2765 415 2840 de
438 2765 568 2842 Castro
586 2763 768 2840 Bernardi
784 2763 1032 2840 Xantonensis
1053 2764 1276 2854 diocesim,
1296 2780 1334 2840 et
1351 2763 1448 2840 ultra
1470 2790 1571 2839 mare
1591 2763 1631 2837 iu
1648 2761 1725 2839 An·

307 2922 393 2981 con,
412 2893 555 2970 fiebant
574 2892 671 2968 bene
695 2890 930 2980 elemosine,
951 2909 989 2968 et
1011 2893 1242 2998 hospitalitas
1268 2893 1493 2982 servabatur,
1524 2908 1562 2967 et
1588 2890 1726 2967 dabant

308 3024 491 3100 decimam
511 3022 694 3098 forratam
713 3023 818 3127 panis
837 3050 906 3127 pro
927 3050 1053 3098 amore
1074 3023 1160 3110 Dei,
1183 3041 1221 3098 et
1240 3022 1337 3099 ultra
1355 3024 1441 3112 hec,
1464 3021 1668 3127 fragmenta
1679 3036 1726 3095 et

308 3153 485 3258 reliquias
505 3178 721 3226 mensarum
741 3179 906 3228 suarum.
1724 3142 1726 3147 ¹

362 3283 476 3368 Item,
497 3281 544 3357 ad
564 3307 690 3368 xcvur,
711 3309 787 3360 vnn
813 3298 851 3358 et
874 3308 894 3359 c
914 3280 1109 3387 respondit
1132 3311 1171 3360 se
1196 3283 1311 3359 nichil
1337 3284 1446 3369 scire,
1469 3307 1724 3385 necunquam

308 3411 490 3489 audivisse
512 3411 585 3488 dici
605 3411 709 3518 quod
728 3439 797 3518 per
815 3412 958 3518 nephas
976 3414 1168 3518 acquirere
1188 3413 1333 3500 liceret,
1353 3430 1390 3488 et
1409 3412 1513 3518 quod
1532 3438 1610 3487 non
1630 3423 1727 3485 esset

307 3559 500 3646 peccatum
521 3541 698 3647 degerere
719 3560 872 3648 propter
891 3542 1068 3647 predicta.

364 3674 474 3759 Item,
497 3673 546 3749 ad
562 3700 668 3765 carr,
691 3675 739 3750 de
760 3673 1095 3752 clandestinacione
1116 3674 1366 3779 capitulorum
1385 3690 1424 3751 et
1442 3669 1724 3777 'recepcionum‚

309 3802 502 3906 respondit
521 3830 560 3878 se
578 3803 695 3878 nichil
715 3803 807 3879 scire
828 3802 899 3878 nisi
919 3804 1024 3910 quod
1043 3832 1155 3909 supra
1176 3803 1360 3909 deposuit.

365 3934 476 4019 Item,
497 3931 544 4006 ad
562 3957 687 4008 ctu-xi
706 3932 915 4036 respondit,
936 3949 1126 4038 utsupra,
1149 3961 1187 4009 sc
1207 3935 1350 4009 nescire
1363 3959 1433 4008 nec
1450 3931 1603 4006 credere
1623 3928 1727 4034 quod

312 4087 468 4166 magnus
487 4060 662 4166 Magister
679 4059 738 4136 vel
758 4061 872 4166 aliqui
891 4061 982 4167 layci
1004 4079 1157 4168 possent
1176 4062 1366 4138 absolvere
1386 4089 1407 4136 a
1425 4059 1594 4165 peccatis.

366 4193 479 4279 Item,¹
508 4192 554 4268 ad
584 4216 656 4267 oxu
686 4207 724 4267 et
753 4217 816 4267 xtu
835 4191 1029 4296 respondit
1052 4220 1093 4270 se
1119 4191 1301 4269 audivisse
1331 4191 1420 4279 dici,
1448 4191 1541 4268 dum
1566 4206 1645 4266 erat
1667 4190 1727 4267 ul-

310 4338 512 4409 tramam,
541 4321 646 4426 quod
665 4319 728 4396 illa
758 4348 833 4424 que
865 4349 1023 4428 magnus
1051 4323 1226 4428 Magister
1250 4320 1447 4399 ordinabat
1481 4348 1568 4397 cum
1599 4319 1727 4427 probis

311 4450 530 4527 hominibus
560 4449 704 4526 ordinis
737 4466 775 4526 et
808 4479 895 4526 oum
927 4442 1065 4530 stricto*
1085 4452 1255 4542 consilio,
1290 4451 1479 4531 debebant
1514 4449 1648 4527 servari
1688 4449 1727 4524 in

312 4581 455 4657 ordine.
1376 4674 1380 4680 Ι

335 4760 343 4777 ·
367 4711 480 4798 Item,
508 4710 555 4787 ad
579 4737 671 4800 extr,
696 4736 754 4800 xv,
780 4738 846 4802 xvi
865 4731 903 4791 et
925 4738 998 4795 xvu
1017 4714 1210 4823 respondit
1234 4740 1275 4793 se
1298 4694 1440 4793 nescire
1465 4711 1618 4820 quando
1645 4727 1683 4786 et
1707 4737 1727 4787 a

312 4840 450 4946 quibus
468 4846 593 4938 ortum
611 4840 826 4920 habuerunt
845 4872 990 4925 errores
1010 4846 1203 4926 consessati
1214 4856 1292 4953 ‘per'
1312 4873 1416 4935 eum,
1437 4862 1475 4923 et
1493 4844 1524 4922 si
1544 4840 1726 4926 sciebant,

397 4978 500 5047 esocis
521 4999 572 5042 nas
592 5000 761 5042 martarus.
777 5014 812 5027 -
833 5001 853 5042 ι.
1029 5031 1031 5036 .
1540 4980 1579 5040 35
