4080 6052
297 551 370 622 aaa
682 529 875 621 procas
901 546 996 618 nas
1023 543 1322 619 rnurmnas.

296 688 412 766 tensis
432 686 606 775 diocesis,
623 718 690 795 per
708 690 860 766 fratrem
876 688 1087 766 iohannem
1110 688 1157 764 de
1177 690 1307 764 Turno
1331 683 1553 790 quondam,
1573 684 1731 763 thesau-

297 819 395 898 rario
425 835 515 894 tunc
546 820 694 926 Templi
726 819 963 909 Parisiensis,
990 795 1228 923 presentibus
1259 816 1439 894 iratribus
1466 815 1646 907 lohanne
1678 819 1727 893 de

299 951 429 1027 Monte
444 949 677 1028 Morenciaco
695 952 928 1058 presbytero,
945 948 1151 1028 Guillelmo
1167 948 1275 1025 Fabri
1293 945 1561 1037 servientibus,
1579 964 1721 1054 etquo-

301 1081 388 1157 dam
412 1096 630 1186 preceptore
654 1081 754 1160 dicte
781 1082 934 1170 domus,
960 1079 1066 1186 cujus
1087 1106 1228 1156 nomen
1255 1097 1293 1156 et
1316 1104 1533 1186 cognomen
1557 1079 1717 1184 ignorat,

301 1227 339 1286 et
352 1207 524 1314 pluribus
539 1208 622 1290 aliis
641 1210 857 1301 deffunctis,
877 1211 917 1286 in
933 1210 1036 1286 hune
1056 1208 1215 1285 modum
1231 1239 1240 1284 t
1257 1236 1346 1284 nam
1366 1235 1456 1284 cum
1469 1207 1725 1314 requisivisset

301 1340 443 1446 pluries
462 1368 597 1445 panem
617 1359 654 1418 et
668 1370 804 1446 aquam
818 1358 855 1417 et
869 1366 1074 1446 pauperem
1092 1340 1267 1416 vestitum
1285 1338 1448 1426 ordinis,
1467 1355 1509 1414 et
1527 1337 1726 1416 obtulisset

303 1500 341 1547 se
369 1470 463 1547 velle
489 1469 570 1545 fieri
599 1498 747 1546 servum
779 1469 964 1547 esclavum
990 1469 1133 1546 ordinis
1162 1486 1200 1545 et
1224 1472 1340 1545 Terre
1361 1469 1516 1554 Sancte,
1539 1487 1576 1546 et
1603 1471 1637 1545 ei
1666 1497 1726 1546 re-

303 1628 482 1706 sponsum
509 1599 640 1677 luisset
667 1627 735 1706 per
760 1600 903 1676 dictum
923 1600 1200 1676 thesaurarium
1227 1599 1329 1703 quod
1355 1597 1458 1674 bene
1480 1598 1716 1688 deliberaret,

304 1758 391 1806 nam
412 1729 592 1835 grandem
618 1758 699 1846 rem
718 1729 888 1835 petebat;
910 1746 948 1804 et
966 1747 1057 1806 ωηο
1080 1747 1159 1806 erat
1182 1729 1291 1805 liberi
1312 1727 1473 1816 arbitrii,
1492 1729 1557 1805 sed
1576 1756 1619 1804 ex
1639 1758 1716 1835 quo

306 1878 403 1939 esset
434 1861 471 1936 in
504 1861 653 1948 ordine,
687 1876 878 1966 oporteret
906 1887 994 1936 eum
1024 1859 1205 1938 voluntati
1238 1859 1372 1966 subjici
1405 1859 1551 1949 aliene,
1580 1861 1718 1937 esurire

306 1992 458 2098 quando
477 1991 590 2068 vellet
618 1991 833 2077 comedere,
860 1990 1009 2096 vigilare
1039 1992 1192 2097 quando
1210 1989 1323 2067 vellet
1343 1989 1529 2081 dormire,
1551 1991 1669 2097 pejori
1691 2009 1726 2067 et

308 2121 475 2197 inferiori
501 2120 654 2197 lorsitan
682 2150 721 2198 se
750 2120 921 2209 obedire,
949 2137 987 2197 et
1006 2121 1123 2197 multa
1143 2121 1237 2196 dura
1258 2137 1296 2197 et
1315 2148 1445 2226 aspera
1468 2120 1670 2208 sustinere,
1692 2139 1727 2197 et

309 2253 387 2356 ipse
403 2250 657 2357 respondisset
669 2251 775 2358 quod
788 2250 886 2328 bene
900 2252 1027 2328 omnia
1040 2252 1261 2342 sustineren
1277 2249 1443 2328 finaliter
1459 2279 1548 2328 cum
1563 2253 1727 2329 exivisset

309 2399 366 2458 ter
387 2379 565 2485 capellam
591 2380 638 2457 ad
664 2379 972 2472 deliberandum,
999 2397 1037 2457 et
1064 2381 1187 2458 dictus
1210 2381 1468 2459 thesaurarius
1487 2381 1728 2460 deliberasset

310 2539 398 2587 cum
418 2509 596 2588 fratribus
615 2511 694 2587 suis
711 2510 915 2589 astantibus
934 2510 982 2587 de
1001 2512 1220 2617 recepcione
1241 2510 1429 2618 ejusdem,
1452 2509 1543 2588 lecit
1560 2541 1648 2589 eum
1667 2541 1727 2590 vo-

311 2668 396 2719 vere
417 2658 456 2717 et
469 2642 614 2748 jurare,
637 2670 751 2748 super
770 2641 964 2748 quoddam
982 2641 1130 2719 missale
1152 2658 1323 2746 apertum
1343 2640 1384 2717 in
1402 2668 1484 2748 quo
1502 2633 1582 2719 erait
1596 2671 1727 2750 ymago

241 2802 244 2807 ⁴
313 2770 507 2862 Crucilixi,
535 2771 756 2883 castitatem,
788 2770 1048 2848 obedienciam
1075 2789 1113 2848 et
1136 2772 1256 2849 vivere
1282 2772 1361 2848 sine
1388 2773 1556 2879 proprio,
1582 2800 1721 2849 servare

311 2901 434 2978 bonos
453 2930 544 2997 usus
567 2919 604 2978 et
622 2901 741 2978 bonas
763 2901 1056 2978 consuetudines
1079 2919 1116 2977 et
1136 2920 1276 2979 secreta
1296 2902 1461 2992 ordinis,
1482 2920 1518 2979 et
1534 2903 1722 3010 acquirere

313 3058 382 3137 pro
399 3057 506 3136 posse
526 3060 594 3108 suo
609 3034 762 3107 Terram
776 3032 960 3109 Sanctam.
978 3032 1067 3109 Post
1081 3059 1194 3136 quem
1210 3032 1389 3137 imposuit
1405 3032 1478 3109 sibi
1491 3032 1725 3121 mantellum,

315 3159 415 3236 dicto
429 3158 646 3265 presbytero
668 3160 814 3237 dicente
835 3162 1022 3266 psalmum
1042 3161 1203 3238 Ecclesie
1225 3163 1349 3253 Quam
1368 3161 1539 3255 bonum,
1559 3182 1599 3240 et
1612 3191 1728 3270 asper·

316 3306 425 3396 gente
446 3316 580 3394 aquam
600 3288 837 3365 benedictam
858 3320 971 3395 super
991 3321 1096 3380 eum,
1121 3310 1158 3369 et
1177 3320 1308 3369 omnes
1328 3291 1463 3370 fratres
1478 3311 1638 3371 astantes
1652 3294 1729 3371 fue-

317 3436 406 3495 runt
426 3447 514 3494 eum
535 3418 688 3495 osculati
705 3421 743 3496 in
762 3449 837 3496 ore.
860 3423 1106 3498 Postmodum
1125 3424 1246 3499 dictus
1260 3423 1491 3501 Guillelmus
1504 3425 1609 3501 Fabri
1626 3426 1728 3500 duxit

318 3552 440 3656 ipsum
456 3567 590 3627 testem
605 3551 653 3625 ad
669 3552 869 3655 quamdam
884 3580 1084 3638 cameram,
1102 3555 1141 3630 in
1156 3583 1229 3660 qua
1245 3572 1399 3630 exueret
1415 3572 1529 3632 vestes
1545 3554 1724 3631 seculares

320 3698 356 3755 et
376 3681 550 3757 indueret
570 3699 690 3758 vestes
715 3683 879 3772 ordinis3
906 3702 943 3759 et
972 3702 1059 3760 cum
1087 3685 1270 3760 induisset
1289 3702 1409 3761 vestes
1435 3687 1550 3762 dictas
1572 3685 1726 3772 ordinis,

319 3812 484 3915 precepit
504 3812 537 3885 ei
561 3812 665 3916 quod
688 3813 889 3918 abnegaret
912 3815 1053 3905 Deum,
1082 3833 1224 3890 etcum
1247 3816 1325 3920 ipse
1350 3816 1458 3891 testis
1483 3815 1731 3921 respondisset

319 3969 433 4048 quare
455 3943 527 4017 hoc
546 3941 698 4028 iaceret,
722 3944 813 4019 dixit
828 3945 874 4019 'ei
902 3944 1024 4021 dictus
1047 3944 1275 4023 Guillelmus
1294 3945 1405 4022 Fabri
1427 3946 1533 4051 quod
1558 3948 1673 4023 nichil
1691 3946 1734 4022 ad

322 4103 408 4148 eum
433 4073 643 4177 requireret
667 4073 754 4163 hoc,
783 4049 979 4179 sed⁹quod
1007 4073 1229 4180 abnegaret;
1256 4093 1294 4151 et
1311 4091 1402 4151 tunc
1422 4076 1502 4182 ipse
1522 4079 1629 4154 testis
1650 4077 1736 4153 dixit

321 4204 425 4306 quod
448 4202 648 4308 abnegaret
668 4231 731 4280 ore
752 4232 828 4279 ηοη
856 4206 985 4291 corde,
1011 4221 1048 4281 et
1073 4206 1269 4311 abnegavit
1287 4207 1410 4283 Deum
1431 4235 1495 4283 ore
1516 4237 1595 4283 non
1612 4209 1736 4297 corde,

323 4348 365 4406 ut
380 4333 482 4409 dixit.
501 4334 647 4411 Deinde
665 4335 758 4409 dixit
772 4336 806 4408 ei
821 4335 941 4411 dictus
958 4335 1188 4413 Guillelmus
1203 4338 1307 4443 quod
1323 4356 1475 4442 spueret
1486 4366 1600 4443 super
1618 4369 1738 4448 quam-

323 4463 407 4536 dam
433 4491 601 4549 crucem,
625 4467 758 4569 etipse
780 4465 903 4541 noluit
923 4495 1056 4571 spuere
1078 4495 1189 4573 super
1204 4468 1271 4544 sed
1281 4468 1396 4573 juxta.
1417 4470 1636 4576 Requisitus
1656 4501 1740 4578 qua-

322 4589 367 4665 lis
387 4609 466 4667 erat
483 4594 581 4670 dicta
596 4624 699 4683 crux,
723 4596 916 4700 respondit
931 4597 1054 4701 primo
1071 4599 1175 4703 quod
1196 4629 1283 4674 crux
1303 4598 1472 4676 mantelli
1488 4601 1608 4706 ipsius
1623 4604 1737 4691 testis,

323 4736 365 4793 ut
385 4721 455 4793 sibi
484 4724 689 4801 videbatur.
717 4727 962 4803 Postmodum
984 4727 1075 4803 dixit
1094 4729 1199 4834 quod
1216 4729 1285 4805 sibi
1307 4730 1506 4807 videbatur
1530 4736 1637 4839 quod
1658 4734 1737 4810 suis

324 4868 378 4928 set
394 4851 556 4955 quedam
572 4883 679 4957 parva
700 4887 788 4932 crux
805 4858 942 4965 lignea,
967 4860 1033 4936 sed
1053 4887 1128 4936 non
1146 4861 1245 4938 bene
1265 4889 1351 4938 reco
1368 4862 1468 4939 ebat.
1497 4866 1733 4943 Postmodum
