4080 6052
458 463 460 467 ⁵
522 522 595 595 sss
878 496 1100 591 ruocns
1124 514 1220 587 nus
1247 512 1549 587 rnurnrnus.

576 660 729 740 Eisdem
754 659 816 735 die
842 673 880 735 et
903 653 987 735 loco
1010 656 1113 735 venit
1138 654 1185 730 ad
1216 653 1446 759 presenciam
1477 654 1665 735 dictorum
1697 654 1948 737 dominorum

521 789 862 879 commissariorum
881 785 1078 895 religiosus
1096 783 1152 863 vir
1174 781 1289 862 frater
1306 784 1520 892 Stephanus
1540 783 1589 862 de
1605 786 1775 865 Nereaco
1796 787 1948 897 Lugdu·

521 922 647 1000 nensis
672 919 849 1005 diocesis,
878 917 925 995 dc
948 916 1082 996 ordine
1111 913 1270 993 fratrum
1295 916 1503 1008 Minorem,
1526 915 1732 1023 gordianus
1747 919 1941 1024 quondam

521 1050 799 1161 Lugdunensis,
819 1048 885 1154 qui
907 1047 1102 1125 dicebatur
1120 1045 1247 1153 aliqua
1256 1047 1349 1125 scire
1368 1048 1417 1123 de
1433 1047 1621 1125 contentis
1635 1046 1676 1125 in
1695 1047 1859 1128 articulis
1876 1079 1941 1131 su·

520 1214 587 1290 per
605 1182 744 1290 quibus
763 1178 961 1287 inquirunt
982 1178 1126 1256 domini
1146 1177 1392 1259 commissarii
1412 1177 1606 1270 antedicti,
1629 1194 1668 1256 et
1678 1178 1821 1286 juravit
1837 1183 1940 1260 tactis

520 1312 759 1392 sacrosanctis
785 1308 993 1418 Evangeliis
1023 1308 1173 1416 plenam
1201 1324 1239 1385 et
1268 1335 1411 1385 meram
1442 1307 1567 1385 dicere
1593 1308 1792 1387 veritatem
1818 1309 1858 1385 in
1887 1339 1945 1387 ne

520 1447 627 1552 goeio
649 1447 721 1521 isto
741 1443 789 1519 de
809 1469 886 1547 quo
906 1441 1040 1547 agitur,
1061 1440 1272 1517 secundum
1291 1437 1453 1516 formam
1463 1439 1668 1547 juramenti
1689 1438 1855 1519 aliorum
1874 1458 1945 1520 tas

521 1577 618 1651 tium
631 1572 803 1678 superius
817 1569 1049 1676 registratam
1064 1569 1199 1647 lectam
1219 1568 1357 1646 sidem.
1378 1567 1498 1645 Lectis
1521 1585 1649 1646 autem
1669 1567 1742 1648 sibi
1770 1571 1942 1650 omnibus

522 1725 560 1784 et
587 1703 743 1811 singulis
763 1698 949 1786 articulis,
978 1698 1172 1804 respondit
1199 1697 1306 1803 quod
1333 1715 1421 1775 sunt
1450 1696 1565 1802 elapsi
1591 1698 1724 1805 viginti
1748 1701 1852 1792 anni,
1881 1702 1938 1779 rel

522 1839 632 1926 circa,
649 1861 737 1910 cum
751 1828 863 1912 frater
881 1827 1086 1923 Ancelinns
1101 1828 1197 1908 Gara
1213 1826 1322 1905 miles
1337 1827 1481 1904 ordinis
1491 1828 1658 1935 Templi,
1678 1830 1728 1908 de
1739 1831 1939 1936 parentella

523 1969 640 2073 ipsius
648 1963 765 2048 testis,
781 1976 877 2037 esset
894 1959 1039 2035 dictum
1055 1959 1228 2037 ordinem
1243 1959 1489 2082 ingressurus,
1502 1975 1540 2035 et
1552 1958 1633 2064 ipse
1644 1959 1766 2047 testis,
1781 1977 1820 2037 et
1834 1959 1942 2038 frater

522 2096 682 2173 Poneius
700 2092 804 2197 prior
829 2091 876 2167 de
898 2089 1065 2166 Mantula
1088 2089 1247 2167 (beccus
1266 2088 1479 2181 Vienensis,
1502 2089 1646 2167 ordinis
1665 2088 1939 2180 Cluniacensis,

521 2227 634 2304 frater
663 2222 851 2330 ejusdem,
875 2236 912 2296 et
931 2220 1145 2326 Stephanus
1167 2218 1281 2296 frater
1304 2219 1395 2297 dicti
1414 2219 1603 2309 Ancelini,
1633 2250 1675 2298 ac
1703 2220 1771 2299 alii
1800 2223 1944 2302 nobiles

524 2359 569 2433 de
601 2384 733 2433 eorum
753 2351 944 2458 parentela
968 2349 1145 2429 trufando
1167 2368 1205 2429 et
1221 2350 1381 2428 ridendo
1402 2351 1572 2428 dicerent
1597 2351 1725 2430 eidem
1743 2351 1942 2442 Ancelino

523 2489 583 2563 die
604 2484 820 2592 precedenti
841 2481 1101 2588 recepcionem
1117 2510 1240 2573 suam,
1258 2481 1435 2591 Lugduni
1447 2483 1631 2573 existenti,
1647 2484 1755 2588 quod
1766 2485 1808 2560 in
1823 2485 1945 2563 crasti-

523 2648 614 2694 num
636 2616 868 2695 oscularetur
894 2613 933 2688 in
953 2640 1025 2689 ano
1048 2610 1158 2689 illum
1178 2613 1243 2719 qui
1262 2613 1446 2717 reciperet
1467 2641 1573 2704 eum,
1596 2628 1635 2688 et
1653 2613 1779 2692 dictru
1797 2613 1944 2692 Anceli-

522 2779 593 2825 nus
612 2746 856 2852 responderet
873 2743 978 2848 quod
998 2743 1071 2820 hoc
1086 2772 1163 2820 non
1182 2742 1334 2831 faceret,
1357 2761 1395 2820 et
1408 2744 1440 2822 si
1458 2743 1647 2821 diceretur
1664 2746 1717 2833 ei,
1734 2745 1837 2852 quod
1852 2773 1939 2822 cum

522 2879 646 2984 gladio
676 2876 881 2983 perforaret
911 2901 1025 2950 anum
1057 2874 1146 2952 dicti
1175 2874 1396 2980 receptoris,
1420 2873 1592 2950 lecerrmt
1618 2876 1654 2952 ei
1681 2876 1802 2984 jurare
1832 2876 1940 2980 quod

522 3026 606 3112 post
626 3007 886 3111 recepcionem
908 3034 1014 3081 suam
1036 3006 1218 3083 revelaret
1245 3005 1298 3083 eis
1323 3004 1480 3082 modum
1505 3006 1604 3083 dicte
1626 3036 1694 3085 sue
1715 3006 1941 3114 receptionis

523 3155 560 3212 et
581 3135 831 3241 professionis.
852 3135 949 3213 Cum
971 3153 1096 3212 autem
1114 3135 1370 3212 incrastinum
1390 3135 1512 3213 dictus
1526 3136 1729 3215 Ancelinus
1749 3135 1880 3216 linisset
1900 3135 1945 3212 fa·

524 3286 605 3344 ctus
625 3265 733 3341 miles
759 3293 824 3369 per
854 3265 1050 3340 dominum
1073 3264 1250 3340 Anricum
1277 3266 1323 3340 de
1348 3265 1526 3352 Villariis,
1549 3267 1739 3371 quondam
1760 3267 1944 3371 archiepi-

524 3426 676 3501 scopum
704 3395 1013 3503 Lugdunensem,
1039 3394 1077 3467 in
1107 3394 1248 3500 capella
1278 3396 1414 3471 domus
1442 3397 1573 3501 templi
1598 3396 1873 3501 Lugdunensis,
1903 3415 1939 3473 et

523 3531 630 3604 missa
658 3527 861 3616 celebrata,
891 3525 1102 3601 induissent
1133 3553 1218 3600 eum
1249 3544 1366 3600 vestes
1386 3527 1547 3612 ordinis,
1572 3525 1741 3603 mantello
1759 3525 1935 3601 nondum

524 3660 676 3743 tradito,
705 3677 741 3733 et
769 3675 892 3731 essent
918 3656 955 3729 in
984 3685 1058 3729 una
1085 3683 1227 3730 camera
1250 3654 1347 3731 dicte
1370 3657 1520 3744 domus,
1541 3657 1618 3734 duo
1631 3654 1765 3731 milites
1790 3654 1939 3731 ordinis

454 3878 456 3883 Ι
524 3789 685 3893 Templi,
707 3815 868 3893 quorum
891 3787 1043 3861 nomina
1066 3786 1224 3891 ignorat,
1243 3785 1431 3862 duxerunt
1451 3787 1576 3891 ipsum
1595 3785 1838 3872 Ancelinum,
1858 3813 1943 3889 pre-

523 3938 626 3995 sente
647 3921 726 4024 ipso
747 3935 858 4003 teste,
875 3917 1120 4020 adquendam
1137 3917 1253 3991 alium
1268 3917 1393 3992 locum
1416 3917 1512 3992 dicte
1535 3918 1672 3993 domus
1687 3932 1887 4003 secretum,
1907 3931 1942 3991 et

523 4051 650 4125 nullus
667 4052 713 4126 de
734 4049 862 4124 amicis
880 4047 995 4153 ipsius
1010 4046 1131 4123 fratris
1158 4047 1326 4124 Anceliui
1353 4063 1501 4123 secutus
1524 4065 1581 4124 est
1600 4076 1687 4125 eum
1711 4075 1780 4123 nec
1806 4046 1941 4123 intrare

520 4180 657 4283 potuit,
682 4180 768 4284 quia
792 4179 1033 4253 firmaverunt
1047 4194 1185 4283 portas.
1207 4178 1304 4253 Cum
1327 4194 1452 4252 autem
1477 4176 1650 4255 fecissent
1670 4206 1738 4283 per
1765 4204 1940 4282 magnum

522 4313 703 4413 spacium,
732 4310 872 4413 etipse
901 4308 1006 4383 testis
1033 4325 1070 4384 et
1096 4307 1157 4383 alii
1183 4309 1343 4387 exterius
1370 4308 1567 4385 existentes
1595 4308 1875 4385 admirarentur
1898 4307 1942 4383 de

521 4458 620 4514 tanta
638 4468 751 4529 incra,
767 4439 940 4515 dictiduo
953 4438 1106 4524 milites,
1123 4439 1261 4544 apertis
1266 4438 1404 4544 januis,
1420 4438 1710 4515 redieruntcum
1723 4437 1829 4515 bono
1842 4436 1943 4514 vultu

522 4572 567 4644 ad
590 4573 716 4645 locum
738 4571 839 4646 unde
859 4587 1078 4674 receperant
1096 4567 1402 4646 dictumfratrem
1413 4568 1654 4654 Ancelinum,
1678 4585 1716 4645 et
1737 4568 1819 4673 ipse
1837 4566 1944 4644 frater

522 4700 739 4784 Ancelinus,
763 4729 861 4774 nunc
883 4700 1024 4777 habens
1048 4700 1270 4775 mantellum
1295 4699 1418 4775 eidem
1440 4698 1534 4804 [sic],
1559 4699 1864 4804 subsequebatur
1884 4725 1942 4774 eos

523 4830 617 4904 adeo
628 4827 803 4903 alteratus
815 4846 852 4902 ct
866 4831 1069 4908 inmutatus
1083 4831 1120 4904 in
1134 4830 1238 4906 vultu
1251 4845 1288 4905 et
1297 4829 1469 4905 turbatus
1480 4846 1517 4905 et
1527 4828 1808 4906 intristissimus
1820 4827 1939 4910 corde,
