4080 6052
453 508 646 603 pnocns
672 528 767 600 ons
794 528 1097 602 reuertens.
1413 527 1487 603 uso

124 678 211 753 Post
227 676 312 758 hec,
330 671 391 747 die
412 669 538 748 Sabati
555 668 744 774 sequenti,
764 695 839 774 que
855 667 928 746 luit
948 696 1036 747 xxm
1053 668 1135 744 dies
1158 666 1246 743 dicti
1267 669 1407 744 mensis
1427 669 1489 745 la-

68 806 205 896 nuarii,
221 802 295 880 luit
307 800 492 877 adductus
507 798 555 876 ad
570 797 804 904 presenciam
823 800 1046 877 eorumdem
1061 797 1304 875 dominorum
1317 799 1492 874 commis-

68 939 264 1023 sariorum,
276 934 316 1010 in
333 931 447 1010 domo
461 929 640 1038 predicta,
658 927 773 1006 frater
790 928 1014 1009 Lanrbertus
1028 931 1075 1007 de
1093 927 1294 1008 Cormellis
1308 928 1488 1023 serviens,

67 1063 284 1148 Parisiensis
300 1062 476 1150 diocesis,
491 1061 597 1138 testis
612 1088 724 1167 supra
738 1059 906 1167 juratus,
925 1078 969 1137 ut
981 1063 1190 1166 deponeret
1202 1059 1347 1135 dictum
1365 1088 1489 1148 suum,

68 1191 413 1306 quinquagenarius
440 1189 500 1267 vel
528 1190 644 1277 circa,
669 1219 747 1267 non
778 1191 950 1271 deferens
974 1189 1198 1267 mantellum
1228 1189 1372 1267 ordinis
1403 1191 1493 1295 quia

71 1328 263 1406 dimiserat
282 1351 372 1400 eum
391 1349 467 1398 una
487 1350 575 1397 cum
594 1320 725 1397 multis
745 1319 828 1398 aliis
853 1322 892 1397 in
913 1321 1071 1397 concilio
1092 1316 1319 1405 senonensi,
1337 1334 1375 1394 et
1391 1337 1494 1422 post·

70 1457 228 1535 modum
241 1453 321 1530 radi
336 1451 473 1528 fecerat
490 1450 562 1526 sibi
577 1449 745 1526 barbam.
763 1450 861 1529 Cum
877 1478 955 1557 quo
969 1449 1091 1526 fuerat
1105 1446 1330 1551 inquisitum
1342 1476 1410 1553 per
1426 1449 1494 1525 do-

72 1589 218 1664 minum
244 1584 463 1689 episcopum
485 1578 796 1657 Aurelianensem
817 1580 995 1673 Senonis,
1022 1579 1112 1657 sede
1136 1594 1303 1666 vacante,
1327 1593 1363 1654 et
1385 1578 1496 1657 abso-

72 1719 175 1794 lutus
200 1733 237 1793 et
256 1714 519 1792 reconciliatus
537 1738 724 1817 pereum.
745 1713 867 1790 Lectis
885 1730 1013 1789 autem
1034 1729 1072 1789 et
1093 1711 1294 1817 diligenter
1320 1711 1496 1816 expositis

71 1847 142 1926 sibi
161 1847 338 1925 omnibus
352 1862 391 1921 et
404 1843 563 1951 singulis
583 1842 767 1933 articulis,
782 1842 979 1949 respondit
997 1843 1045 1919 ad
1062 1870 1143 1930 eos,
1163 1859 1201 1919 et
1217 1840 1340 1946 primo
1357 1843 1404 1919 ad
1420 1842 1497 1947 pri-

74 2006 156 2054 mos
168 2003 230 2064 xv,
251 1974 357 2081 quod
377 2003 455 2057 non
474 1988 628 2050 steterat
644 1971 684 2047 in
704 1970 836 2050 ordine
857 1971 1024 2078 Templi,
1045 1972 1117 2050 nisi
1136 2002 1157 2048 a
1173 1971 1269 2048 sesto
1288 1972 1496 2049 Natiuitatis

73 2108 172 2186 beati
201 2105 382 2184 Johannis
408 2104 590 2208 Baptiste,
625 2131 745 2208 usque
772 2104 821 2182 ad
849 2104 988 2182 festum
1011 2105 1116 2182 Beati
1136 2102 1296 2209 Remigii
1320 2120 1412 2182 tunc
1436 2133 1497 2181 se-

74 2266 214 2345 quens,
237 2236 277 2313 in
296 2263 373 2342 quo
393 2233 468 2310 suit
486 2249 614 2338 captus
634 2261 817 2309 unacum
832 2233 929 2323 aliis,
948 2260 1019 2310 nec
1038 2231 1260 2310 interfuerat
1283 2235 1495 2339 recepcioni

75 2368 232 2476 alicujus
269 2365 422 2443 alterius
453 2362 578 2441 fratris
608 2363 649 2439 in
682 2362 815 2441 ordine
849 2391 920 2442 nec
950 2362 1122 2470 capitulis
1155 2391 1304 2456 eorum,
1341 2381 1379 2441 et
1409 2363 1496 2442 ideo

76 2498 267 2578 nesciebat
285 2496 372 2602 quis
391 2493 528 2572 modus
548 2511 759 2571 servaretur
778 2492 824 2570 in
837 2494 1124 2601 recepcionibus
1145 2493 1318 2570 aliorum.
1340 2495 1424 2600 lpse
1447 2513 1498 2573 ta-

76 2656 165 2704 men
183 2625 256 2703 luit
273 2641 447 2730 receptus
474 2623 514 2698 in
541 2622 681 2728 capella
700 2623 839 2700 domus
858 2623 1008 2730 Templi
1028 2623 1076 2700 de
1102 2624 1245 2730 Sancey
1269 2624 1499 2702 Senonensis

77 2758 252 2849 diocesis,
267 2757 314 2833 de
332 2755 507 2831 mandato
521 2753 745 2832 thesaurarii
761 2753 994 2844 Parisiensis,
1008 2783 1078 2860 per
1091 2754 1246 2831 fratrem
1255 2754 1497 2862 Arnulphum

78 2888 124 2967 de
145 2885 405 2993 Champcuelh
423 2885 663 2972 servientem,
683 2901 946 2991 preceptorem
964 2901 1055 2963 tunc
1073 2887 1120 2963 de
1146 2886 1325 2990 Stampis,
1346 2914 1498 2992 presen-

77 3019 181 3098 tibus
200 3017 377 3093 lratribus
398 3016 568 3092 Johanne
592 3014 640 3092 de
658 3013 861 3092 Cormellis
878 3032 1099 3120 preceptore
1118 3033 1208 3092 tune
1225 3017 1273 3092 de
1290 3016 1497 3102 Bondeliis‚

81 3146 240 3231 diocesis
254 3144 500 3234 Senonensis,
517 3161 562 3221 ut
584 3144 723 3235 credit,
744 3146 857 3223 Petro
877 3163 915 3222 et
933 3145 1138 3226 Guillelmo
1156 3146 1398 3252 Carpentario
1422 3175 1501 3223 ser-

79 3275 282 3366 vientibus,
315 3302 480 3382 quorum
505 3274 727 3379 cognomina
749 3274 906 3381 ignorat.
927 3274 960 3353 A
984 3304 1061 3382 quo
1085 3292 1279 3381 receptore
1305 3276 1502 3383 requisivit

79 3407 184 3486 flexis
197 3405 358 3514 genibus
370 3407 409 3482 in
420 3405 518 3482 dieta
533 3404 673 3509 capella
688 3407 848 3484 existens
860 3435 998 3513 panem
1013 3424 1052 3484 et
1065 3435 1219 3513 aquam,
1237 3423 1274 3484 et
1295 3435 1502 3513 pauperem

81 3539 256 3615 vestitum
281 3536 442 3628 ordinis,
463 3562 592 3613 amore
610 3536 697 3630 Dei3
719 3553 758 3614 et
777 3537 856 3643 ipse
881 3537 1077 3641 respondit
1096 3537 1130 3612 ei
1153 3539 1260 3643 quod
1283 3537 1381 3613 bene
1407 3535 1502 3613 deli·

80 3666 249 3754 beraret,
271 3665 360 3771 quia
380 3665 458 3769 ipse
475 3665 582 3742 testis
602 3681 681 3740 erat
708 3663 834 3742 bonus
858 3665 1052 3770 operarius
1074 3665 1121 3740 ad
1142 3665 1421 3772 preparandum
1444 3681 1503 3743 to·

82 3794 205 3871 nellos
225 3810 262 3870 et
281 3793 430 3880 vineas,
453 3808 491 3868 et
518 3794 559 3868 in
584 3791 716 3869 ordine
736 3792 894 3879 haberet
918 3794 1038 3870 multa
1062 3794 1265 3884 sustinere,
1290 3812 1328 3872 et
1352 3795 1505 3872 videbat

84 3952 149 4002 eos
171 3923 270 4001 bene
293 3921 448 3999 indutos
468 3938 507 3997 et
526 3921 625 3998 bene
645 3922 851 4028 equitatos,
873 3941 911 4001 et
928 3924 1023 4002 sorte
1044 3924 1124 4030 ipse
1146 3953 1223 4002 non
1242 3925 1400 4003 haberet
1416 3923 1506 4002 talia

84 4057 124 4130 in
144 4053 300 4144 ordine,
322 4069 360 4129 et
377 4051 545 4158 precepit
563 4053 597 4128 ei
617 4052 724 4158 quod
740 4053 904 4179 intraret!
916 4055 1120 4162 quamdam
1140 4084 1326 4133 cameram
1345 4057 1394 4133 ad
1413 4055 1508 4132 deli-
1637 4070 1644 4077 ’

85 4183 313 4276 herandum,
333 4199 370 4259 et
386 4181 632 4288 postmodum
646 4183 788 4263 rediret
807 4186 856 4263 ad
876 4214 982 4274 eum,
995 4186 1102 4293 quod
1122 4204 1160 4267 et
1172 4186 1276 4278 lecit3
1296 4204 1334 4264 et
1347 4204 1508 4294 postmo

87 4317 181 4392 dum
198 4315 351 4393 rediens
372 4314 411 4389 in
437 4312 599 4418 capella,
620 4314 756 4395 institit
776 4344 846 4424 pro
871 4317 953 4425 ejus
976 4318 1212 4423 recepcione,
1239 4335 1278 4396 et
1301 4317 1423 4395 dictus
1447 4343 1508 4393 re·

87 4461 215 4550 ceptor
242 4446 334 4523 dixit
362 4445 398 4522 ei
423 4445 528 4551 quod
554 4473 598 4521 ex
623 4474 701 4552 quo
727 4464 876 4527 tantum
904 4449 1105 4555 appetebat
1127 4449 1311 4554 reciperet
1337 4476 1443 4534 eum,
1471 4462 1511 4523 et

88 4575 176 4653 fecit
196 4605 285 4652 eum
298 4604 431 4655 vovere
452 4593 491 4653 et
501 4563 628 4683 jurare
648 4606 763 4684 super
784 4579 989 4685 quemdam
1009 4578 1153 4657 librum
1174 4580 1404 4671 castitatem,
1422 4577 1509 4656 obe·

88 4706 292 4795 dioneiam,
306 4709 426 4785 vivere
447 4707 527 4785 sine
548 4708 718 4816 proprio,
737 4724 881 4790 servare
901 4711 1024 4790 bonos
1043 4739 1135 4789 usus
1155 4728 1193 4789 et
1210 4710 1329 4789 bonas
1348 4737 1507 4789 consue-

87 4839 261 4931 tudines,
285 4838 507 4917 elemosinas
526 4855 563 4918 et
586 4839 687 4929 bona
706 4857 745 4919 et
765 4859 908 4921 secreta
927 4842 1087 4930 ordinis,
1110 4859 1148 4919 et
1165 4842 1271 4950 quod
1294 4859 1392 4920 esset
1418 4840 1509 4919 obe-
