4080 6052
518 530 595 605 ros
908 508 1103 603 noers
1128 527 1223 601 ons
1247 527 1548 601 rnusnrnns.

514 670 988 777 posteapoionemeorum,
999 668 1162 747 credidit
1174 668 1423 777 qrwdverum
1434 668 1594 746 confessi
1605 667 1822 753 fidtsentct
1833 675 1947 778 quod

515 805 565 880 ito
584 817 793 882 servaretur
811 799 1064 877 communiter
1081 801 1122 877 in
1137 815 1219 877 toto
1238 799 1373 877 uana
1391 800 1579 905 predicto.

572 935 684 1021 ltem,
698 933 746 1010 ad
759 957 865 1011 orm
877 929 1072 1020 mtictdos,
1089 931 1136 1007 de
1153 930 1490 1036 dogmtiraciona,
1505 948 1587 1019 etc,
1605 930 1810 1036 respondit
1822 961 1866 1012 se
1877 962 1946 1012 n-

517 1066 650 1143 divisse
666 1063 739 1141 dici
757 1062 805 1139 ab
823 1061 975 1168 illoqui
995 1089 1085 1143 aum
1101 1059 1244 1166 recepit
1258 1059 1388 1139 illa-de
1401 1061 1543 1168 qrxihus
1558 1090 1680 1167 supro
1687 1063 1886 1169 dsposuit,
1905 1083 1944 1143 st

515 1196 621 1304 qnod
641 1194 820 1275 Christus.
839 1209 920 1270 erat
937 1190 1053 1273 falsus
1070 1191 1347 1298 propheta;.ds
1360 1191 1451 1270 aliis
1463 1193 1656 1271 contentis·
1674 1193 1717 1270 in
1734 1195 1831 1300 ipsis
1851 1197 1940 1273 arti·

517 1325 626 1416 nilis,
649 1325 743 1402 dixit
760 1351 801 1402 se
820 1322 925 1399 aliud
943 1322 1088 1399 nescire
1107 1320 1215 1428 qnod
1229 1349 1345 1428 snpra
1361 1321 1547 1428 deposuit.
1624 1357 1630 1368 ·

572 1457 684 1541 ltsm,
705 1455 755 1530 ad
778 1479 894 1532 rx-xnr
915 1451 1109 1543 articulos,
1133 1450 1182 1529 da
1206 1451 1496 1530 conculcacione
1518 1453 1657 1539 crucis,
1672 1470 1763 1541 etc,
1783 1454 1881 1533 dixit
1902 1485 1944 1534 se

518 1586 662 1663 nescire
679 1585 749 1661 nisi
770 1600 958 1691 quantum
971 1610 1085 1688 supra
1104 1581 1292 1687 dsposuit.

574 1718 686 1802 ltem',
713 1716 762 1791 ad
784 1740 862 1792 xnn
884 1731 924 1791 et
945 1741 1005 1803 rs,
1028 1712 1077 1790 de
1096 1729 1195 1801 cato,
1210 1711 1305 1789 dixit
1323 1740 1363 1790 se
1380 1713 1499 1791 nichil
1516 1714 1627 1805 scire,
1650 1716 1742 1822 quia
1765 1742 1843 1793 non
1866 1714 1940 1793 lrs-

518 1846 724 1953 quentahot
741 1844 904 1952 capitula
922 1844 1109 1952 generalia
1128 1871 1275 1922 eorum.

575 1980 688 2064 ltem,
714 1978 763 2054 ad
787 2003 973 2063 rvr-xnus,
996 1977 1045 2053 de
1072 1991 1306 2053 numento
1332 1974 1458 2052 altaris
1482 1993 1521 2052 et
1545 1976 1822 2065 sacerdotibus,
1851 1994 1940 2065 eta,

519 2109 714 2214 respondit
733 2136 773 2184 se
794 2107 913 2186 nichil
933 2108 1044 2193 scire,
1073 2106 1240 2185 adiciens
1257 2106 1363 2213 quod
1387 2106 1468 2210 ipse
1495 2106 1594 2183 bene
1619 2106 1798 2185 credebat
1822 2135 1941 2185 ncra-

520 2257 692 2317 msntum
707 2237 833 2315 altaris
846 2255 888 2314 st
899 2237 1028 2314 omnia
1040 2237 1115 2312 alia
1124 2254 1352 2314 sacramenta
1364 2237 1545 2325 Eoelesie,
1561 2220 1651 2337 etse
1666 2238 1823 2317 credere
1835 2240 1941 2346 quod

520 2397 654 2447 eorum
667 2369 882 2446 sacerdotes
895 2367 1032 2444 debito·
1042 2367 1294 2445 celebrabant

575 2502 686 2585 ltem,
706 2498 754 2574 ad
772 2525 966 2578 xmo-vnn
984 2496 1182 2603 respondit
1206 2524 1248 2573 so
1265 2497 1384 2577 nichil
1404 2497 1508 2575 alind
1527 2499 1622 2575 scire
1641 2499 1716 2577 nisi
1733 2500 1841 2607 quod
1858 2529 1942 2608 pre

519 2632 727 2738 cipiehatur
756 2631 811 2706 eis
839 2630 1006 2707 districte
1032 2629 1139 2733 quod
1173 2627 1448 2709 confiterentur
1472 2627 1653 2708 fnanibus
1683 2632 1943 2711 sacerdotibus

520 2763 664 2839 ordinis
680 2778 839 2867 tantum.
1294 2797 1301 2810 ·

576 2892 688 2975 Item,
704 2889 752 2964 ad
768 2915 911 2975 xxx-sn,
927 2887 976 2964 de
991 2887 1144 2974 osculis,
1160 2888 1357 2994 respondit
1368 2906 1414 2966 ut
1434 2917 1546 2996 supra
1561 2907 1600 2967 et
1617 2891 1741 2969 nichil
1755 2892 1865 2969 ultra

575 3020 687 3106 ltom,
706 3018 755 3094 ad
772 3043 937 3097 mun-r
957 3018 1155 3124 respondit
1169 3018 1275 3125 qood
1299 3047 1378 3096 noo
1397 3019 1578 3126 jurabant
1596 3021 1667 3099 sed
1687 3021 1939 3128 pmmitebrnt

519 3148 624 3256 quod
639 3148 814 3225 ordinem
831 3175 917 3224 non·
926 3147 1085 3241 exirent,
1103 3165 1141 3224 et
1155 3149 1280 3226 statim
1294 3178 1363 3255 pro
1381 3149 1560 3255 professis
1574 3151 1824 3230 habebuntur.

578 3281 690 3369 ltem,
707 3281 755 3357 ad
771 3305 990 3364 xxxvl-vim,
1004 3279 1053 3357 de
1074 3279 1319 3359 clamdestino
1336 3283 1558 3387 recepcione
1578 3300 1616 3360 et
1633 3284 1861 3389 suspicions,
1883 3314 1943 3363 re-

521 3410 672 3516 spondit
693 3439 779 3486 vera
809 3437 890 3486 esse
918 3426 1093 3486 contenta
1113 3410 1153 3485 in
1174 3411 1243 3498 eis,
1265 3411 1354 3517 quia
1377 3411 1427 3487 ita
1450 3413 1596 3489 viderat
1620 3414 1753 3490 servari
1772 3414 1812 3488 in
1838 3415 1938 3492 dicto

520 3540 667 3625 ordine,
691 3558 729 3617 et
752 3540 873 3616 credit
897 3538 1003 3645 quod
1027 3539 1194 3645 predicta
1223 3537 1359 3617 herent
1386 3571 1429 3617 er
1456 3559 1595 3621 statuto
1624 3542 1710 3618 dicti
1734 3543 1881 3621 ordinis
1900 3560 1941 3619 et

520 3671 624 3777 quod
642 3674 715 3749 hoc
734 3670 831 3747 bene
851 3671 1008 3762 sciehat,
1026 3670 1218 3748 sedaliam
1234 3699 1383 3748 causam
1403 3700 1478 3749 non
1495 3673 1635 3751 redidit
1648 3672 1865 3778 requisitus.

576 3804 689 3887 Item,
707 3800 755 3877 ad
775 3828 868 3887 rin-v,
887 3801 936 3877 de
951 3801 1136 3888 sodomia,
1154 3802 1350 3906 respondit
1368 3833 1407 3880 se
1432 3804 1547 3880 nichil
1569 3804 1661 3880 scire
1676 3830 1746 3878 nec
1764 3804 1943 3882 credebat

520 3949 694 4010 contenta
712 3933 752 4007 in
772 3930 861 4037 ipsis
881 3932 1046 4009 articulis
1066 3959 1147 4009 esse
1162 3959 1263 4017 vera,
1282 3933 1374 4010 dixit
1391 3950 1517 4010 tamen
1535 3935 1641 4041 quod
1659 3951 1835 4040 receptor
1853 3964 1943 4012 snus

521 4062 663 4139 dixerat
686 4063 720 4139 ei
741 4062 780 4138 in
800 4062 1104 4167 recepcione-sna
1122 4062 1291 4169 predicta
1307 4092 1417 4170 posse
1433 4064 1515 4143 lieri
1540 4066 1752 4141 secundum
1771 4064 1943 4143 observa-

521 4193 647 4269 ciones
674 4221 822 4278 eorum,
851 4210 888 4269 et
919 4192 997 4297 ipse
1024 4193 1130 4269 testis
1158 4195 1355 4299 respondit
1381 4196 1414 4271 ei
1439 4195 1480 4271 in
1506 4195 1672 4302 vulgari:
1695 4195 1762 4274 Vos
1778 4198 1941 4299 poesela

521 4337 589 4398 art.

576 4453 686 4537 Item,
709 4454 756 4529 ad
771 4478 960 4539 invi-nvn,
981 4453 1029 4529 de
1048 4452 1188 4561 ydolis,
1204 4454 1400 4560 respondit
1414 4482 1452 4531 se
1468 4456 1584 4533 nichil
1605 4456 1713 4532 scire.

576 4583 686 4669 Item,
708 4583 756 4658 ad
776 4611 954 4671 ovinum,
984 4582 1032 4659 de
1052 4584 1237 4672 cordulis,
1259 4585 1352 4663 dixit
1375 4614 1414 4663 se
1439 4587 1555 4664 nichil
1574 4587 1668 4663 scire
1688 4586 1796 4693 quod
1814 4603 1939 4693 tange-

520 4727 606 4786 rent
623 4713 741 4814 capita
759 4713 975 4817 ydolorum,
996 4715 1195 4821 portabant
1213 4733 1341 4794 tamen
1365 4717 1482 4793 dictas
1503 4719 1695 4805 cordulas,
1723 4735 1762 4794 ct
1786 4713 1934 4795 cordula

522 4867 597 4946 qua
616 4841 695 4944 ipse
715 4840 931 4946 cingebatur
949 4843 1022 4921 fuit
1040 4846 1110 4923 sibi
1133 4848 1219 4929 dots
1235 4875 1306 4952 per
1323 4849 1513 4952 quandam
1533 4846 1770 4925 dominelam.
