4080 6052
527 528 596 601 uc
905 511 1099 603 rnocts
1122 528 1219 601 nus
1245 515 1546 635 renelmus,

520 670 664 747 lirs'sent
680 668 728 744 cil
745 695 819 775 que
838 695 902 745 om
922 669 1011 754 dist,
1034 697 1080 745 ne
1100 696 1263 746 aucunas
1280 684 1427 747 auteres
1442 670 1622 776 reliquias
1638 668 1704 774 qui
1721 686 1807 744 sont
1824 689 1862 747 et
1880 697 1935 749 so

521 799 604 876 lu'nt
625 815 723 875 ester
742 826 789 874 en
808 797 927 903 poder
947 798 1022 876 deu
1042 799 1212 906 Templo.
1255 848 1258 852 -
1811 888 1815 894 .

577 930 714 1017 «trem,
735 945 948 1033 proponent
966 927 993 1003 li
1013 927 1110 1004 frere
1130 928 1206 1004 deu
1226 929 1282 1004 dit
1299 927 1410 1004 ordre
1428 957 1501 1034 que
1524 930 1577 1004 las
1593 928 1779 1005 vaimoinus
1801 932 1866 1036 qui
1893 959 1934 1007 se

520 1058 677 1133 fusoient
696 1057 784 1133 dest
802 1056 899 1131 misr
919 1084 965 1132 en
985 1055 1040 1132 las
1058 1084 1198 1144 mesos,
1215 1056 1255 1131 ni
1270 1056 1367 1132 celas
1381 1085 1456 1163 que
1475 1084 1515 1135 se
1532 1057 1690 1134 lasoient
1710 1076 1817 1136 outra
1836 1086 1931 1148 mer,

519 1215 588 1290 por
602 1187 626 1261 li
642 1187 790 1263 Maistre
803 1202 847 1261 et
862 1213 933 1290 por
944 1160 1188 1281 l'armoianer,
1208 1214 1255 1260 ne
1273 1213 1312 1261 se
1329 1187 1523 1290 portoient
1537 1187 1730 1264 emendier
1744 1217 1812 1293 per
1824 1188 1932 1264 nulle

519 1343 558 1392 re
577 1315 639 1391 del
656 1332 779 1406 mont,
799 1342 848 1395 ne
864 1314 899 1392 le
918 1315 992 1392 ben
1009 1344 1085 1421 que
1102 1344 1149 1391 en
1167 1333 1224 1393 set
1241 1331 1337 1391 estre
1354 1314 1424 1407 les,
1446 1317 1477 1403 si
1495 1333 1591 1392 sesta
1607 1315 1787 1403 lausenda
1803 1319 1932 1394 n'euse

518 1450 613 1522 estre
634 1446 728 1521 mise
749 1473 814 1522 sur
831 1444 984 1532 l'ordre‚
1005 1463 1086 1522 tant
1106 1473 1153 1521 en
1173 1473 1342 1552 passages
1361 1463 1479 1550 quant
1498 1463 1622 1523 autres
1642 1448 1783 1525 choses.

575 1578 711 1665 «Item,
731 1593 955 1680 propossent
983 1604 1057 1683 que
1081 1575 1109 1651 il
1129 1592 1215 1652 sont
1233 1592 1334 1652 mort
1355 1574 1441 1680 plus
1461 1577 1530 1653 des
1552 1592 1620 1652 xx*
1639 1575 1715 1651 lrer
1733 1603 1803 1682 por
1821 1578 1858 1653 la
1877 1576 1930 1653 foi

519 1708 565 1780 de
586 1706 658 1782 Die
679 1721 898 1782 outremer.
1231 1700 1235 1709 ’

574 1837 657 1911 «En
679 1863 808 1940 perro,
837 1835 867 1911 si
893 1834 961 1912 nul
985 1836 1098 1912 home
1122 1835 1238 1932 voloit
1264 1836 1343 1912 dire
1368 1864 1443 1941 que
1465 1864 1512 1912 en
1532 1837 1667 1913 l’ordre
1687 1836 1750 1912 del
1769 1837 1928 1942 Temple

518 1964 615 2040 fusse
641 1963 715 2040 lete
738 1963 842 2041 nulla
869 1967 1046 2054 maveste‚
1075 1964 1200 2040 dicent
1224 1992 1298 2069 que
1319 1964 1347 2040 il
1371 1981 1457 2040 sont
1479 1965 1639 2070 aparelie
1666 1966 1712 2041 de
1739 1965 1933 2042 combatre·

518 2121 576 2166 am
593 2109 651 2167 tot
668 2093 831 2181 homme,
851 2108 1017 2196 exceptat
1032 2091 1149 2170 l'ostal
1168 2090 1214 2168 de
1232 2110 1358 2170 nostre
1376 2120 1537 2199 sengnor
1552 2092 1588 2169 le
1606 2096 1685 2198 Roy
1701 2122 1720 2169 e
1737 2092 1784 2168 de
1801 2111 1930 2170 nostre

517 2249 652 2327 segnor
671 2221 706 2297 le
726 2223 863 2325 Papa.»
1467 2308 1469 2313 ¹

573 2352 603 2428 Α
631 2368 737 2457 tergo
760 2378 847 2428 vero
868 2350 967 2427 dicte
987 2351 1134 2429 cedulle
1156 2370 1261 2430 erant
1279 2355 1372 2431 hec:
1394 2353 1490 2429 Etsi
1510 2382 1594 2459 pars
1614 2354 1764 2429 adversa
1784 2352 1928 2458 aliquid

515 2509 724 2586 proponere
750 2479 927 2570 voluerit,
952 2481 1118 2587 petimus
1145 2482 1411 2589 transcriptum
1439 2498 1479 2598 et
1506 2482 1608 2558 diem
1637 2483 1684 2556 ad
1716 2481 1930 2558 deliberan-

474 2648 477 2653 ·
516 2611 619 2686 dum.

537 2796 539 2803 ψ
572 2746 707 2832 «ltem,
725 2762 928 2848 proposent
944 2746 1012 2823 che
1029 2747 1063 2822 la
1077 2746 1177 2854 glesa
1191 2744 1249 2820 lor
1263 2768 1283 2816 e
1297 2739 1497 2817 defenduta
1512 2747 1532 2814 t
1545 2767 1634 2844 gran
1647 2756 1740 2821 tort,
1754 2740 1846 2813 dont
1862 2742 1927 2815 hei

515 2868 675 2947 cherunt
691 2901 758 2977 per
776 2873 876 2950 Dieu
896 2875 964 2952 che
985 2876 1020 2951 la
1041 2875 1093 2951 sia
1112 2874 1240 2950 redua.

571 3003 706 3090 «Item,
734 3020 770 3080 et
793 3005 866 3080 hoc
889 3005 1156 3109 primerament
1174 3001 1201 3077 li
1222 3000 1320 3076 lrere
1328 3001 1410 3077 deu
1423 3001 1580 3106 Temple
1594 3019 1730 3105 negant
1744 3028 1823 3075 esse
1843 3027 1927 3076 vers

513 3149 580 3236 tug
599 3149 697 3209 cctez
718 3162 909 3210 mauveses
929 3133 1076 3208 articles
1096 3160 1170 3237 que
1191 3158 1254 3206 om
1275 3130 1334 3207 lor
1354 3131 1454 3236 (met)
1476 3115 1559 3207 surs
1579 3131 1725 3205 l'ordre.
1744 3168 1756 3195 ι»

569 3266 660 3340 ltem
681 3266 794 3370 peciit
811 3293 879 3370 pro
899 3261 936 3340 se
958 3280 996 3337 et
1015 3262 1170 3350 nomine
1188 3290 1265 3368 quo
1285 3290 1397 3367 supra
1417 3262 1660 3338 ecclesiastica
1681 3278 1922 3347 sacramenta,

513 3412 549 3468 et
578 3424 732 3499 corpora
761 3392 1030 3469 decedencium
1058 3391 1215 3467 fratrum
1244 3393 1342 3468 tradi
1373 3392 1619 3469 ecclesiastice
1648 3391 1857 3495 sepulture,
1889 3407 1925 3465 et

512 3542 595 3599 ante
621 3523 894 3601 exhibitionem
918 3521 1015 3596 dicte
1039 3520 1170 3597 cedule
1195 3521 1288 3598 dixit
1308 3550 1433 3598 cor-am
1452 3522 1561 3599 dictis
1579 3522 1742 3598 dominis
1760 3523 1926 3598 commis

387 3677 389 3680 ’
512 3655 616 3730 sariis
633 3653 737 3758 quod
755 3651 833 3753 ipss
852 3667 890 3726 et
913 3650 975 3725 alli
996 3638 1126 3728 fratres
1151 3652 1403 3763 prenominati
1426 3670 1530 3728 erant
1550 3653 1642 3758 layci
1664 3670 1701 3726 et
1721 3651 1921 3756 simplices,

512 3801 549 3856 et
572 3783 658 3859 ideo
683 3778 861 3884 petebant
884 3781 1104 3858 advocatum
1126 3782 1196 3858 sibi
1224 3782 1316 3858 dari.
1343 3783 1445 3860 Dixit
1469 3783 1585 3858 eciam
1611 3783 1714 3887 quod
1733 3782 1842 3857 multi
1864 3808 1927 3856 vo·

510 3913 668 3986 luissent
683 3909 807 3983 venire
826 3909 874 3986 ad
891 3910 1149 3988 defensionem
1168 3913 1323 4002 ordinis,
1340 3912 1407 3989 sed
1425 3941 1501 3989 non
1519 3912 1749 4017 permittitur
1767 3913 1835 3996 eis,
1856 3913 1926 3989 hec

510 4042 637 4116 dicens
658 4064 827 4144 expresse
849 4041 895 4117 de
917 4040 1093 4118 fratribus
1113 4045 1215 4147 apud
1236 4043 1405 4119 Mentem
1424 4043 1585 4119 Ferandi
1604 4042 1641 4117 in
1663 4041 1845 4118 Advemia
1867 4041 1926 4115 de·

509 4171 636 4258 tentis,
660 4188 698 4246 et
720 4171 835 4276 peciit
856 4200 923 4248 eos
948 4172 1085 4249 adduci
1111 4201 1237 4250 coram
1264 4172 1373 4283 dictis
1398 4164 1562 4248 dominis
1590 4169 1851 4248 c0m1nissariis
1877 4169 1924 4244 ad

509 4299 766 4422 defensionem
784 4300 1003 4406 predictam.
1024 4303 1083 4380 Ad
1100 4304 1205 4409 quod
1223 4331 1445 4409 responsum
1470 4303 1544 4381 luit
1566 4332 1634 4408 per
1659 4303 1776 4379 dictos
1802 4299 1928 4375 domi-

508 4460 575 4505 nos
600 4433 891 4518 commissarios,
922 4431 1101 4537 quodilli
1132 4433 1197 4537 qui
1221 4433 1258 4507 in
1280 4433 1576 4509 denunciacione
1605 4432 1763 4538 predicti
1793 4458 1925 4506 eorum

509 4562 620 4638 edicti
639 4563 814 4638 dixerunt
830 4560 982 4639 se-velle
1001 4558 1203 4637 defendere
1222 4563 1394 4638 ordinem
1413 4564 1660 4655 antedictum,
1682 4562 1834 4638 adducti
1852 4559 1926 4636 lue-

508 4707 596 4765 runt
615 4693 793 4776 Parisino,
814 4708 852 4766 et
870 4690 995 4766 adhuc
1014 4688 1157 4765 suntet
1176 4691 1332 4769 luerunt
1352 4720 1476 4768 coram
1497 4695 1550 4769 eis
1571 4695 1608 4769 in
1631 4694 1731 4769 dicto
1748 4692 1925 4781 viridario

508 4820 651 4896 domini
671 4819 836 4925 episcopi
862 4817 1089 4895 Parisiensis.
1113 4817 1186 4893 Alii
1207 4847 1295 4896 vero
1321 4822 1387 4925 qui
1413 4821 1589 4898 dixerunt
1613 4850 1651 4899 se
1672 4823 1773 4907 nolle
1796 4821 1925 4898 delen-
