<?xml version="1.0" encoding="UTF-8"?>
<!DOCTYPE html PUBLIC "-//W3C//DTD XHTML 1.0 Transitional//EN"
    "http://www.w3.org/TR/xhtml1/DTD/xhtml1-transitional.dtd">
<html xmlns="http://www.w3.org/1999/xhtml" xml:lang="en" lang="en">
 <head>
  <title>
</title>
<meta http-equiv="Content-Type" content="text/html;charset=utf-8" />
  <meta name='ocr-system' content='tesseract 3.04.00' />
  <meta name='ocr-capabilities' content='ocr_page ocr_carea ocr_par ocr_line ocrx_word'/>
</head>
<body>
  <div class='ocr_page' id='page_1' title='image "./procsdestemplie02defegoog_0039.png"; bbox 0 0 4080 6052; ppageno 0'>
   <div class='ocr_carea' id='block_1_1' title="bbox 508 513 1532 613">
    <p class='ocr_par' dir='ltr' id='par_1_1' title="bbox 508 513 1532 613">
     <span class='ocr_line' id='line_1_1' title="bbox 508 513 1532 613; baseline 0.007 -9"><span class='ocrx_word' id='word_1_1' title='bbox 508 513 703 607; x_wconf 72' lang='lat' dir='ltr'>esoces</span> <span class='ocrx_word' id='word_1_2' title='bbox 729 533 824 607; x_wconf 83' lang='lat' dir='ltr'>nus</span> <span class='ocrx_word' id='word_1_3' title='bbox 850 533 1150 608; x_wconf 74' lang='lat' dir='ltr'>rennuens.</span> <span class='ocrx_word' id='word_1_4' title='bbox 1488 543 1532 613; x_wconf 82' lang='lat'>21</span> 
     </span>
    </p>
   </div>
   <div class='ocr_carea' id='block_1_2' title="bbox 60 673 1585 2080">
    <p class='ocr_par' dir='ltr' id='par_1_2' title="bbox 60 673 1585 2080">
     <span class='ocr_line' id='line_1_2' title="bbox 126 673 1540 781; baseline 0.001 -27"><span class='ocrx_word' id='word_1_5' title='bbox 126 676 304 754; x_wconf 82' lang='lat' dir='ltr'>rabilibus</span> <span class='ocrx_word' id='word_1_6' title='bbox 329 692 367 751; x_wconf 90' lang='lat' dir='ltr'>et</span> <span class='ocrx_word' id='word_1_7' title='bbox 394 674 561 752; x_wconf 87' lang='lat' dir='ltr'>discretis</span> <span class='ocrx_word' id='word_1_8' title='bbox 579 676 667 751; x_wconf 84' lang='lat' dir='ltr'>viris</span> <span class='ocrx_word' id='word_1_9' title='bbox 692 675 876 781; x_wconf 83' lang='lat' dir='ltr'>magistris</span> <span class='ocrx_word' id='word_1_10' title='bbox 895 673 1036 752; x_wconf 88' lang='lat' dir='ltr'>Amisio</span> <span class='ocrx_word' id='word_1_11' title='bbox 1062 676 1110 752; x_wconf 94' lang='lat' dir='ltr'>de</span> <span class='ocrx_word' id='word_1_12' title='bbox 1130 675 1340 752; x_wconf 86' lang='lat' dir='ltr'>Aurelianis</span> <span class='ocrx_word' id='word_1_13' title='bbox 1359 679 1540 756; x_wconf 89' lang='lat' dir='ltr'>archidia-</span> 
     </span>
     <span class='ocr_line' id='line_1_3' title="bbox 126 803 1585 892; baseline 0 -9"><span class='ocrx_word' id='word_1_14' title='bbox 126 835 218 885; x_wconf 91' lang='lat' dir='ltr'>cono</span> <span class='ocrx_word' id='word_1_15' title='bbox 240 805 515 892; x_wconf 88' lang='lat' dir='ltr'>Aurelianensi,</span> <span class='ocrx_word' id='word_1_16' title='bbox 538 803 756 883; x_wconf 85' lang='lat' dir='ltr'>Guausredo</span> <span class='ocrx_word' id='word_1_17' title='bbox 784 805 883 882; x_wconf 90' lang='lat' dir='ltr'>dicto</span> <span class='ocrx_word' id='word_1_18' title='bbox 908 804 1050 883; x_wconf 73' lang='lat' dir='ltr'>Chalos</span> <span class='ocrx_word' id='word_1_19' title='bbox 1074 804 1250 888; x_wconf 91' lang='lat' dir='ltr'>canonico</span> <span class='ocrx_word' id='word_1_20' title='bbox 1275 805 1428 882; x_wconf 83' lang='lat' dir='ltr'>ecclesie</span> <span class='ocrx_word' id='word_1_21' title='bbox 1452 810 1540 886; x_wconf 89' lang='lat' dir='ltr'>Per·</span> <span class='ocrx_word' id='word_1_22' title='bbox 1582 877 1585 883; x_wconf 27' lang='lat' dir='ltr'><strong><em>f</em></strong></span> 
     </span>
     <span class='ocr_line' id='line_1_4' title="bbox 125 933 1540 1027; baseline 0.001 -14"><span class='ocrx_word' id='word_1_23' title='bbox 125 937 312 1023; x_wconf 89' lang='lat' dir='ltr'>rouensis,</span> <span class='ocrx_word' id='word_1_24' title='bbox 345 935 508 1012; x_wconf 90' lang='lat' dir='ltr'>dominis</span> <span class='ocrx_word' id='word_1_25' title='bbox 540 936 579 1010; x_wconf 94' lang='lat' dir='ltr'>P.</span> <span class='ocrx_word' id='word_1_26' title='bbox 614 936 662 1010; x_wconf 91' lang='lat' dir='ltr'>de</span> <span class='ocrx_word' id='word_1_27' title='bbox 695 934 888 1013; x_wconf 88' lang='lat' dir='ltr'>Chadeleu</span> <span class='ocrx_word' id='word_1_28' title='bbox 916 936 1099 1027; x_wconf 85' lang='lat' dir='ltr'>Enesiati‚</span> <span class='ocrx_word' id='word_1_29' title='bbox 1133 935 1297 1012; x_wconf 89' lang='lat' dir='ltr'>Fulcone</span> <span class='ocrx_word' id='word_1_30' title='bbox 1328 933 1466 1027; x_wconf 79' lang='lat' dir='ltr'>Boleti,</span> <span class='ocrx_word' id='word_1_31' title='bbox 1500 967 1540 1014; x_wconf 90' lang='lat' dir='ltr'>ac</span> 
     </span>
     <span class='ocr_line' id='line_1_5' title="bbox 124 1064 1539 1154; baseline 0 -8"><span class='ocrx_word' id='word_1_32' title='bbox 124 1064 328 1146; x_wconf 88' lang='lat' dir='ltr'>Guillelmo</span> <span class='ocrx_word' id='word_1_33' title='bbox 349 1067 500 1143; x_wconf 90' lang='lat' dir='ltr'>Urdriui</span> <span class='ocrx_word' id='word_1_34' title='bbox 516 1064 881 1144; x_wconf 89' lang='lat' dir='ltr'>Claramontensium</span> <span class='ocrx_word' id='word_1_35' title='bbox 900 1066 1140 1144; x_wconf 90' lang='lat' dir='ltr'>ecclesiarum</span> <span class='ocrx_word' id='word_1_36' title='bbox 1159 1068 1355 1154; x_wconf 88' lang='lat' dir='ltr'>canonicis,</span> <span class='ocrx_word' id='word_1_37' title='bbox 1371 1070 1539 1146; x_wconf 86' lang='lat' dir='ltr'>Johanne</span> 
     </span>
     <span class='ocr_line' id='line_1_6' title="bbox 123 1194 1540 1305; baseline 0.001 -30"><span class='ocrx_word' id='word_1_38' title='bbox 123 1194 286 1275; x_wconf 87' lang='lat' dir='ltr'>Grandis</span> <span class='ocrx_word' id='word_1_39' title='bbox 312 1197 359 1274; x_wconf 88' lang='lat' dir='ltr'>de</span> <span class='ocrx_word' id='word_1_40' title='bbox 387 1195 655 1302; x_wconf 86' lang='lat' dir='ltr'>Romergneria</span> <span class='ocrx_word' id='word_1_41' title='bbox 681 1196 948 1284; x_wconf 85' lang='lat' dir='ltr'>Ruthenensis,</span> <span class='ocrx_word' id='word_1_42' title='bbox 970 1214 1008 1273; x_wconf 93' lang='lat' dir='ltr'>et</span> <span class='ocrx_word' id='word_1_43' title='bbox 1033 1198 1346 1305; x_wconf 76' lang='lat' dir='ltr'>Petrollaynaldi</span> <span class='ocrx_word' id='word_1_44' title='bbox 1371 1199 1418 1275; x_wconf 89' lang='lat' dir='ltr'>de</span> <span class='ocrx_word' id='word_1_45' title='bbox 1444 1199 1540 1277; x_wconf 88' lang='lat' dir='ltr'>Cha-</span> 
     </span>
     <span class='ocr_line' id='line_1_7' title="bbox 125 1325 1540 1433; baseline 0.003 -31"><span class='ocrx_word' id='word_1_46' title='bbox 125 1326 263 1403; x_wconf 90' lang='lat' dir='ltr'>deneto</span> <span class='ocrx_word' id='word_1_47' title='bbox 287 1326 516 1404; x_wconf 89' lang='lat' dir='ltr'>Mimatensis</span> <span class='ocrx_word' id='word_1_48' title='bbox 543 1326 766 1411; x_wconf 72' lang='lat' dir='ltr'>diocesim,</span> <span class='ocrx_word' id='word_1_49' title='bbox 790 1325 1029 1402; x_wconf 81' lang='lat' dir='ltr'>ecclesiarum</span> <span class='ocrx_word' id='word_1_50' title='bbox 1046 1326 1280 1414; x_wconf 85' lang='lat' dir='ltr'>rectoribus,</span> <span class='ocrx_word' id='word_1_51' title='bbox 1307 1343 1345 1403; x_wconf 89' lang='lat' dir='ltr'>et</span> <span class='ocrx_word' id='word_1_52' title='bbox 1367 1327 1540 1433; x_wconf 88' lang='lat' dir='ltr'>pluribus</span> 
     </span>
     <span class='ocr_line' id='line_1_8' title="bbox 60 1447 1538 1546; baseline 0.003 -16"><span class='ocrx_word' id='word_1_53' title='bbox 60 1447 62 1452; x_wconf 59' lang='grc'><strong><em>’</em></strong></span> <span class='ocrx_word' id='word_1_54' title='bbox 125 1454 206 1532; x_wconf 84' lang='lat' dir='ltr'>aliis</span> <span class='ocrx_word' id='word_1_55' title='bbox 232 1456 271 1530; x_wconf 93' lang='lat' dir='ltr'>in</span> <span class='ocrx_word' id='word_1_56' title='bbox 299 1455 396 1531; x_wconf 91' lang='lat' dir='ltr'>dicta</span> <span class='ocrx_word' id='word_1_57' title='bbox 423 1454 507 1532; x_wconf 86' lang='lat' dir='ltr'>aula</span> <span class='ocrx_word' id='word_1_58' title='bbox 534 1454 793 1546; x_wconf 79' lang='lat' dir='ltr'>existentibus,</span> <span class='ocrx_word' id='word_1_59' title='bbox 820 1483 861 1530; x_wconf 90' lang='lat' dir='ltr'>ae</span> <span class='ocrx_word' id='word_1_60' title='bbox 889 1482 949 1531; x_wconf 89' lang='lat' dir='ltr'>me</span> <span class='ocrx_word' id='word_1_61' title='bbox 977 1454 1230 1533; x_wconf 90' lang='lat' dir='ltr'>Floriamonte</span> <span class='ocrx_word' id='word_1_62' title='bbox 1258 1457 1458 1534; x_wconf 88' lang='lat' dir='ltr'>Dondedei</span> <span class='ocrx_word' id='word_1_63' title='bbox 1492 1459 1538 1535; x_wconf 91' lang='lat' dir='ltr'>de</span> 
     </span>
     <span class='ocr_line' id='line_1_9' title="bbox 124 1584 1540 1692; baseline 0.001 -31"><span class='ocrx_word' id='word_1_64' title='bbox 124 1585 275 1661; x_wconf 82' lang='lat' dir='ltr'>Mantua</span> <span class='ocrx_word' id='word_1_65' title='bbox 304 1584 455 1672; x_wconf 90' lang='lat' dir='ltr'>clerico,</span> <span class='ocrx_word' id='word_1_66' title='bbox 492 1585 637 1662; x_wconf 87' lang='lat' dir='ltr'>notario</span> <span class='ocrx_word' id='word_1_67' title='bbox 663 1584 816 1688; x_wconf 94' lang='lat' dir='ltr'>publico</span> <span class='ocrx_word' id='word_1_68' title='bbox 851 1601 889 1660; x_wconf 90' lang='lat' dir='ltr'>et</span> <span class='ocrx_word' id='word_1_69' title='bbox 924 1586 1091 1663; x_wconf 91' lang='lat' dir='ltr'>discretis</span> <span class='ocrx_word' id='word_1_70' title='bbox 1119 1586 1206 1662; x_wconf 86' lang='lat' dir='ltr'>viris</span> <span class='ocrx_word' id='word_1_71' title='bbox 1226 1586 1421 1692; x_wconf 82' lang='lat' dir='ltr'>magistris</span> <span class='ocrx_word' id='word_1_72' title='bbox 1450 1587 1540 1662; x_wconf 82' lang='lat' dir='ltr'>ber-</span> 
     </span>
     <span class='ocr_line' id='line_1_10' title="bbox 123 1713 1537 1822; baseline 0.002 -33"><span class='ocrx_word' id='word_1_73' title='bbox 123 1715 240 1792; x_wconf 89' lang='lat' dir='ltr'>nardo</span> <span class='ocrx_word' id='word_1_74' title='bbox 275 1713 399 1791; x_wconf 87' lang='lat' dir='ltr'>Filioli</span> <span class='ocrx_word' id='word_1_75' title='bbox 429 1715 700 1802; x_wconf 85' lang='lat' dir='ltr'>Lemovicensi,</span> <span class='ocrx_word' id='word_1_76' title='bbox 729 1716 888 1819; x_wconf 90' lang='lat' dir='ltr'>Hugoue</span> <span class='ocrx_word' id='word_1_77' title='bbox 915 1715 1054 1792; x_wconf 88' lang='lat' dir='ltr'>Nicolai</span> <span class='ocrx_word' id='word_1_78' title='bbox 1087 1716 1134 1792; x_wconf 89' lang='lat' dir='ltr'>de</span> <span class='ocrx_word' id='word_1_79' title='bbox 1163 1715 1357 1822; x_wconf 87' lang='lat' dir='ltr'>Eugubio,</span> <span class='ocrx_word' id='word_1_80' title='bbox 1388 1715 1537 1794; x_wconf 89' lang='lat' dir='ltr'>Nicolao</span> 
     </span>
     <span class='ocr_line' id='line_1_11' title="bbox 122 1842 1537 1949; baseline 0.001 -29"><span class='ocrx_word' id='word_1_81' title='bbox 122 1843 423 1931; x_wconf 87' lang='lat' dir='ltr'>Constancieusi,</span> <span class='ocrx_word' id='word_1_82' title='bbox 463 1842 669 1922; x_wconf 92' lang='lat' dir='ltr'>Guillelmo</span> <span class='ocrx_word' id='word_1_83' title='bbox 702 1843 891 1949; x_wconf 86' lang='lat' dir='ltr'>Radulphi</span> <span class='ocrx_word' id='word_1_84' title='bbox 928 1843 1243 1936; x_wconf 87' lang='lat' dir='ltr'>Claramontensi,</span> <span class='ocrx_word' id='word_1_85' title='bbox 1277 1862 1315 1921; x_wconf 88' lang='lat' dir='ltr'>et</span> <span class='ocrx_word' id='word_1_86' title='bbox 1346 1845 1537 1923; x_wconf 88' lang='lat' dir='ltr'>Bernardo</span> 
     </span>
     <span class='ocr_line' id='line_1_12' title="bbox 123 1973 1513 2080; baseline 0.001 -30"><span class='ocrx_word' id='word_1_87' title='bbox 123 1973 326 2051; x_wconf 88' lang='lat' dir='ltr'>Humbaldi</span> <span class='ocrx_word' id='word_1_88' title='bbox 344 1973 497 2052; x_wconf 85' lang='lat' dir='ltr'>notariis</span> <span class='ocrx_word' id='word_1_89' title='bbox 514 1973 689 2080; x_wconf 87' lang='lat' dir='ltr'>publicis,</span> <span class='ocrx_word' id='word_1_90' title='bbox 714 1973 852 2052; x_wconf 81' lang='lat' dir='ltr'>adhoc</span> <span class='ocrx_word' id='word_1_91' title='bbox 871 1973 1080 2079; x_wconf 86' lang='lat' dir='ltr'>specialiter</span> <span class='ocrx_word' id='word_1_92' title='bbox 1099 1974 1236 2051; x_wconf 86' lang='lat' dir='ltr'>vocatis</span> <span class='ocrx_word' id='word_1_93' title='bbox 1256 1990 1295 2051; x_wconf 89' lang='lat' dir='ltr'>ct</span> <span class='ocrx_word' id='word_1_94' title='bbox 1312 1975 1461 2080; x_wconf 88' lang='lat' dir='ltr'>rogatis.</span> <span class='ocrx_word' id='word_1_95' title='bbox 1510 1993 1513 1996; x_wconf 81' lang='grc'>’</span> 
     </span>
    </p>
   </div>
   <div class='ocr_carea' id='block_1_3' title="bbox 42 2235 1542 2992">
    <p class='ocr_par' dir='ltr' id='par_1_3' title="bbox 123 2235 1538 2605">
     <span class='ocr_line' id='line_1_13' title="bbox 180 2235 1535 2352; baseline 0.001 -38"><span class='ocrx_word' id='word_1_96' title='bbox 180 2237 274 2316; x_wconf 85' lang='lat' dir='ltr'>Item</span> <span class='ocrx_word' id='word_1_97' title='bbox 295 2236 366 2319; x_wconf 86' lang='lat' dir='ltr'>alie</span> <span class='ocrx_word' id='word_1_98' title='bbox 385 2239 508 2321; x_wconf 86' lang='lat' dir='ltr'>littere</span> <span class='ocrx_word' id='word_1_99' title='bbox 531 2235 757 2324; x_wconf 75' lang='lat' dir='ltr'>circulatoria</span> <span class='ocrx_word' id='word_1_100' title='bbox 780 2243 937 2352; x_wconf 89' lang='lat' dir='ltr'>predicti</span> <span class='ocrx_word' id='word_1_101' title='bbox 963 2240 1107 2322; x_wconf 90' lang='lat' dir='ltr'>domini</span> <span class='ocrx_word' id='word_1_102' title='bbox 1131 2241 1311 2350; x_wconf 86' lang='lat' dir='ltr'>prepositi</span> <span class='ocrx_word' id='word_1_103' title='bbox 1335 2239 1535 2344; x_wconf 84' lang='lat' dir='ltr'>Aquensis,</span> 
     </span>
     <span class='ocr_line' id='line_1_14' title="bbox 125 2367 1538 2478; baseline 0.001 -35"><span class='ocrx_word' id='word_1_104' title='bbox 125 2367 190 2472; x_wconf 92' lang='lat' dir='ltr'>qui</span> <span class='ocrx_word' id='word_1_105' title='bbox 211 2395 251 2443; x_wconf 88' lang='lat' dir='ltr'>se</span> <span class='ocrx_word' id='word_1_106' title='bbox 270 2369 402 2445; x_wconf 87' lang='lat' dir='ltr'>iterato</span> <span class='ocrx_word' id='word_1_107' title='bbox 423 2372 503 2446; x_wconf 90' lang='lat' dir='ltr'>aliis</span> <span class='ocrx_word' id='word_1_108' title='bbox 522 2375 700 2459; x_wconf 89' lang='lat' dir='ltr'>dominis,</span> <span class='ocrx_word' id='word_1_109' title='bbox 723 2377 804 2478; x_wconf 85' lang='lat' dir='ltr'>ejus</span> <span class='ocrx_word' id='word_1_110' title='bbox 822 2373 1154 2451; x_wconf 87' lang='lat' dir='ltr'>eoncommissariis</span> <span class='ocrx_word' id='word_1_111' title='bbox 1176 2370 1406 2455; x_wconf 88' lang='lat' dir='ltr'>memoratis,</span> <span class='ocrx_word' id='word_1_112' title='bbox 1429 2397 1538 2445; x_wconf 83' lang='lat' dir='ltr'>excu-</span> 
     </span>
     <span class='ocr_line' id='line_1_15' title="bbox 123 2497 873 2605; baseline 0.003 -33"><span class='ocrx_word' id='word_1_113' title='bbox 123 2497 224 2573; x_wconf 85' lang='lat' dir='ltr'>savit.</span> <span class='ocrx_word' id='word_1_114' title='bbox 250 2499 379 2575; x_wconf 87' lang='lat' dir='ltr'>Tenor</span> <span class='ocrx_word' id='word_1_115' title='bbox 397 2500 571 2605; x_wconf 91' lang='lat' dir='ltr'>sequitur</span> <span class='ocrx_word' id='word_1_116' title='bbox 589 2501 629 2575; x_wconf 91' lang='lat' dir='ltr'>in</span> <span class='ocrx_word' id='word_1_117' title='bbox 649 2502 720 2578; x_wconf 91' lang='lat' dir='ltr'>hec</span> <span class='ocrx_word' id='word_1_118' title='bbox 738 2499 873 2576; x_wconf 86' lang='lat' dir='ltr'>verba:</span> 
     </span>
    </p>

    <p class='ocr_par' dir='ltr' id='par_1_4' title="bbox 42 2624 1542 2992">
     <span class='ocr_line' id='line_1_16' title="bbox 131 2624 1540 2734; baseline 0.002 -37"><span class='ocrx_word' id='word_1_119' title='bbox 131 2692 133 2697; x_wconf 79' lang='grc'>,</span> <span class='ocrx_word' id='word_1_120' title='bbox 178 2628 404 2704; x_wconf 87' lang='lat' dir='ltr'>Reverendis</span> <span class='ocrx_word' id='word_1_121' title='bbox 423 2629 463 2704; x_wconf 92' lang='lat' dir='ltr'>in</span> <span class='ocrx_word' id='word_1_122' title='bbox 481 2628 629 2706; x_wconf 88' lang='lat' dir='ltr'>Christo</span> <span class='ocrx_word' id='word_1_123' title='bbox 648 2629 834 2734; x_wconf 90' lang='lat' dir='ltr'>patribus,</span> <span class='ocrx_word' id='word_1_124' title='bbox 853 2645 892 2705; x_wconf 90' lang='lat' dir='ltr'>et</span> <span class='ocrx_word' id='word_1_125' title='bbox 911 2629 1075 2706; x_wconf 88' lang='lat' dir='ltr'>dominis</span> <span class='ocrx_word' id='word_1_126' title='bbox 1093 2629 1171 2703; x_wconf 90' lang='lat' dir='ltr'>su&#39;is</span> <span class='ocrx_word' id='word_1_127' title='bbox 1190 2625 1402 2712; x_wconf 87' lang='lat' dir='ltr'>carissimis,</span> <span class='ocrx_word' id='word_1_128' title='bbox 1421 2624 1540 2701; x_wconf 88' lang='lat' dir='ltr'>domi·</span> 
     </span>
     <span class='ocr_line' id='line_1_17' title="bbox 42 2748 1540 2866; baseline -0.001 -34"><span class='ocrx_word' id='word_1_129' title='bbox 42 2748 44 2752; x_wconf 25' lang='lat'>⁸</span> <span class='ocrx_word' id='word_1_130' title='bbox 123 2757 180 2832; x_wconf 92' lang='lat' dir='ltr'>nis</span> <span class='ocrx_word' id='word_1_131' title='bbox 198 2757 269 2834; x_wconf 91' lang='lat' dir='ltr'>Dei</span> <span class='ocrx_word' id='word_1_132' title='bbox 289 2758 409 2863; x_wconf 85' lang='lat' dir='ltr'>gracia</span> <span class='ocrx_word' id='word_1_133' title='bbox 427 2758 659 2836; x_wconf 89' lang='lat' dir='ltr'>Narbonensi</span> <span class='ocrx_word' id='word_1_134' title='bbox 678 2758 972 2864; x_wconf 88' lang='lat' dir='ltr'>archiepiscopo,</span> <span class='ocrx_word' id='word_1_135' title='bbox 993 2756 1202 2866; x_wconf 87' lang='lat' dir='ltr'>Bajocensi‚</span> <span class='ocrx_word' id='word_1_136' title='bbox 1214 2755 1478 2832; x_wconf 63' lang='lat' dir='ltr'>,Lemovicensi</span> <span class='ocrx_word' id='word_1_137' title='bbox 1503 2771 1540 2832; x_wconf 88' lang='lat' dir='ltr'>et</span> 
     </span>
     <span class='ocr_line' id='line_1_18' title="bbox 118 2878 1542 2992; baseline -0.001 -30"><span class='ocrx_word' id='word_1_138' title='bbox 118 2885 333 2962; x_wconf 32' lang='lat' dir='ltr'>*Mimatensi</span> <span class='ocrx_word' id='word_1_139' title='bbox 354 2887 551 2992; x_wconf 89' lang='lat' dir='ltr'>episcopis,</span> <span class='ocrx_word' id='word_1_140' title='bbox 572 2915 642 2963; x_wconf 91' lang='lat' dir='ltr'>nec</span> <span class='ocrx_word' id='word_1_141' title='bbox 664 2915 744 2962; x_wconf 91' lang='lat' dir='ltr'>non</span> <span class='ocrx_word' id='word_1_142' title='bbox 766 2887 1055 2963; x_wconf 56' lang='lat' dir='ltr'>venerabilibus,</span> <span class='ocrx_word' id='word_1_143' title='bbox 1071 2903 1110 2961; x_wconf 90' lang='lat' dir='ltr'>et</span> <span class='ocrx_word' id='word_1_144' title='bbox 1129 2878 1296 2962; x_wconf 85' lang='lat' dir='ltr'>discretis</span> <span class='ocrx_word' id='word_1_145' title='bbox 1314 2885 1405 2974; x_wconf 86' lang='lat' dir='ltr'>viris¹</span> <span class='ocrx_word' id='word_1_146' title='bbox 1427 2882 1542 2961; x_wconf 87' lang='lat' dir='ltr'>domi-</span> 
     </span>
    </p>
   </div>
   <div class='ocr_carea' id='block_1_4' title="bbox 120 3013 1540 4932">
    <p class='ocr_par' dir='ltr' id='par_1_5' title="bbox 120 3013 1540 4932">
     <span class='ocr_line' id='line_1_19' title="bbox 122 3013 1540 3121; baseline 0.001 -31"><span class='ocrx_word' id='word_1_147' title='bbox 122 3015 180 3091; x_wconf 90' lang='lat' dir='ltr'>nis</span> <span class='ocrx_word' id='word_1_148' title='bbox 204 3033 244 3091; x_wconf 90' lang='lat' dir='ltr'>et</span> <span class='ocrx_word' id='word_1_149' title='bbox 266 3016 451 3121; x_wconf 84' lang='lat' dir='ltr'>magistris</span> <span class='ocrx_word' id='word_1_150' title='bbox 473 3017 632 3093; x_wconf 91' lang='lat' dir='ltr'>Matheo·</span> <span class='ocrx_word' id='word_1_151' title='bbox 645 3015 693 3091; x_wconf 91' lang='lat' dir='ltr'>de</span> <span class='ocrx_word' id='word_1_152' title='bbox 712 3014 866 3119; x_wconf 82' lang='lat' dir='ltr'>Neapoli</span> <span class='ocrx_word' id='word_1_153' title='bbox 885 3015 986 3090; x_wconf 92' lang='lat' dir='ltr'>sedis</span> <span class='ocrx_word' id='word_1_154' title='bbox 1005 3013 1205 3117; x_wconf 89' lang='lat' dir='ltr'>apostolice</span> <span class='ocrx_word' id='word_1_155' title='bbox 1226 3014 1371 3090; x_wconf 89' lang='lat' dir='ltr'>notario</span> <span class='ocrx_word' id='word_1_156' title='bbox 1391 3013 1540 3119; x_wconf 87' lang='lat' dir='ltr'>majoris</span> 
     </span>
     <span class='ocr_line' id='line_1_20' title="bbox 123 3141 1538 3248; baseline 0 -28"><span class='ocrx_word' id='word_1_157' title='bbox 123 3143 241 3220; x_wconf 86' lang='lat' dir='ltr'>Caleti</span> <span class='ocrx_word' id='word_1_158' title='bbox 264 3143 590 3248; x_wconf 84' lang='lat' dir='ltr'>Rothomagens&#39;is,</span> <span class='ocrx_word' id='word_1_159' title='bbox 612 3143 772 3220; x_wconf 88' lang='lat' dir='ltr'>Johanni</span> <span class='ocrx_word' id='word_1_160' title='bbox 797 3145 844 3219; x_wconf 91' lang='lat' dir='ltr'>de</span> <span class='ocrx_word' id='word_1_161' title='bbox 874 3143 1026 3220; x_wconf 85' lang='lat' dir='ltr'>Mantua</span> <span class='ocrx_word' id='word_1_162' title='bbox 1052 3141 1291 3228; x_wconf 88' lang='lat' dir='ltr'>Tridentine,</span> <span class='ocrx_word' id='word_1_163' title='bbox 1317 3158 1356 3218; x_wconf 91' lang='lat' dir='ltr'>et</span> <span class='ocrx_word' id='word_1_164' title='bbox 1380 3144 1538 3220; x_wconf 89' lang='lat' dir='ltr'>Johanni</span> 
     </span>
     <span class='ocr_line' id='line_1_21' title="bbox 124 3269 1539 3378; baseline 0.001 -30"><span class='ocrx_word' id='word_1_165' title='bbox 124 3271 172 3348; x_wconf 93' lang='lat' dir='ltr'>de</span> <span class='ocrx_word' id='word_1_166' title='bbox 187 3273 315 3350; x_wconf 89' lang='lat' dir='ltr'>Monte</span> <span class='ocrx_word' id='word_1_167' title='bbox 330 3273 453 3349; x_wconf 89' lang='lat' dir='ltr'>Lauro</span> <span class='ocrx_word' id='word_1_168' title='bbox 468 3271 741 3378; x_wconf 85' lang='lat' dir='ltr'>Magalonensis</span> <span class='ocrx_word' id='word_1_169' title='bbox 756 3272 998 3349; x_wconf 87' lang='lat' dir='ltr'>ecclesiarum</span> <span class='ocrx_word' id='word_1_170' title='bbox 1013 3269 1296 3356; x_wconf 83' lang='lat' dir='ltr'>archidiaconis,</span> <span class='ocrx_word' id='word_1_171' title='bbox 1318 3298 1394 3346; x_wconf 89' lang='lat' dir='ltr'>una</span> <span class='ocrx_word' id='word_1_172' title='bbox 1412 3272 1539 3350; x_wconf 92' lang='lat' dir='ltr'>nobis-</span> 
     </span>
     <span class='ocr_line' id='line_1_22' title="bbox 121 3400 1539 3508; baseline 0 -31"><span class='ocrx_word' id='word_1_173' title='bbox 121 3429 209 3478; x_wconf 89' lang='lat' dir='ltr'>cum</span> <span class='ocrx_word' id='word_1_174' title='bbox 229 3430 250 3478; x_wconf 89' lang='lat' dir='ltr'>a</span> <span class='ocrx_word' id='word_1_175' title='bbox 270 3403 424 3480; x_wconf 91' lang='lat' dir='ltr'>domino</span> <span class='ocrx_word' id='word_1_176' title='bbox 448 3411 578 3480; x_wconf 86' lang='lat' dir='ltr'>nostro</span> <span class='ocrx_word' id='word_1_177' title='bbox 602 3430 752 3480; x_wconf 88' lang='lat' dir='ltr'>summo</span> <span class='ocrx_word' id='word_1_178' title='bbox 772 3401 951 3479; x_wconf 90' lang='lat' dir='ltr'>Pontifice</span> <span class='ocrx_word' id='word_1_179' title='bbox 971 3402 1012 3477; x_wconf 92' lang='lat' dir='ltr'>in</span> <span class='ocrx_word' id='word_1_180' title='bbox 1031 3401 1186 3508; x_wconf 90' lang='lat' dir='ltr'>negocio</span> <span class='ocrx_word' id='word_1_181' title='bbox 1206 3400 1465 3507; x_wconf 78' lang='lat' dir='ltr'>inquisitionis</span> <span class='ocrx_word' id='word_1_182' title='bbox 1487 3401 1539 3477; x_wconf 87' lang='lat' dir='ltr'>sa-</span> 
     </span>
     <span class='ocr_line' id='line_1_23' title="bbox 122 3530 1537 3639; baseline 0.006 -32"><span class='ocrx_word' id='word_1_183' title='bbox 122 3531 254 3609; x_wconf 89' lang='lat' dir='ltr'>ciende</span> <span class='ocrx_word' id='word_1_184' title='bbox 278 3549 406 3610; x_wconf 88' lang='lat' dir='ltr'>contra</span> <span class='ocrx_word' id='word_1_185' title='bbox 429 3533 604 3611; x_wconf 88' lang='lat' dir='ltr'>ordinem</span> <span class='ocrx_word' id='word_1_186' title='bbox 624 3533 763 3610; x_wconf 89' lang='lat' dir='ltr'>milicie</span> <span class='ocrx_word' id='word_1_187' title='bbox 786 3531 936 3639; x_wconf 91' lang='lat' dir='ltr'>Templi</span> <span class='ocrx_word' id='word_1_188' title='bbox 958 3533 997 3609; x_wconf 94' lang='lat' dir='ltr'>in</span> <span class='ocrx_word' id='word_1_189' title='bbox 1022 3559 1139 3638; x_wconf 89' lang='lat' dir='ltr'>regno</span> <span class='ocrx_word' id='word_1_190' title='bbox 1158 3531 1310 3609; x_wconf 86' lang='lat' dir='ltr'>Francie</span> <span class='ocrx_word' id='word_1_191' title='bbox 1335 3530 1537 3636; x_wconf 76' lang='lat' dir='ltr'>deputatis,</span> 
     </span>
     <span class='ocr_line' id='line_1_24' title="bbox 121 3659 1538 3771; baseline -0.002 -31"><span class='ocrx_word' id='word_1_192' title='bbox 121 3659 165 3740; x_wconf 90' lang='lat' dir='ltr'>G.</span> <span class='ocrx_word' id='word_1_193' title='bbox 186 3662 322 3768; x_wconf 89' lang='lat' dir='ltr'>Agarni</span> <span class='ocrx_word' id='word_1_194' title='bbox 341 3662 527 3770; x_wconf 82' lang='lat' dir='ltr'>Aquensis</span> <span class='ocrx_word' id='word_1_195' title='bbox 550 3681 589 3742; x_wconf 89' lang='lat' dir='ltr'>et</span> <span class='ocrx_word' id='word_1_196' title='bbox 603 3663 776 3770; x_wconf 91' lang='lat' dir='ltr'>Aptensis</span> <span class='ocrx_word' id='word_1_197' title='bbox 793 3665 1023 3771; x_wconf 86' lang='lat' dir='ltr'>prepositus,</span> <span class='ocrx_word' id='word_1_198' title='bbox 1040 3662 1216 3749; x_wconf 89' lang='lat' dir='ltr'>salutem,</span> <span class='ocrx_word' id='word_1_199' title='bbox 1230 3690 1320 3756; x_wconf 82' lang='lat' dir='ltr'>,curn</span> <span class='ocrx_word' id='word_1_200' title='bbox 1339 3661 1480 3739; x_wconf 89' lang='lat' dir='ltr'>sincera</span> <span class='ocrx_word' id='word_1_201' title='bbox 1499 3664 1538 3737; x_wconf 92' lang='lat' dir='ltr'>in</span> 
     </span>
     <span class='ocr_line' id='line_1_25' title="bbox 120 3785 1535 3903; baseline -0.002 -32"><span class='ocrx_word' id='word_1_202' title='bbox 120 3792 284 3872; x_wconf 89' lang='lat' dir='ltr'>Domino</span> <span class='ocrx_word' id='word_1_203' title='bbox 304 3795 452 3873; x_wconf 87' lang='lat' dir='ltr'>caritate</span> <span class='ocrx_word' id='word_1_204' title='bbox 473 3814 511 3873; x_wconf 89' lang='lat' dir='ltr'>et</span> <span class='ocrx_word' id='word_1_205' title='bbox 529 3785 740 3873; x_wconf 87' lang='lat' dir='ltr'>reverencia</span> <span class='ocrx_word' id='word_1_206' title='bbox 759 3814 896 3903; x_wconf 89' lang='lat' dir='ltr'>quanta</span> <span class='ocrx_word' id='word_1_207' title='bbox 914 3811 1048 3902; x_wconf 86' lang='lat' dir='ltr'>potest.</span> <span class='ocrx_word' id='word_1_208' title='bbox 1065 3796 1198 3872; x_wconf 89' lang='lat' dir='ltr'>Noscat</span> <span class='ocrx_word' id='word_1_209' title='bbox 1210 3810 1331 3872; x_wconf 86' lang='lat' dir='ltr'>vestra</span> <span class='ocrx_word' id='word_1_210' title='bbox 1347 3792 1535 3880; x_wconf 90' lang='lat' dir='ltr'>discreci0,</span> 
     </span>
     <span class='ocr_line' id='line_1_26' title="bbox 122 3919 1540 4031; baseline 0.001 -37"><span class='ocrx_word' id='word_1_211' title='bbox 122 3920 226 4024; x_wconf 91' lang='lat' dir='ltr'>quod</span> <span class='ocrx_word' id='word_1_212' title='bbox 238 3919 341 4026; x_wconf 82' lang='lat' dir='ltr'>[cum]</span> <span class='ocrx_word' id='word_1_213' title='bbox 354 3950 433 4015; x_wconf 90' lang='lat' dir='ltr'>nos,</span> <span class='ocrx_word' id='word_1_214' title='bbox 449 3925 623 4029; x_wconf 92' lang='lat' dir='ltr'>pluribus</span> <span class='ocrx_word' id='word_1_215' title='bbox 637 3928 764 4005; x_wconf 89' lang='lat' dir='ltr'>arduis</span> <span class='ocrx_word' id='word_1_216' title='bbox 780 3945 818 4004; x_wconf 92' lang='lat' dir='ltr'>et</span> <span class='ocrx_word' id='word_1_217' title='bbox 831 3925 1108 4005; x_wconf 86' lang='lat' dir='ltr'>inevitabilibus</span> <span class='ocrx_word' id='word_1_218' title='bbox 1123 3924 1287 4031; x_wconf 88' lang='lat' dir='ltr'>negociis</span> <span class='ocrx_word' id='word_1_219' title='bbox 1300 3922 1459 3998; x_wconf 83' lang='lat' dir='ltr'>maxime</span> <span class='ocrx_word' id='word_1_220' title='bbox 1472 3947 1540 4024; x_wconf 88' lang='lat' dir='ltr'>per</span> 
     </span>
     <span class='ocr_line' id='line_1_27' title="bbox 120 4047 1538 4154; baseline 0 -29"><span class='ocrx_word' id='word_1_221' title='bbox 120 4047 530 4154; x_wconf 86' lang='lat' dir='ltr'>prelatumdominum</span> <span class='ocrx_word' id='word_1_222' title='bbox 558 4070 731 4132; x_wconf 90' lang='lat' dir='ltr'>nostrum</span> <span class='ocrx_word' id='word_1_223' title='bbox 753 4083 948 4132; x_wconf 91' lang='lat' dir='ltr'>summum</span> <span class='ocrx_word' id='word_1_224' title='bbox 972 4053 1192 4129; x_wconf 86' lang='lat' dir='ltr'>Pontificem</span> <span class='ocrx_word' id='word_1_225' title='bbox 1223 4050 1332 4126; x_wconf 90' lang='lat' dir='ltr'>uobis</span> <span class='ocrx_word' id='word_1_226' title='bbox 1356 4047 1538 4152; x_wconf 89' lang='lat' dir='ltr'>impositis</span> 
     </span>
     <span class='ocr_line' id='line_1_28' title="bbox 120 4177 1538 4284; baseline 0 -29"><span class='ocrx_word' id='word_1_227' title='bbox 120 4177 309 4284; x_wconf 91' lang='lat' dir='ltr'>impediti,</span> <span class='ocrx_word' id='word_1_228' title='bbox 330 4205 563 4284; x_wconf 88' lang='lat' dir='ltr'>nequeamus</span> <span class='ocrx_word' id='word_1_229' title='bbox 585 4181 781 4257; x_wconf 88' lang='lat' dir='ltr'>intendere</span> <span class='ocrx_word' id='word_1_230' title='bbox 801 4182 850 4256; x_wconf 90' lang='lat' dir='ltr'>ad</span> <span class='ocrx_word' id='word_1_231' title='bbox 868 4180 1068 4283; x_wconf 90' lang='lat' dir='ltr'>negocium</span> <span class='ocrx_word' id='word_1_232' title='bbox 1089 4178 1361 4281; x_wconf 89' lang='lat' dir='ltr'>supradictum,</span> <span class='ocrx_word' id='word_1_233' title='bbox 1383 4204 1452 4255; x_wconf 92' lang='lat' dir='ltr'>nos</span> <span class='ocrx_word' id='word_1_234' title='bbox 1474 4207 1538 4255; x_wconf 85' lang='lat' dir='ltr'>vo-</span> 
     </span>
     <span class='ocr_line' id='line_1_29' title="bbox 120 4307 1539 4416; baseline -0.002 -30"><span class='ocrx_word' id='word_1_235' title='bbox 120 4307 178 4386; x_wconf 89' lang='lat' dir='ltr'>bis</span> <span class='ocrx_word' id='word_1_236' title='bbox 192 4309 232 4384; x_wconf 87' lang='lat' dir='ltr'>in</span> <span class='ocrx_word' id='word_1_237' title='bbox 246 4310 327 4414; x_wconf 91' lang='lat' dir='ltr'>ipso</span> <span class='ocrx_word' id='word_1_238' title='bbox 342 4311 499 4416; x_wconf 92' lang='lat' dir='ltr'>negocio</span> <span class='ocrx_word' id='word_1_239' title='bbox 518 4309 681 4386; x_wconf 90' lang='lat' dir='ltr'>totaliter</span> <span class='ocrx_word' id='word_1_240' title='bbox 701 4335 935 4394; x_wconf 83' lang='lat' dir='ltr'>excusamus,</span> <span class='ocrx_word' id='word_1_241' title='bbox 952 4307 1128 4413; x_wconf 89' lang='lat' dir='ltr'>precipue</span> <span class='ocrx_word' id='word_1_242' title='bbox 1148 4307 1236 4413; x_wconf 88' lang='lat' dir='ltr'>quia</span> <span class='ocrx_word' id='word_1_243' title='bbox 1249 4307 1329 4414; x_wconf 90' lang='lat' dir='ltr'>jam</span> <span class='ocrx_word' id='word_1_244' title='bbox 1348 4309 1539 4413; x_wconf 90' lang='lat' dir='ltr'>predictus</span> 
     </span>
     <span class='ocr_line' id='line_1_30' title="bbox 122 4436 1536 4518; baseline -0.001 -4"><span class='ocrx_word' id='word_1_245' title='bbox 122 4438 299 4516; x_wconf 91' lang='lat' dir='ltr'>dominus</span> <span class='ocrx_word' id='word_1_246' title='bbox 329 4456 457 4517; x_wconf 90' lang='lat' dir='ltr'>noster</span> <span class='ocrx_word' id='word_1_247' title='bbox 484 4467 656 4517; x_wconf 89' lang='lat' dir='ltr'>summus</span> <span class='ocrx_word' id='word_1_248' title='bbox 679 4439 849 4518; x_wconf 81' lang='lat' dir='ltr'>Pontifex</span> <span class='ocrx_word' id='word_1_249' title='bbox 876 4454 946 4517; x_wconf 90' lang='lat' dir='ltr'>nos</span> <span class='ocrx_word' id='word_1_250' title='bbox 976 4437 1110 4517; x_wconf 88' lang='lat' dir='ltr'>habuit</span> <span class='ocrx_word' id='word_1_251' title='bbox 1140 4436 1303 4516; x_wconf 86' lang='lat' dir='ltr'>totaliter</span> <span class='ocrx_word' id='word_1_252' title='bbox 1337 4453 1536 4514; x_wconf 83' lang='lat' dir='ltr'>excusatos.</span> 
     </span>
     <span class='ocr_line' id='line_1_31' title="bbox 120 4565 1540 4678; baseline 0.001 -34"><span class='ocrx_word' id='word_1_253' title='bbox 120 4569 162 4644; x_wconf 95' lang='lat' dir='ltr'>ln</span> <span class='ocrx_word' id='word_1_254' title='bbox 187 4568 293 4674; x_wconf 88' lang='lat' dir='ltr'>cujus</span> <span class='ocrx_word' id='word_1_255' title='bbox 315 4571 370 4647; x_wconf 89' lang='lat' dir='ltr'>rei</span> <span class='ocrx_word' id='word_1_256' title='bbox 394 4571 652 4649; x_wconf 89' lang='lat' dir='ltr'>testimonium</span> <span class='ocrx_word' id='word_1_257' title='bbox 676 4589 867 4678; x_wconf 89' lang='lat' dir='ltr'>presentes</span> <span class='ocrx_word' id='word_1_258' title='bbox 891 4570 1032 4646; x_wconf 85' lang='lat' dir='ltr'>litteras</span> <span class='ocrx_word' id='word_1_259' title='bbox 1056 4567 1168 4676; x_wconf 89' lang='lat' dir='ltr'>sigilli</span> <span class='ocrx_word' id='word_1_260' title='bbox 1197 4565 1315 4645; x_wconf 89' lang='lat' dir='ltr'>nostri</span> <span class='ocrx_word' id='word_1_261' title='bbox 1341 4566 1540 4673; x_wconf 87' lang='lat' dir='ltr'>pendentis</span> 
     </span>
     <span class='ocr_line' id='line_1_32' title="bbox 121 4698 1540 4807; baseline 0 -32"><span class='ocrx_word' id='word_1_262' title='bbox 121 4699 330 4777; x_wconf 88' lang='lat' dir='ltr'>munimine</span> <span class='ocrx_word' id='word_1_263' title='bbox 364 4700 521 4779; x_wconf 81' lang='lat' dir='ltr'>fecimus</span> <span class='ocrx_word' id='word_1_264' title='bbox 548 4703 786 4780; x_wconf 91' lang='lat' dir='ltr'>communiri.</span> <span class='ocrx_word' id='word_1_265' title='bbox 812 4701 952 4779; x_wconf 88' lang='lat' dir='ltr'>Datum</span> <span class='ocrx_word' id='word_1_266' title='bbox 972 4699 1089 4807; x_wconf 94' lang='lat' dir='ltr'>Aquis</span> <span class='ocrx_word' id='word_1_267' title='bbox 1108 4727 1207 4778; x_wconf 91' lang='lat' dir='ltr'>nona</span> <span class='ocrx_word' id='word_1_268' title='bbox 1228 4699 1289 4777; x_wconf 89' lang='lat' dir='ltr'>die</span> <span class='ocrx_word' id='word_1_269' title='bbox 1315 4698 1455 4777; x_wconf 91' lang='lat' dir='ltr'>mensis</span> <span class='ocrx_word' id='word_1_270' title='bbox 1480 4699 1540 4776; x_wconf 76' lang='lat' dir='ltr'>Se</span> 
     </span>
     <span class='ocr_line' id='line_1_33' title="bbox 121 4827 1025 4932; baseline 0.006 -25"><span class='ocrx_word' id='word_1_271' title='bbox 121 4827 316 4932; x_wconf 65' lang='lat' dir='ltr'>membris,</span> <span class='ocrx_word' id='word_1_272' title='bbox 338 4857 435 4910; x_wconf 86' lang='lat' dir='ltr'>anno</span> <span class='ocrx_word' id='word_1_273' title='bbox 455 4830 608 4912; x_wconf 91' lang='lat' dir='ltr'>Domini</span> <span class='ocrx_word' id='word_1_274' title='bbox 628 4848 669 4914; x_wconf 59' lang='grc' dir='ltr'>κθ</span> <span class='ocrx_word' id='word_1_275' title='bbox 688 4848 768 4916; x_wconf 83' lang='lat' dir='ltr'>cco⁰</span> <span class='ocrx_word' id='word_1_276' title='bbox 786 4859 899 4912; x_wconf 89' lang='lat' dir='ltr'>nono.</span> <span class='ocrx_word' id='word_1_277' title='bbox 1023 4877 1025 4881; x_wconf 65' lang='lat'>,</span> 
     </span>
    </p>
   </div>
   <div class='ocr_carea' id='block_1_5' title="bbox 0 0 2044 6052">
    <p class='ocr_par' dir='ltr' id='par_1_6' title="bbox 0 0 2044 6052">
     <span class='ocr_line' id='line_1_34' title="bbox 0 0 2044 6052; baseline 0 1"><span class='ocrx_word' id='word_1_278' title='bbox 0 0 2044 6052; x_wconf 95' lang='lat' dir='ltr'> </span> 
     </span>
    </p>
   </div>
  </div>
 </body>
</html>
