4080 6052
494 547 690 640 pauens
716 566 811 639 oss
835 564 1133 638 reuertens.
1445 561 1518 638 ιιι

161 709 376 814 Requisitus
390 708 421 786 si
436 707 489 786 sic
504 707 730 814 deposuerat
743 734 871 812 prece,
884 722 1078 811 precepto,
1088 703 1242 790 timore,
1255 729 1400 792 amore,
1417 704 1519 797 odio,

102 839 161 917 vel
181 838 342 916 comodo
358 838 559 944 temporali
578 838 708 916 habito
722 836 782 915 vel
799 835 993 928 babendo,
1011 833 1207 940 respondit
1222 833 1327 939 quod
1341 858 1434 922 non,
1453 835 1521 911 sed

101 997 169 1075 pro
188 951 342 1047 veritate
363 970 539 1061 dicenda3
567 970 628 1047 cui
653 968 726 1045 fuit
748 967 959 1074 injunctum
982 994 1051 1072 per
1075 965 1194 1043 dictos
1219 963 1393 1041 dominos
1420 992 1521 1042 com-

101 1100 305 1192 missarios,
322 1102 361 1176 in
380 1100 518 1177 virtute
527 1100 734 1207 juramenti
754 1098 899 1204 prestiti
912 1125 980 1202 per
998 1096 1178 1191 eundem,
1200 1095 1305 1200 quod
1324 1122 1403 1172 non
1418 1123 1521 1173 reve-

101 1229 196 1305 laret
222 1229 319 1306 hanc
341 1258 447 1308 suam
473 1230 753 1336 deposicionem
783 1256 983 1335 quousque
1007 1225 1265 1307 attestaciones
1289 1223 1431 1304 luerint
1449 1255 1521 1333 pu-

101 1358 247 1436 blicate.

155 1615 307 1694 Eisdem
342 1617 403 1695 die
437 1636 476 1697 et
507 1619 591 1699 loco
625 1620 697 1698 luit
731 1620 916 1698 adductus
945 1618 993 1697 ad
1022 1616 1246 1696 eorumdem
1276 1615 1519 1695 dominorum

100 1746 441 1825 commissariorum
458 1751 689 1855 presenciam
705 1750 821 1827 lrater
838 1749 955 1827 Fulco
981 1748 1029 1825 de
1052 1746 1221 1826 Nulliaeo
1239 1747 1419 1833 serviens,
1435 1747 1520 1824 Rel-

97 1877 261 1953 sacensis
280 1877 456 1966 dioeesis,
474 1896 673 1984 preceptor
692 1880 831 1955 domus
852 1878 899 1954 de
915 1876 1041 1954 Serier
1060 1873 1324 1953 Ambianensis
1342 1875 1518 1979 diocesis,

99 2006 374 2110 sexagenarius,
396 2008 502 2084 testis
527 2008 800 2113 suprajnratus,
827 2023 870 2083 ut
895 2006 1103 2111 deponeret
1127 2002 1273 2080 dictum
1290 2031 1420 2092 suum,
1442 2032 1518 2081 non

100 2134 286 2211 defferens
300 2135 523 2212 mantellum
540 2137 700 2223 ordinis,
719 2136 809 2244 quia
825 2135 969 2213 dimisit
987 2135 1113 2239 ipsum
1131 2133 1180 2210 ad
1200 2133 1415 2239 aliquorum
1434 2163 1520 2239 per·

99 2292 252 2340 suasum
282 2265 323 2338 in
345 2264 504 2341 concilio
530 2265 724 2356 Remensi3
748 2265 995 2371 postmodum
1020 2261 1110 2338 fecit
1133 2262 1206 2339 sibi
1231 2261 1313 2338 radi
1341 2262 1515 2352 barbam,

99 2422 185 2470 cnm
210 2421 287 2499 quo
316 2392 389 2471 luit
410 2394 634 2500 inquisitum
657 2422 727 2500 per
760 2394 959 2471 dominum
985 2392 1204 2496 episcopum
1225 2389 1518 2470 Ambianensem

98 2524 164 2628 qui
184 2552 286 2600 nunc
304 2541 375 2612 est,
395 2541 434 2600 et
448 2524 641 2602 absolutus
662 2541 700 2600 et
713 2522 975 2600 reconciliatus
994 2548 1063 2627 per
1079 2549 1185 2610 eum3
1207 2521 1314 2599 lectis
1334 2539 1460 2600 autem
1481 2542 1519 2600 et

97 2653 297 2759 diligenter
317 2655 491 2759 expositis
513 2654 585 2732 sibi
603 2653 781 2731 omnibus
804 2670 842 2730 et
861 2651 1019 2758 singulis
1039 2650 1225 2741 articulis,
1247 2653 1443 2758 respondit
1471 2653 1519 2731 ad

96 2808 178 2874 eos,
201 2798 239 2857 et
254 2781 386 2886 primo·
397 2784 446 2860 ad
459 2783 602 2890 primos
618 2810 700 2872 ιιιι,
718 2812 756 2860 se
772 2782 916 2860 nescire
931 2782 962 2859 si
977 2797 1152 2859 contenta
1172 2781 1212 2857 in
1225 2781 1333 2860 dictis
1353 2783 1517 2860 articulis

97 2928 203 2988 erant
217 2940 304 2988 vera
322 2912 381 2990 vel
399 2940 493 3005 non,
513 2913 603 3020 quia
622 2941 699 2989 non
718 2911 940 2990 interfuerat
958 2911 1170 3017 recepcioni
1186 2910 1344 3017 alicujus
1363 2911 1517 2991 alterius

95 3068 165 3116 nec
187 3041 359 3146 capitulis
383 3070 528 3120 eorum.
555 3045 638 3149 lpse
668 3060 795 3120 autem
821 3059 996 3147 receptus
1016 3041 1138 3119 suerat
1159 3040 1199 3118 in
1220 3040 1360 3146 capella
1379 3042 1516 3119 domus

95 3170 245 3276 Templi
278 3171 524 3265 Belvacensis,
557 3174 598 3250 in
631 3173 783 3251 instanti
821 3173 916 3251 sesto
950 3171 1224 3249 Purificationis
1254 3170 1364 3248 beate
1396 3172 1513 3249 Marie

95 3316 207 3376 erunt
235 3318 379 3407 septem
411 3303 520 3392 anni,
552 3332 621 3409 per
645 3305 798 3382 fratrem
818 3304 1025 3383 Robertum
1056 3304 1104 3380 de
1124 3303 1296 3392 Belvaco‚
1320 3303 1513 3409 quondam
1590 3364 1598 3381 .

93 3430 364 3535 presbiterum,
387 3433 625 3538 presentibus
639 3435 817 3513 fratribus
837 3434 1002 3514 Roberto
1014 3434 1062 3511 de
1078 3433 1272 3513 Gorreflor
1285 3433 1511 3538 presbitero,

91 3561 265 3668 Philippo
286 3564 333 3639 de
359 3564 607 3642 Leurechires
631 3567 835 3655 serviente,
853 3567 958 3653 vivis,
981 3582 1024 3642 ut
1041 3564 1176 3653 credit,
1200 3582 1238 3641 et
1259 3564 1438 3672 Rogerrio
1465 3567 1512 3642 de

91 3691 254 3769 Marsilia
273 3695 471 3787 serviente,
495 3697 702 3785 deffuncto,
729 3698 768 3772 in
792 3699 895 3772 hunc
918 3696 1078 3771 modum
1092 3688 1110 3770 ε’
1124 3724 1210 3771 nam
1232 3724 1320 3771 cum
1341 3696 1513 3801 peciisset

92 3847 228 3933 panem
244 3839 281 3898 et
294 3850 429 3927 aquam
445 3841 483 3900 et
491 3826 708 3902 societatem
723 3825 881 3902 fratrum
892 3824 1047 3911 ordinis,
1061 3841 1099 3901 et
1111 3825 1144 3900 ei
1156 3827 1408 3917 concessisset,
1424 3824 1513 3902 lecit

93 3979 181 4027 eum
206 3980 338 4029 vovere
359 3969 396 4029 et
408 3953 535 4058 jurare
560 3954 783 4046 castitatem,
806 3971 844 4031 et
859 3954 980 4030 vivere
1001 3953 1081 4030 sine
1101 3956 1271 4059 proprio,
1299 3975 1336 4033 et
1356 3956 1510 4033 obedire

92 4083 317 4187 cuicumque
344 4084 554 4188 preceptori
579 4084 645 4188 qui
677 4100 951 4189 preponeretur
971 4083 1062 4172 sibi,
1082 4085 1327 4191 postmodum
1355 4086 1513 4163 tradidit

91 4209 162 4288 sibi
197 4210 438 4301 mantellum,
470 4229 598 4318 postea
632 4212 724 4290 dixit
758 4214 792 4289 ei
828 4213 950 4290 dictus
980 4231 1153 4318 receptor
1181 4216 1285 4320 quod
1316 4217 1512 4320 oportebat

92 4370 179 4418 eum
207 4371 342 4447 spuere
372 4370 485 4448 super
504 4342 694 4449 quandam
717 4372 866 4421 crucem
893 4343 940 4419 de
960 4371 1086 4448 panno
1110 4345 1230 4422 rubeo
1255 4346 1375 4450 posita
1398 4375 1510 4452 super

90 4470 282 4575 quoddam
298 4473 505 4578 pulpitum,
529 4490 567 4549 et
581 4491 659 4550 erat
673 4473 758 4552 talis
769 4473 900 4580 quales
914 4491 1003 4551 sunt
1016 4488 1143 4550 cruc'es
1157 4503 1250 4580 quas
1259 4476 1458 4580 portabant
1470 4476 1509 4552 in

89 4601 292 4689 mantellis,
315 4620 353 4679 et
371 4603 450 4707 ipse
469 4603 576 4680 testis
599 4605 700 4710 spuit
722 4633 800 4682 non
820 4633 933 4711 super
952 4607 1021 4682 sed
1033 4605 1140 4711 juxta
1155 4635 1254 4696 eam3
1276 4624 1405 4712 postea
1425 4635 1509 4712 pre·

89 4730 188 4835 cepit
207 4732 242 4807 ei
260 4733 365 4838 quod
385 4733 586 4840 abnegaret
603 4734 746 4825 Deum,
769 4753 807 4812 et
826 4736 905 4841 ipse
924 4735 1030 4813 testis
1049 4737 1193 4844 rogavit
1216 4766 1304 4814 eum
1328 4738 1509 4816 instanter

89 4862 194 4964 quod
213 4889 290 4941 non
310 4864 497 4972 cojeretur
512 4863 630 4944 lacere
650 4866 739 4959 boc,
763 4867 885 4948 dictus
905 4895 994 4946 vero
1007 4885 1178 4976 receptor
1191 4868 1388 4975 respondit
1405 4870 1508 4977 quod
