4080 6052
462 531 658 624 esoces
685 551 780 622 nus
806 550 1103 624 inueniris.
1415 559 1489 631 aas

76 699 203 778 stolica
229 699 445 800 deputatus,
467 692 628 770 salutem
656 722 742 772 cum
772 692 875 768 omni
900 694 1112 771 reverencia
1136 695 1350 770 ethonore.
1374 697 1488 785 Cum,

74 846 226 936 propter
244 827 393 930 longam
414 823 580 930 corporis
598 824 672 899 mei
692 822 903 902 molestiam
924 841 962 900 et
981 824 1175 931 langorem
1194 852 1309 930 quem
1331 824 1397 902 diu
1415 856 1492 932 pas

73 987 136 1034 sus
157 956 258 1033 extiti
279 956 319 1029 in
338 954 430 1030 tibia
451 971 489 1029 et
508 954 546 1028 in
565 953 679 1059 pede,
702 980 778 1028 non
798 953 938 1057 possim
962 955 1033 1030 iter
1052 955 1179 1060 agredi
1197 970 1235 1028 et
1254 955 1487 1048 continuare,

73 1117 141 1165 seu
160 1088 215 1164 ire
239 1113 368 1162 versus
389 1084 567 1175 Parisius‚
590 1083 638 1159 ad
658 1082 942 1189 procedendum
962 1085 1001 1161 in
1020 1085 1205 1191 prelibato
1231 1085 1490 1191 inquisicionis

74 1220 230 1325 negocio
247 1215 353 1294 vobis
373 1216 539 1301 etmihi,
559 1233 603 1293 ut
625 1216 851 1320 premissum
872 1233 943 1308 est,
965 1217 1180 1307 commisso,
1203 1217 1282 1292 siue
1308 1221 1489 1324 corporali

74 1348 259 1454 periculo,
274 1349 379 1455 juxta
404 1345 601 1422 consilium
623 1346 878 1432 medicorum,
902 1363 939 1422 et
958 1375 1027 1452 ego
1049 1349 1165 1422 eciam
1188 1350 1349 1425 senciam
1369 1350 1409 1424 in
1429 1379 1489 1426 me

76 1481 171 1584 ipso,
186 1480 320 1584 'sicque
340 1506 415 1553 non
433 1476 573 1582 possim
591 1477 772 1582 assignata
791 1475 852 1551 die
871 1503 939 1580 per
958 1504 1027 1552 nos
1047 1474 1283 1554 concorditer
1300 1495 1337 1554 et
1356 1497 1490 1557 statuta

75 1608 202 1685 adesse
222 1608 399 1698 Parisius‚
419 1624 463 1684 ut
486 1608 671 1712 optarem,
693 1608 740 1683 ad
760 1603 1044 1710 procedendum
1061 1635 1136 1682 una
1154 1607 1348 1685 vobiscum
1368 1609 1405 1684 in
1426 1638 1491 1687 ne-

73 1739 179 1844 gocio
197 1742 424 1823 memorato,
445 1737 650 1813 reverende
668 1736 880 1841 paternitati
901 1753 939 1812 et
966 1727 1217 1812 dominacioni
1235 1757 1373 1825 uestre,
1403 1767 1489 1816 cum

72 1869 284 1944 reverencia
310 1868 436 1945 debita
463 1896 524 1943 me
553 1895 706 1958 excuso,
727 1866 835 1942 vobis
862 1865 1060 1943 humiliter
1088 1865 1349 1972 supplicand0,
1371 1885 1415 1944 ut
1446 1897 1490 1945 ex
1583 1917 1584 1920 =

73 2000 192 2075 causis
211 1998 417 2103 premissis,
437 2024 520 2072 mea
540 1996 713 2073 absencia
727 2023 805 2072 non
822 1996 1009 2084 obstante,
1026 1995 1088 2072 die
1106 1997 1287 2102 assignata
1302 2014 1340 2074 ct
1357 1997 1491 2077 diebus

75 2157 115 2203 ac
133 2127 369 2233 temporibus
395 2126 729 2231 subsequentibus,
759 2127 797 2201 in
816 2126 960 2232 prefato
979 2124 1090 2203 nobis
1110 2128 1308 2204 commisso
1334 2130 1490 2235 negocio

75 2250 300 2362 procedatis,
315 2258 439 2362 juxtra
455 2255 631 2332 traditam
651 2256 762 2332 nobis
781 2256 953 2332 formam.
976 2257 1151 2334 Cessante
1172 2275 1298 2334 autem
1319 2260 1489 2364 inpoten-

75 2391 130 2465 cia
150 2418 193 2464 ac
211 2387 413 2493 resumptis
433 2386 591 2471 viribus,
611 2385 694 2462 Deo
713 2384 897 2491 propicio,
918 2387 1178 2489 prosecucioni
1198 2416 1240 2463 ac
1259 2388 1491 2492 expedicioni

53 2513 220 2626 ‘negocii
242 2517 412 2625 ejusdem
433 2516 671 2602 interessem,
693 2532 731 2590 et
748 2543 822 2592 una
840 2513 1050 2601 vobiscum,
1073 2532 1116 2591 ut
1133 2512 1235 2592 filius
1254 2516 1489 2607 obediencie,

74 2650 258 2754 promptis
277 2647 471 2724 affectibus
492 2674 697 2752 exequerer
716 2644 827 2722 officii
848 2644 1117 2721 mei'debitum
1137 2646 1176 2721 in
1195 2647 1397 2752 premissis.
1419 2649 1493 2726 Da-

74 2798 156 2856 tum
176 2781 215 2854 in
236 2779 364 2855 Monte
384 2777 604 2865 Pessulano,
624 2774 901 2853 anno’Domini
925 2785 966 2852 u⁰
991 2790 1071 2852 οοοο
1093 2790 1141 2867 ¹⁰,
1168 2777 1308 2853 scilicet
1331 2804 1384 2854 uu
1405 2777 1492 2855 idus

75 2909 266 2997 Octubris,
292 2907 544 3015 pontifficatus
568 2906 786 2983 sanctissimi
815 2905 947 3010 patris,
981 2906 1124 2982 domini
1158 2907 1365 2984 Clementis
1394 2909 1490 3013 Pape

75 3041 214 3146 quinti,
236 3066 335 3116 anno
353 3039 499 3144 quinto.

132 3168 357 3246 Revereudis
377 3169 416 3244 in
436 3168 586 3246 Christo
605 3169 791 3273 patribus,
814 3168 976 3264 dominis
996 3171 1074 3246 suis
1093 3170 1305 3261 carissimis,
1328 3170 1491 3247 dominis

75 3300 145 3377 Dei
156 3300 292 3405 gracia,
308 3299 538 3377 Narbonensi
550 3299 838 3405 archiepiscopo,
855 3316 941 3386 etc,
958 3300 1146 3376 Johannes
1161 3300 1208 3375 de
1228 3301 1355 3377 Monte
1368 3288 1491 3375 [auro

75 3430 346 3536 Magalonensis
369 3429 672 3521 archidiaconus,
701 3430 740 3504 in
765 3431 922 3536 negocio
948 3430 1206 3535 inquisicionis
1230 3447 1357 3506 contra
1379 3430 1493 3505 Tem-

74 3560 280 3665 plariorum
299 3559 474 3636 ordinem
490 3590 565 3636 una
585 3577 672 3636 cum
694 3561 747 3636 eis
767 3588 787 3636 a
807 3559 906 3637 Sede
929 3561 1129 3665 apostolica
1149 3562 1369 3666 deputatus,
1394 3557 1493 3635 salu-

73 3708 152 3766 tem
180 3707 217 3765 et
243 3706 455 3794 promptam
482 3691 529 3766 ad
558 3718 691 3766 eorum
718 3689 892 3766 mandata
920 3706 958 3766 et
984 3688 1216 3795 beneplacita
1243 3681 1489 3776 voluntatem,

76 3847 162 3894 cum
184 3819 285 3893 omni
310 3819 522 3894 reverencia
541 3820 753 3896 ethonore.
785 3821 904 3910 Cum,
931 3821 1270 3927 propter‘corporis
1289 3820 1363 3895 mei
1385 3818 1492 3894 debi-

75 3949 219 4026 litatem
239 3964 276 4022 et
294 3946 526 4034 molestiam,
557 3977 600 4024 ex
624 3950 754 4025 multis
776 3951 1013 4054 passionibus
1041 3969 1078 4027 et
1102 3950 1386 4057 egretudinibus
1407 3975 1492 4053 pro-

76 4077 289 4168 cedentem,
306 4104 399 4181 quas
412 4104 542 4182 passus
557 4104 639 4152 sum
661 4078 788 4155 divino
800 4077 945 4186 judicio
961 4097 1075 4155 estate
1091 4110 1132 4156 ac
1145 4080 1307 4186 tempori
1321 4077 1492 4184 proximo

75 4206 306 4312 precedenti,
329 4206 377 4282 ad
395 4206 626 4311 presenciam
643 4224 802 4284 vestram
819 4208 982 4286 Parisius
999 4211 1174 4287 accedere
1192 4238 1269 4287 non
1283 4209 1489 4315 potuerim,

75 4339 171 4414 sicut
189 4336 389 4413 voluissem
411 4365 452 4412 ac
470 4337 610 4442 pariter
629 4335 860 4428 debuissem,
885 4339 925 4415 in
944 4356 1169 4446 statuto-per
1185 4334 1255 4417 nos
1273 4339 1436 4416 termino
1456 4356 1493 4416 et
1606 4326 1610 4334 ¹

74 4467 217 4572 prefixo
235 4497 309 4543 una
322 4468 516 4544 vobiscum
535 4467 574 4542 in
591 4469 760 4574 predicto
778 4470 934 4579 negocio
951 4499 1209 4577 processurus,
1229 4470 1371 4547 litteras
1392 4484 1493 4546 meas

75 4613 244 4705 patentes
265 4597 543 4674 excusacionem
568 4626 691 4676 meam
713 4617 750 4676 et
768 4599 1020 4707 inpotenciam
1039 4601 1271 4679 continentes
1290 4598 1409 4687 vobis,
1433 4600 1494 4677 do

75 4727 188 4804 minis
212 4727 307 4804 meis
332 4728 531 4833 predictis,
558 4758 646 4805 cum
671 4729 797 4807 debita
812 4733 1052 4824 reverencia,
1080 4733 1258 4810 destinavi
1285 4747 1323 4808 et
1352 4725 1489 4820 direxi,

77 4885 168 4964 quas
203 4858 315 4933 credo
352 4858 564 4963 paternitati
597 4876 634 4935 et
665 4859 914 4938 dominacioni
943 4879 1063 4940 vestre
1095 4879 1323 4968 presentatus
1354 4858 1489 4946 fuisse,

161 4992 268 5055 esocis
290 5014 342 5057 ors
363 5014 534 5056 reuertens.
548 5015 622 5056 -1.
1229 5085 1231 5090 A
1305 4998 1343 5076 37
