4080 6052
659 530 888 624 'rnocns
913 550 1008 624 nus
1034 551 1336 625 rnurmnns.
1652 552 1725 626 sss

360 694 472 781 Item,
493 692 540 768 ad
560 716 669 769 curu
691 694 888 799 respondit
906 721 946 770 se
969 691 1085 771 nichil
1104 694 1213 782 scire,
1235 713 1273 772 et
1292 693 1397 801 quod
1417 720 1495 770 non
1513 692 1636 770 fuerat
1654 695 1726 773 sibi

304 822 516 928 injunctum
532 822 636 929 quod
656 851 733 900 non
753 804 1000 902 confiteretur
1013 825 1087 901 nisi
1103 824 1360 911 sacerdotibus
1380 824 1468 900 dicti
1486 824 1645 917 ordinis,
1663 853 1728 902 au·

305 953 398 1031 divit
420 971 548 1031 tamen
573 954 647 1030 dici
671 954 1074 1062 quod⁵injungcbatur
1102 954 1280 1033 fratribus
1303 955 1416 1064 laycis
1440 956 1559 1062 ipsius
1585 955 1728 1034 ordinis

303 1085 409 1191 quod
428 1113 506 1163 non
526 1083 797 1163 confiterentur
821 1086 893 1163 nisi
910 1085 1139 1194 presbyteris
1158 1087 1332 1193 ejusdem
1351 1087 1495 1165 ordinis
1514 1088 1594 1164 sine
1614 1087 1727 1164 licen·

304 1217 359 1292 cia
379 1218 620 1323 superiorum
641 1244 815 1304 suorum,
839 1235 877 1295 et
895 1217 968 1295 hoc
983 1216 1174 1294 serebatur
1191 1219 1444 1296 communiter
1463 1236 1500 1296 et
1518 1218 1670 1326 publice
1690 1220 1726 1296 in

306 1349 387 1454 ipso
409 1347 560 1437 ordine,
580 1347 699 1423 nescit
716 1364 843 1424 tamen
865 1346 932 1424 ubi
951 1376 1021 1424 nec
1040 1349 1219 1454 aquibus
1238 1350 1392 1427 audivit.

361 1481 471 1567 Item,
495 1479 543 1555 ad
562 1504 741 1556 namu-vr
764 1480 962 1585 respondit
981 1508 1020 1556 se
1041 1479 1196 1557 credere
1212 1508 1298 1557 vera
1317 1507 1398 1557 esse
1417 1479 1524 1587 quod
1543 1480 1728 1587 negligen-

305 1627 361 1687 tes
380 1609 552 1702 luerunt,
574 1609 677 1686 utin
698 1609 864 1686 articulis
885 1610 1110 1687 continetur.

360 1742 470 1832 Item,
498 1740 546 1816 ad
572 1765 691 1820 xxxvn
719 1755 758 1816 et
784 1739 878 1818 alios
904 1756 1106 1847 sequentes
1129 1767 1251 1846 usque
1276 1740 1324 1817 ad
1347 1766 1442 1819 xcvu
1470 1739 1665 1846 respondit
1688 1770 1727 1817 se

305 1873 447 1948 nescire
461 1871 502 1949 si
522 1871 623 1948 ultra
641 1897 743 1948 mare
765 1889 804 1949 et
822 1872 862 1948 in
883 1871 965 1949 aliis
987 1870 1188 1949 locisdicti
1210 1871 1353 1949 ordinis
1379 1870 1621 1950 servabantur
1640 1898 1729 1947 con·
1822 1887 1836 1913 ·

305 2019 408 2080 tenta
427 2003 468 2079 in
488 2002 578 2108 ipsis
601 2001 768 2079 articulis
788 2003 875 2079 etsi
899 2018 1005 2079 crant
1023 2030 1125 2088 vera,
1151 2001 1271 2078 credit
1290 2019 1417 2079 tamen
1438 2001 1542 2109 quod
1566 2029 1728 2079 servare-

306 2137 370 2209 tur
390 2132 428 2207 in
448 2133 610 2210 aliorum
629 2126 915 2239 recepcionibus
933 2134 1040 2240 quod
1059 2133 1132 2210 fuit
1151 2135 1397 2227 servatumiu
1417 2162 1496 2210 sua.
1536 2198 1539 2205 .

361 2265 473 2354 Item,
503 2262 551 2340 ad
579 2288 677 2341 xcvu
703 2264 902 2369 respondit
929 2263 1036 2370 quod
1060 2264 1102 2339 in
1134 2263 1228 2340 Iocis
1259 2265 1299 2340 in
1328 2264 1468 2370 quibus
1500 2263 1578 2369 ipse
1607 2262 1730 2340 fuerat

307 2396 345 2472 in
375 2395 529 2483 ordine,
555 2393 761 2470 elemosine
786 2392 1120 2501 restringebantur,
1149 2393 1241 2499 quia·
1264 2409 1534 2490 consueverant
1562 2391 1737 2469 liariter

306 2528 344 2603 in
373 2525 600 2612 ebdomada,
632 2541 672 2601 et
705 2525 822 2602 modo
850 2553 928 2603 non
952 2522 1096 2602 {iebant
1123 2522 1195 2601 nisi
1225 2523 1363 2615 semel,
1376 2551 1573 2630 pauperes
1601 2540 1729 2600 autem

306 2685 383 2735 non
416 2653 694 2763 recipiebantur
725 2655 773 2732 ad
806 2653 1101 2762 hospitalitatem
1134 2670 1172 2730 et
1204 2653 1251 2728 ad
1279 2653 1501 2760 jacendum,
1537 2654 1605 2731 sed
1638 2654 1730 2731 divi-

304 2808 378 2881 tes,
404 2807 442 2866 et
471 2789 544 2866 hoc
572 2786 652 2893 ipse
678 2785 785 2864 testis
812 2786 905 2864 dixit
928 2813 968 2863 se
993 2813 1156 2864 servasse
1180 2783 1333 2891 quando
1358 2801 1438 2861 erat
1460 2803 1657 2891 preceptor
1681 2785 1728 2862 de

304 2923 474 3002 Divione.
1094 2995 1097 3000 .
1125 2979 1128 2984 -

362 3055 474 3138 Item,
497 3052 545 3129 ad
564 3077 712 3131 tenu-c
738 3051 936 3158 respondit
955 3050 1060 3157 quod
1084 3048 1362 3157 precipiebatur
1381 3047 1453 3125 sub
1472 3047 1602 3126 debito
1624 3050 1727 3158 jura-

307 3184 424 3261 menti
445 3182 551 3289 quod
571 3199 833 3273 conservarent
847 3183 934 3289 jura
959 3200 997 3259 et
1012 3181 1114 3259 bona
1133 3181 1294 3271 ordinis;
1315 3181 1363 3259 de
1384 3160 1468 3258 aliis
1485 3180 1672 3257 contentis
1680 3180 1727 3257 in

306 3315 396 3422 ipsis
410 3314 578 3392 articulis
597 3315 690 3391 dixit
708 3342 748 3392 se
770 3314 888 3392 nichil
907 3314 1012 3391 scire.

361 3447 471 3534 Item,
494 3446 543 3524 ad
560 3472 649 3526 cr-vr
666 3444 864 3552 respondit
879 3446 986 3553 quod
1005 3444 1167 3552 capitula
1185 3443 1415 3522 tenebantur
1430 3441 1557 3549 januis
1577 3441 1725 3529 clausis,

305 3604 374 3655 nec
390 3575 580 3654 intrabant
595 3576 669 3654 nisi
686 3575 820 3653 fratres
840 3574 930 3652 dicti
950 3575 1111 3665 ordinis,
1132 3592 1172 3653 et
1190 3573 1333 3652 audivit
1352 3573 1424 3650 dici
1441 3573 1551 3680 ,quod
1565 3571 1730 3678 capitula

304 3733 380 3814 que
399 3706 628 3785 tenebantur
646 3707 809 3784 Parisius
826 3706 1056 3814 quandoque
1076 3705 1307 3812 incipiebant
1320 3704 1361 3781 in
1374 3703 1505 3781 media.
1516 3720 1642 3791 nocte,
1660 3703 1730 3780 alia

307 3864 422 3943 super
441 3836 514 3913 hiis
535 3836 629 3912 dixit
647 3831 864 3913 senescire.

364 3968 475 4054 Item,
497 3966 545 4043 ad
570 3991 697 4045 cvu-xi
720 3966 918 4072 respondit
941 3996 981 4046 se
1006 3968 1150 4045 nescire
1171 3967 1276 4073 quod
1298 3965 1475 4072 Magister
1496 3982 1535 4042 et
1556 3963 1617 4040 alii
1637 3964 1728 4072 layci

306 4104 460 4206 possent
484 4094 678 4175 absolvere
702 4097 918 4203 apeccatis,
943 4126 1015 4174 nec
1038 4098 1159 4176 credit
1184 4113 1358 4174 contenta
1380 4096 1422 4173 in
1448 4095 1539 4204 ipsis
1565 4093 1731 4172 articulis

307 4258 387 4309 esse
406 4258 492 4308 vera
511 4227 584 4307 nisi
604 4228 645 4304 in
661 4243 850 4334 quantum
870 4255 983 4333 supra
994 4227 1190 4334 deposuit.

362 4363 473 4452 Item,
495 4360 545 4438 ad
563 4384 722 4437 oxu-xiii
747 4358 945 4464 respondit
973 4384 1107 4435 verum
1130 4357 1338 4466 essequod
1364 4355 1554 4465 quidquid
1572 4383 1731 4463 magnus

307 4492 483 4598 Magister
502 4508 541 4568 et
559 4505 766 4567 conventus
786 4488 985 4567 ordinabat
1004 4489 1220 4568 servabatur
1237 4491 1277 4567 in
1293 4507 1375 4567 toto
1396 4488 1547 4575 ordine,
1570 4504 1610 4564 et
1629 4487 1731 4564 dice-

306 4624 421 4701 batur
439 4623 619 4699 intereos
638 4620 792 4727 quando
813 4618 938 4728 aliqua
959 4635 1136 4729 precepta
1154 4619 1354 4699 veniebant
1372 4619 1475 4727 quod
1498 4617 1675 4726 Magister
1693 4634 1732 4695 et

308 4770 516 4832 conventus
536 4751 695 4829 mitebat
713 4778 757 4828 ea
777 4767 817 4829 et
828 4751 1034 4858 oportebat
1052 4752 1200 4830 servari.

367 4887 479 4975 Item,
506 4883 554 4960 ad
580 4908 771 4962 cruri-xm
791 4878 1047 4991 responditis
1067 4884 1211 4963 nescire
1229 4883 1383 4990 quando
1397 4881 1656 4975 'dictierrores
1673 4880 1732 4956 in·

394 5019 497 5086 esocis
510 5042 563 5086 urs
575 5039 830 5084 nuruum-r.
1562 5019 1602 5099 39
