4080 6052
535 550 611 623 eoo
921 521 1120 617 ruccas
1145 540 1240 612 urs
1265 539 1563 611 retrectans.

536 687 619 772 loco
650 703 688 763 et
713 703 882 791 tempore
910 682 1157 788 competenti,
1184 708 1253 786 per
1280 679 1362 785 ejus
1388 678 1637 756 ministerium
1659 677 1770 784 orius
1796 678 1892 756 fidei
1918 707 1957 757 ac

535 817 647 897 solite
664 813 884 921 benignitati
901 841 964 890 eas
981 811 1270 890 committendas
1290 809 1452 902 decrevi,
1471 809 1576 887 vobis
1594 808 1778 914 legittime
1800 836 1959 916 presen-

538 945 682 1027 tandus.
715 945 815 1039 Quia
843 971 931 1021 vero
961 941 1199 1020 illustrissimi
1229 940 1373 1017 domini
1404 941 1541 1028 nostri,
1567 939 1678 1045 Regis
1707 940 1956 1030 Francorum,

539 1077 663 1184 recepi
697 1075 856 1165 litteras,
881 1074 1102 1151 mandatum
1126 1087 1166 1149 et
1190 1071 1425 1177 precamina,
1452 1070 1684 1148 continentes
1715 1084 1780 1162 ut,
1806 1070 1895 1149 risis
1921 1090 1960 1149 ct

539 1207 715 1314 inspectis
733 1206 811 1283 suis
834 1205 988 1304 litteris,
1015 1203 1119 1281 omni
1145 1202 1327 1280 dilacione
1351 1218 1515 1289 remota,
1541 1199 1703 1278 Parisius
1719 1199 1955 1291 accederent,

539 1367 616 1417 una
634 1336 828 1415 vobiscum
847 1337 887 1413 in
905 1335 1090 1442 premisso
1109 1333 1369 1440 inquisitionis
1390 1332 1546 1439 negocio
1566 1359 1830 1437 processuram,
1849 1333 1909 1435 rel
1928 1334 1957 1411 si

540 1469 669 1574 aliquo
694 1467 967 1573 impedimento
992 1494 1053 1542 me
1076 1465 1308 1572 contingeret
1329 1493 1409 1542 csse
1435 1464 1651 1553 detentum,
1675 1465 1957 1543 excusacionem
1988 1456 1996 1467 ⁸

540 1625 663 1674 meam
683 1615 722 1674 et
740 1596 992 1703 inpotenciam
1011 1594 1116 1672 vobis
1132 1623 1201 1701 per
1219 1620 1322 1672 meas
1340 1611 1509 1701 patentes
1528 1593 1670 1671 litteras
1689 1593 1881 1672 insinuare
1899 1593 1960 1671 de

538 1726 687 1816 berem,
703 1727 810 1834 juxta
825 1726 976 1805 <domini
997 1726 1113 1804 nostri
1131 1727 1242 1833 Regis
1259 1724 1391 1831 prefati
1412 1725 1630 1802 mandatum
1647 1754 1690 1802 ac
1705 1725 1791 1833 jura
1807 1742 1847 1801 et
1868 1752 1961 1829 apo-

540 1858 669 1937 stolice
684 1858 958 1937 commissionis
971 1856 1217 1947 beneficium,
1228 1856 1335 1939 tobis
1348 1854 1500 1934 notifico
1515 1885 1583 1963 per
1595 1873 1791 1962 presentes
1801 1884 1958 1933 maesse

539 1989 766 2094 impeditum
788 2006 826 2067 et
849 1989 1082 2093 inpotentem
1098 1989 1172 2065 hoc
1186 1987 1349 2093 tempori
1367 1987 1416 2064 ad
1432 1987 1662 2064 veniendum
1680 1986 1863 2079 Parisius,
1881 2014 1960 2092 pro

540 2135 625 2223 pter
648 2146 807 2224 persone
832 2146 915 2197 mee
942 2117 1152 2195 molestiam
1176 2135 1216 2195 et
1239 2118 1447 2225 langorem,
1470 2117 1667 2195 etidcirco
1688 2117 1904 2223 paternitati
1925 2133 1959 2191 et

542 2249 793 2327 dominacioni
812 2265 933 2325 vestre
953 2276 998 2325 ex
1017 2248 1138 2327 causis
1154 2249 1361 2354 premissis,
1382 2275 1469 2324 cum
1492 2248 1705 2325 reverencia
1727 2240 1876 2336 debita,
1900 2275 1957 2324 mc

540 2406 677 2461 excuso
696 2379 817 2466 vobis,
834 2378 1031 2457 humiliter
1048 2379 1313 2485 supplicando.
1332 2396 1375 2457 ut
1392 2406 1476 2455 mea
1498 2377 1670 2455 absencia
1688 2407 1768 2456 non
1791 2379 1958 2457 obstante

540 2510 579 2587 in
606 2508 750 2616 prelato
784 2508 1042 2616 inquisicionis
1069 2511 1225 2617 negocio
1260 2509 1493 2616 procedatis,
1519 2510 1626 2617 juxta
1653 2510 1833 2587 traditam
1859 2509 1959 2587 robis

540 2638 711 2719 formam.
738 2640 780 2717 ln
801 2666 967 2747 quorum
990 2640 1163 2716 omnium
1184 2640 1445 2717 testimonium
1469 2639 1634 2745 sigillum
1659 2666 1793 2718 mcum
1810 2668 1959 2717 cereum

542 2769 631 2846 duxi
651 2767 890 2873 presentibus
914 2771 1193 2873 apponendum.
1220 2770 1357 2847 Actum
1385 2787 1422 2846 et
1452 2772 1581 2847 datum
1608 2770 1648 2845 in
1674 2772 1805 2848 Monte
1826 2771 1959 2847 Pessu-

541 2896 650 2981 lano‚
683 2923 722 2975 tlt
747 2897 808 2975 die
832 2897 972 2974 mensis
993 2899 1233 2986 Decembris,
1266 2929 1364 2978 anno
1391 2901 1542 2978 Domini
1572 2899 1776 2979 millesimo
1799 2912 1877 2977 ooc⁰
1907 2914 1957 2986 1⁰,

541 3023 780 3129 pontificatus
797 3026 1013 3102 sanctissimi
1034 3029 1165 3133 patris,
1188 3030 1332 3107 domini
1353 3030 1560 3108 Clementis
1576 3031 1676 3135 Pape
1699 3030 1841 3139 quinti,
1861 3057 1959 3107 anno

542 3169 687 3259 quanto.

598 3283 689 3362 Acta
712 3284 866 3363 luerunt
887 3287 958 3362 hec
984 3315 1098 3380 anno,
1123 3291 1184 3369 die
1205 3309 1244 3369 et
1266 3290 1350 3368 loco
1372 3292 1569 3396 predictis,
1590 3292 1829 3398 presentibus
1853 3320 1961 3368 vene

542 3415 650 3497 rabili
680 3417 758 3494 viro
787 3418 963 3524 magistro
990 3418 1127 3498 amilio
1161 3424 1209 3500 de
1241 3421 1471 3510 Aurelianis,
1503 3424 1761 3500 archidiacono
1791 3421 1961 3498 Aurelia-

542 3547 664 3633 nemi,
680 3565 718 3625 et
729 3576 791 3624 me
802 3548 1053 3626 Floriamonte
1067 3552 1267 3629 Dondedei
1279 3554 1327 3629 de
1337 3554 1507 3645 Mantua,
1525 3573 1562 3631 et
1570 3552 1750 3659 magistris
1764 3553 1961 3628 Bernardo

543 3676 690 3764 lilioli,
717 3677 923 3758 Guillelmo
957 3681 1169 3788 astulphi,
1200 3685 1357 3791 Hugone
1389 3684 1528 3761 Nicolai
1560 3704 1597 3762 at
1623 3680 1812 3762 bernardo
1840 3683 1962 3759 llum-

542 3808 644 3887 baldi
666 3811 818 3887 notariis
836 3828 874 3886 et
892 3810 1162 3890 tabellionibus
1185 3813 1454 3921 suprascriptis.

599 4071 688 4148 Post
706 4071 777 4148 bec
796 4071 836 4146 in
854 4071 1072 4158 crastinum,
1090 4072 1263 4150 videlicet
1282 4073 1344 4150 die
1365 4089 1467 4151 ιιιιιιιι
1483 4076 1641 4180 predicti
1659 4076 1800 4152 mensis
1813 4075 1960 4152 Deccm-

543 4198 636 4287 bris,
657 4218 914 4281 convenerant
929 4202 967 4277 in
982 4202 1149 4306 predicta
1169 4202 1284 4281 domo
1304 4203 1448 4281 abbatis
1467 4206 1515 4282 de
1534 4206 1688 4283 Fiscano
1705 4205 1960 4294 domini,com

542 4329 701 4408 misterii
719 4331 919 4421 antedicti,
942 4348 979 4406 et
1002 4328 1074 4407 fuit
1094 4332 1279 4412 adductus
1299 4333 1346 4409 ad
1365 4335 1596 4439 presenciam
1619 4335 1833 4412 eorundem
1853 4334 1960 4412 irater

541 4461 732 4539 lohannes
752 4462 799 4538 de
820 4463 958 4552 Thera,
975 4461 1168 4567 predictus
1184 4463 1289 4541 testis
1308 4493 1418 4570 supra
1432 4466 1599 4572 juratus,
1622 4483 1666 4542 ut
1686 4468 1897 4571 deponeret
1915 4465 1960 4542 di-

542 4608 645 4669 ctum
665 4573 790 4671 suum.
811 4593 1029 4698 Requisitus
1051 4611 1136 4673 ante
1162 4595 1309 4686 omnia,
1331 4625 1418 4671 cum
1443 4625 1520 4673 non
1547 4613 1714 4702 portaret
1735 4597 1957 4675 mantellum

542 4720 867 4824 Templariorum,
885 4722 925 4799 'si
953 4722 1074 4800 luerat
1102 4723 1150 4800 de
1180 4725 1314 4802 ordine
1337 4725 1508 4831 Templi,
1540 4727 1735 4832 respondit
1762 4726 1870 4834 quod
1890 4726 1956 4815 sic,

542 4849 720 4927 undecim
739 4851 845 4929 aunis
866 4850 925 4928 vel
946 4854 1040 4929 circa
1060 4870 1144 4932 ante
1165 4856 1379 4960 capcionem
1403 4856 1717 4962 Templariorum.
1739 4855 1957 4935 Mantellum
