4080 6052
477 555 675 650 raeces
700 570 794 644 nas
819 570 1119 645 reuertens.
1431 573 1504 683 ⁵7⁵

92 717 140 794 de
172 718 280 793 Serra
310 717 550 808 servientem,
577 713 774 793 Trecensis
798 711 975 802 diocesis,
1000 711 1048 787 de
1071 711 1179 817 cujus
1202 711 1274 787 vita
1300 711 1360 788 vel
1386 733 1507 792 morte

91 874 167 924 nou
184 843 299 923 babet
310 846 595 934 certitudinem,
610 872 679 952 per
691 844 788 920 duos
802 868 953 919 meuses
967 857 1053 918 ante
1069 840 1284 946 capcionem
1303 856 1451 934 eorum,
1468 846 1508 921 in

89 977 253 1082 quaedam
280 1002 426 1054 camera
451 978 588 1055 domus
614 971 766 1081 Templi
800 972 848 1049 de
874 971 983 1049 Sanci
1015 971 1211 1048 Trecensis
1237 970 1411 1064 diocesis,
1441 1004 1508 1081 per
1622 954 1627 963 ¹

89 1105 243 1184 fratrem
261 1106 504 1212 badulpbum
524 1107 572 1185 de
593 1104 673 1185 Gisi
691 1120 785 1181 tunc
798 1118 1032 1208 receptorem
1056 1101 1275 1206 Campanie,
1293 1119 1429 1180 testem
1449 1133 1509 1182 su-

87 1262 157 1339 pra
186 1236 457 1327 examinatum,
487 1235 727 1344 presentibus
753 1232 932 1312 fratribus
957 1230 1158 1336 Radulpho
1183 1232 1229 1307 de
1257 1230 1443 1311 salicibus
1471 1254 1510 1312 et

91 1358 304 1443 Christiano
316 1366 364 1442 de
377 1367 531 1474 Biceyo,
546 1384 642 1444 teste
655 1364 879 1450 examinato,
890 1361 1090 1439 etNicolao
1106 1360 1155 1437 de
1170 1361 1317 1451 Trecis‚
1334 1365 1388 1440 eri
1406 1394 1510 1444 exau·

90 1494 189 1583 dito,
216 1496 422 1602 Baudoyno
439 1498 501 1572 ·de
526 1495 604 1575 Gisi
631 1513 670 1574 et
695 1494 888 1599 Stephano
913 1493 962 1569 de
989 1492 1098 1569 Sanci
1125 1492 1384 1571 servientibus.
1406 1495 1510 1573 Vidit

90 1624 206 1700 eciam
227 1623 341 1730 recipi
361 1653 429 1731 per
448 1626 612 1703 eundem
633 1624 786 1702 fratrem
806 1620 1066 1726 Radulphum,
1093 1619 1133 1696 in
1153 1620 1289 1698 eodem
1309 1651 1410 1703 anno
1430 1655 1508 1732 quo

90 1754 184 1859 capti
200 1753 370 1846 filerunt,
390 1773 476 1832 ante
497 1755 759 1862 recepcionem
780 1750 1064 1858 precedentem,
1086 1748 1239 1826 fratrem
1258 1752 1439 1830 Jacobum
1461 1756 1520 1832 de'

91 1884 201 1960 Sanci
225 1880 448 1960 seruientem
473 1884 685 1989 quondam,
705 1906 821 1988 quem
841 1879 985 1956 audivit
1004 1877 1242 1955 combustum
1270 1880 1384 1959 fuisse
1410 1882 1516 1960 Pari-'

90 2013 183 2102 sius,
210 2038 296 2088 cum
324 2012 406 2088 aliis
434 2012 673 2118 Templariis,
703 2012 743 2087 in
770 2008 911 2116 capella
941 2007 1079 2086 domus
1112 2008 1263 2115 Templi
1293 2012 1507 2103 Trecensis,

91 2142 328 2247 presentibus
353 2141 533 2220 omnibus
558 2141 781 2248 supradictis
810 2139 992 2217 fratribus
1014 2138 1079 2246 qui
1109 2137 1358 2218 interfuerant
1380 2171 1510 2250 recep-

91 2401 244 2477 fratrem
267 2399 521 2479 Guillelmum
546 2402 594 2497 de
618 2399 785 2479 Gonessa
811 2398 1029 2480 Parisiensis
1057 2397 1233 2487 diocesis,
1264 2402 1506 2495 seruientem,

91 2530 157 2635 qui
180 2529 252 2607 fuit
270 2529 406 2608 missus
425 2548 517 2608 ωηο
536 2530 635 2621 ultra
656 2558 778 2621 mare,
797 2556 867 2638 per
887 2528 1040 2607 barrem
1060 2529 1271 2608 Gerardum
1291 2532 1341 2609 de
1361 2532 1510 2611 Villari-

89 2660 163 2736 bus
183 2659 361 2751 militem,
386 2678 479 2739 tunc
505 2674 764 2768 preceptorem
783 2660 954 2747 Francie,
977 2660 1075 2736 circa
1094 2660 1238 2738 instans
1257 2658 1394 2739 festum
1414 2664 1509 2741 nati-

90 2789 212 2865 vitatis
237 2789 337 2866 beati
359 2791 513 2875 loannis
534 2791 697 2897 baptiste
729 2807 844 2869 erunt
867 2807 1012 2897 septem
1039 2790 1127 2866 anni
1153 2790 1213 2866 vel
1236 2793 1347 2883 circa,
1378 2793 1419 2869 in
1451 2822 1510 2870 ca-

89 2917 190 3024 pella
215 2920 352 2996 domus
371 2919 522 3025 Templi
552 2920 600 2998 de
625 2919 842 2998 Latinbiaco
863 2920 969 2999 Sicco
996 2918 1201 2998 Meldeusis
1224 2922 1398 3014 diocesis,
1424 2952 1510 3029 pre—

91 3047 260 3126 sentibus
291 3048 466 3127 fratribus
490 3049 650 3127 Daniele
687 3050 736 3129 de
767 3050 927 3128 Parisios
961 3049 1198 3157 presbytero,
1230 3052 1429 3159 Radulpho
1462 3055 1509 3132 de

92 3181 251 3257 Taverni
280 3198 372 3257 tunc
402 3198 622 3288 preceptore
652 3182 752 3259 dicte
776 3182 929 3270 domus,
955 3198 994 3258 et
1018 3180 1229 3259 Humberto
1260 3164 1313 3260 de¹
1339 3182 1508 3292 Gayneio

91 3309 322 3397 Belvacensis
342 3309 517 3402 diocesis,
534 3339 631 3417 quos
653 3312 774 3389 credit
792 3311 934 3398 vivere,
959 3311 1001 3387 in
1022 3336 1187 3418 quorum
1207 3315 1506 3419 receptionibus,

90 3439 148 3515 vel
170 3457 271 3545 post,
293 3439 410 3517 nichil
425 3439 519 3535 vidit
539 3467 609 3517 nec
632 3441 738 3518 scivit
759 3441 842 3520 lieri
865 3439 1054 3518 illicitum.
1081 3444 1164 3546 lpse
1185 3458 1311 3520 autem
1337 3466 1509 3551 receptus

89 3570 211 3647 fuerat
236 3569 276 3645 in
303 3568 443 3675 capella
466 3571 603 3648 domus
620 3570 772 3677 Templi
795 3571 843 3648 de
864 3571 986 3647 Clicbi
1008 3569 1223 3647 Parisiensis
1247 3572 1420 3666 diocesis,
1442 3604 1511 3682 per

91 3703 241 3778 fratrem
268 3702 467 3806 Hugonem
489 3700 539 3776 de
558 3700 773 3789 Pennando,
795 3699 835 3774 in
858 3698 954 3775 festo
973 3699 1238 3779 Contentionis
1261 3704 1376 3781 sancti
1404 3706 1508 3783 Pauli

91 3835 262 3939 proximo
289 3835 470 3940 preterito
498 3832 654 3909 luerunt
682 3857 731 3912 vn
755 3831 864 3922 anni,
890 3829 1129 3937 presentibus
1147 3833 1324 3913 fratribus
1337 3838 1509 3915 lohanne

91 3963 140 4041 de
165 3966 412 4040 Turno‘tunc
437 3960 670 4039 thesaurario
698 3959 849 4069 Templi
881 3960 1116 4049 Parisiensis,
1146 3961 1266 4040 Adam
1291 3965 1339 4043 de
1365 3967 1508 4045 Cercei-

92 4094 258 4171 listune
283 4107 504 4199 preceptore
525 4091 676 4198 Templi
703 4092 752 4168 de
772 4091 991 4170 Lathiniaoo
1010 4117 1125 4198 super
1148 4090 1371 4187 Maternum,
1394 4124 1507 4174 avun—

91 4223 177 4301 culo
210 4223 326 4330 ipsius
358 4223 486 4316 testis,
525 4221 743 4310 deffirnctis,
776 4240 815 4300 et
843 4223 1014 4300 lohanne
1045 4221 1095 4298 de
1126 4222 1312 4337 Menpvile
1350 4228 1506 4307 custode

91 4372 181 4431 tunc
196 4354 295 4430 dicte
323 4355 462 4466 domus
482 4340 530 4462 de
548 4352 688 4445 Clicbi,
710 4352 974 4442 servientibus,
993 4370 1031 4430 et
1046 4353 1218 4431 lobanne
1240 4356 1381 4435 Bocelli
1406 4386 1507 4464 pres-

90 4485 241 4590 bytero,
267 4483 460 4590 capellano
483 4484 573 4562 dicti
587 4484 827 4576 thesaurarii,
842 4500 883 4561 et
896 4483 1050 4562 duobus
1066 4483 1149 4560 aliis
1166 4510 1332 4591 quoram
1353 4489 1507 4566 nomina

90 4629 129 4689 et
148 4614 369 4721 cognomina
384 4615 547 4724 ignorat,
567 4614 608 4691 in
627 4615 731 4693 bunc
752 4605 932 4694 modum:
948 4643 1036 4693 nam
1051 4615 1290 4694 instructura
1305 4617 1406 4697 dicto
1425 4620 1509 4696 the-

90 4742 275 4834 saurario,
301 4744 416 4853 peciit
436 4742 578 4852 junctis
600 4745 776 4824 menibus
806 4762 845 4824 et
871 4745 975 4824 flexis
998 4744 1159 4855 genibus
1183 4746 1323 4856 absque
1353 4752 1506 4857 capucio

90 4874 162 4951 sibi
186 4875 341 4952 concedi
361 4902 489 4952 amore
514 4875 585 4953 Dei
608 4900 748 4981 panem
769 4892 808 4952 et
827 4902 981 4985 aquam,
1006 4875 1224 4965 societatem
1245 4893 1282 4956 et
1301 4908 1503 4987 pauperem
