4080 6052
318 537 391 609 seo
703 511 899 606 rnochs
924 526 1019 600 nns
1046 504 1347 601 rsurmnns

316 673 405 751 alias
420 672 557 749 tradita
574 671 673 749 dicta
690 671 860 761 cordula,
883 670 951 748 sed
967 667 1102 747 hebuit
1117 694 1202 745 earn
1221 666 1420 774 aquadam
1440 692 1570 744 sorore
1591 696 1680 760 sua,
1702 690 1746 750 ut

278 867 281 873 .
316 802 425 893 dixit,
440 819 478 879 et
497 830 581 880 eam
599 803 759 909 portavit
777 829 846 908 per
859 800 1032 877 triduum
1049 814 1215 890 tantum,
1232 814 1276 875 ut
1295 797 1398 874 dixit.

371 936 481 1020 Item,
504 932 552 1008 ad
571 958 713 1011 cnr-nn
732 931 929 1037 respondit
948 955 987 1007 se
1007 930 1152 1035 nescire
1169 928 1331 1036 qualiter
1350 926 1412 1006 alii
1431 926 1566 1006 fratres
1585 930 1625 1006 in
1641 931 1743 1012 dicto

315 1064 448 1141 ordine
467 1062 758 1169 recipiebantur,
774 1061 843 1140 sed
858 1059 979 1138 credit
992 1059 1098 1165 quod
1116 1060 1376 1167 reciperentur
1388 1059 1484 1136 sicut
1497 1059 1580 1164 ipse
1600 1058 1743 1139 suitrc-

314 1211 454 1300 ceptus.
702 1182 705 1189 ’
1129 1282 1133 1293 ,

370 1315 481 1417 Item,
504 1324 553 1402 ad
572 1349 706 1404 cxv-vu
733 1323 930 1429 respondit
947 1348 992 1398 se
1019 1321 1137 1399 nichil
1156 1321 1266 1408 scire,
1288 1320 1409 1398 credit
1428 1338 1557 1397 tamen
1580 1324 1740 1429 quodsi

314 1457 394 1560 ipse
418 1454 497 1530 non
523 1451 672 1530 fecisset
697 1452 761 1530 illa
785 1480 860 1558 que
883 1451 1039 1530 luerunt
1062 1452 1230 1558 injuncta
1251 1448 1322 1528 sibi
1348 1452 1388 1527 in
1410 1452 1638 1558 recepcione
1656 1482 1737 1546 sna,

196 1566 199 1571 ⁷
314 1583 420 1688 quod
439 1582 571 1660 luisset
586 1583 854 1671 incarceratus,
877 1598 916 1659 et
935 1582 1040 1689 quod
1058 1582 1162 1659 idem
1181 1580 1313 1659 luisset
1330 1579 1469 1658 lactum
1490 1580 1540 1661 de
1558 1583 1650 1661 aliis.

371 1716 482 1801 Item,
503 1713 553 1790 ad
572 1738 793 1793 truncam
811 1711 989 1790 articulos
1012 1711 1209 1819 respondit
1231 1739 1301 1818 per
1324 1730 1596 1791 sacramentum
1619 1713 1737 1793 fuisse

314 1843 390 1920 sibi·
401 1844 622 1950 impositum
642 1843 747 1950 quod
765 1865 843 1921 non
861 1842 1059 1919 revelleret
1076 1842 1236 1920 modum
1255 1843 1485 1949 receptionis
1501 1870 1580 1921 suc.
1598 1844 1647 1921 Et
1662 1843 1737 1923 fuit

313 1974 385 2051 sibi
403 1975 673 2052 comminatum
688 1974 793 2080 quod
812 1974 1116 2064 incarceraretur,
1132 1973 1164 2051 si
1180 1973 1377 2052 revelleret
1392 1974 1452 2052 vel
1468 1975 1499 2052 si
1516 1975 1738 2082 loqueretur

312 2119 427 2212 super
444 2107 518 2184 hoc
537 2107 635 2194 aliis,
657 2122 696 2182 et
714 2106 821 2182 idem·
840 2104 962 2182 credit
977 2106 1085 2210 quod
1099 2121 1310 2183 servaretur
1327 2107 1368 2182 in
1388 2106 1470 2184 aliis
1488 2105 1671 2188 fratribus
1687 2138 1737 2188 on

313 2236 413 2312 dinis
427 2236 637 2314 memorati.

368 2361 481 2458 Item,
509 2366 558 2445 ad
584 2392 694 2446 amn
722 2365 923 2445 articulum
947 2365 1144 2472 respondit
1162 2392 1202 2444 se
1222 2367 1375 2445 credere
1399 2369 1507 2474 quod
1525 2398 1605 2449 non
1623 2373 1734 2450 aude-

311 2492 589 2577 rent‘c'onl'rteri
604 2486 681 2573 'nisi
700 2495 879 2574 fratribus
898 2495 1118 2601 presbiteris
1143 2495 1315 2602 ejusdem
1332 2497 1493 2591 ordinis,
1513 2528 1595 2579 non
1610 2519 1734 2581 tamen

311 2626 383 2706 suit
401 2628 626 2714 inhibitum,
648 2642 692 2702 ut
709 2626 813 2702 dixit.
1329 2610 1334 2620 '

344 2759 478 2857 item,
495 2757 544 2833 ad
565 2781 742 2837 uniri-vt
763 2754 959 2859 respondit
984 2782 1024 2832 se
1044 2756 1198 2834 credere
1217 2775 1391 2835 contenta
1407 2760 1448 2836 in
1464 2761 1556 2866 ipsis
1568 2763 1731 2840 articulis

310 2915 397 2964 vera
414 2916 506 2966 esse.

367 3018 480 3105 Item,
496 3018 544 3093 ad
562 3044 683 3097 nxxvn
700 3035 737 3094 et
756 3019 849 3096 alios
868 3035 1069 3126 sequentes
1085 3048 1207 3128 usque
1227 3021 1406 3113 adactu,
1427 3023 1519 3100 item
1535 3024 1640 3131 quod
1656 3026 1731 3103 ele·

311 3146 473 3236 mosine,
487 3163 570 3239 etc,
581 3148 777 3253 respondit
789 3175 828 3225 se
845 3150 988 3227 nescire
1002 3149 1075 3228 nisi
1090 3153 1198 3257 quod·
1211 3180 1322 3258 supra
1335 3154 1515 3259 deposuit
1526 3153 1575 3232 de
1588 3183 1628 3232 se
1638 3156 1727 3263 ipso.

366 3277 477 3367 ltem,
500 3278 548 3354 ad
569 3304 665 3357 xcvn
683 3279 880 3385 respondit
903 3282 1008 3386 quod
1029 3281 1251 3359 ellemosine
1274 3310 1352 3361 non
1373 3283 1523 3362 fiebant
1546 3285 1587 3360 in
1613 3287 1732 3362 domi-

309 3408 381 3506 bus
401 3384 449 3485 de
468 3409 578 3485 Buris
598 3426 636 3487 et
660 3411 707 3487 de
732 3410 948 3489 Fontanetis
974 3413 1221 3519 Lingonensis
1241 3415 1414 3505 diocesis,
1436 3417 1475 3491 in
1500 3415 1640 3520 quibus
1658 3415 1730 3492 luit

308 3556 491 3632 moratus,
509 3568 587 3618 non
601 3539 845 3633 sufficienter,
862 3542 1102 3621 advenientes
1116 3561 1243 3622 tamen
1257 3545 1356 3623 bene
1373 3543 1647 3649 accipiebantur
1663 3545 1730 3622 ibi-

309 3670 397 3747 dem
427 3672 636 3747 secundum
661 3670 766 3778 quod
791 3673 1072 3752 ministrabatur
1096 3676 1151 3753 eis
1179 3675 1467 3755 subtrahebatur
1489 3673 1670 3754 iratribus
1688 3679 1727 3754 in

307 3802 398 3880 locis
418 3802 738 3880 commorantibus
757 3806 985 3883 memoratis.

362 3935 473 4020 ltem,
499 3935 547 4010 ad
573 3959 722 4011 suun-c
743 3937 939 4042 respondit
964 3964 1003 4013 se
1024 3938 1141 4015 nichil
1161 3940 1255 4018 scire
1274 3942 1345 4017 nisi
1368 3942 1473 4047 quod
1494 3941 1528 4017 ei
1553 3940 1627 4019 fuit
1645 3971 1727 4049 pre-

306 4081 457 4168 ceptum
477 4066 581 4172 quod
600 4083 763 4142 servaret
774 4065 863 4173 jura
881 4068 1035 4145 ordinis.

362 4195 473 4284 Item,
495 4197 543 4273 ad
564 4224 652 4275 cr-vt
673 4196 865 4286 articulos,
888 4200 936 4277 de
961 4199 1328 4294 clamdestinacione,
1351 4203 1547 4310 respondit
1567 4232 1608 4282 se
1626 4205 1727 4282 audi-

304 4323 399 4401 visse
424 4328 495 4404 dici
515 4330 620 4434 quod
640 4328 735 4404 clam
761 4329 808 4406 de
833 4347 959 4420 nocte,
981 4330 1118 4409 clausis
1141 4334 1269 4439 januis
1294 4351 1332 4411 et
1351 4336 1507 4414 custode
1528 4336 1568 4411 in
1597 4336 1726 4414 ultima

304 4472 407 4557 parte
426 4432 566 4561 posito,
589 4457 747 4535 exclusis
768 4460 945 4539 omnibus
959 4462 1025 4567 qui
1049 4481 1253 4539 nouerant
1273 4466 1320 4542 de
1341 4467 1492 4554 ordine,
1514 4464 1616 4544 dicta
1632 4466 1726 4572 capi-

304 4583 380 4659 tula
399 4587 626 4664 tenebantur
644 4589 817 4668 Parisius.

322 4780 329 4793 .
359 4712 470 4800 Item,
491 4715 538 4791 ad
552 4742 702 4796 crit-cru
722 4722 918 4827 respondit
936 4749 976 4799 se
991 4722 1109 4801 nichil
1128 4723 1239 4814 scire,
1256 4751 1326 4802 nec
1345 4725 1532 4804 audivisse
1547 4727 1639 4813 dici,
1655 4751 1719 4800 nec
1803 4738 1805 4741 ’

303 4842 457 4922 credere
478 4864 653 4925 contenta
668 4850 707 4925 in
725 4852 814 4957 ipsis
834 4852 1000 4930 articulis
1019 4880 1100 4931 esse
1115 4880 1212 4930 vera.
1290 4878 1293 4883 ·
