4080 6052
690 527 884 620 nnocns
909 546 1331 620 nustrunrnmns.
1669 536 1725 640 75ss

306 690 475 768 videlicet
494 686 626 765 frenes
652 685 892 793 Raymondus
914 685 1110 764 Guillelmi
1134 687 1242 765 miles
1261 689 1538 782 Convenarum,
1561 689 1720 769 Guillel-

306 848 389 899 mus
404 818 452 896 de
472 818 629 898 Caramo
648 815 759 894 miles
772 815 1023 906 Cemmenus,
1045 817 1256 894 bernardus
1276 816 1324 894 de
1343 816 1489 894 Bevella
1503 820 1721 897 Ruthenen-

305 950 515 1039 sis,Petrus
527 946 574 1024 de
585 945 752 1025 Malhaco
765 945 993 1038 Tholosane,
1008 948 1140 1023 Petrus
1151 947 1311 1053 Pagessii
1323 947 1599 1040 Convenarum,
1612 950 1721 1056 Hugo
1798 1029 1800 1033 ,

305 1079 418 1159 Golsa
444 1078 647 1166 Albiensis,
670 1093 707 1154 et
732 1077 947 1154 Bernardus
970 1076 1018 1154 de
1042 1077 1146 1158 Vado
1169 1078 1363 1185 presbyter
1386 1077 1572 1158 Albiensis
1597 1080 1723 1156 dioce-

306 1212 417 1289 sium.
439 1210 516 1304 Qui
541 1206 777 1315 singulariter
801 1224 840 1284 et
858 1208 1056 1313 separatim
1076 1209 1308 1316 interrogati,
1324 1210 1363 1285 -si
1387 1209 1561 1287 volebant
1578 1211 1721 1290 dictum
1790 1275 1792 1279 ,

308 1340 481 1416 ordinem
497 1338 714 1429 defendere,
731 1336 905 1414 dixerunt
925 1355 963 1415 et
975 1336 1253 1444 responderunt
1265 1338 1371 1444 quod
1383 1339 1448 1417 sic.
1465 1336 1512 1416 Et
1530 1341 1724 1445 pecierunt

308 1468 560 1548 ecclesiastica·
575 1485 804 1546 sacramenta
833 1484 871 1545 et
898 1467 1162 1545 allevacionem
1176 1494 1394 1559 ,carcerum
1423 1486 1460 1546 et
1483 1469 1577 1546 dixit
1603 1471 1724 1547 dictus

306 1598 517 1676 Beruardus
537 1599 585 1677 de
604 1598 708 1678 Vado
728 1597 833 1705 quod
850 1598 891 1674 in
912 1616 1060 1676 tantum
1078 1615 1200 1677 tortus
1217 1615 1255 1676 et
1272 1598 1530 1704 questionams
1547 1597 1669 1675 fiterat
1688 1614 1726 1673 et

305 1730 448 1808 tamdiu
476 1747 604 1807 tentus
627 1730 676 1807 ad
695 1730 821 1837 ignem
838 1730 946 1836 quod
964 1757 1092 1808 carnes
1109 1731 1273 1808 talorum
1290 1757 1448 1807 suorum
1467 1729 1662 1806 combuste
1688 1745 1726 1804 et

307 1885 387 1936 ossa
409 1860 572 1938 talorum
588 1859 684 1936 infra
696 1887 836 1965 paucos
851 1859 932 1936 dies
947 1859 1162 1938 ceciderunt
1175 1861 1317 1951 eidem,
1336 1859 1537 1938 ostendens
1551 1860 1629 1937 duo
1645 1868 1725 1937 oss'a

305 1966 381 2092 que
400 1989 549 2068 dicebat
568 1990 632 2066 illa
650 2017 733 2066 esse
745 2017 821 2096 que
841 1989 1050 2067 ceciderant
1063 1988 1111 2067 de
1133 1988 1228 2068 talis.
1380 2044 1382 2049 .

364 2119 472 2208 Item,
495 2118 640 2196 eisdem
664 2119 727 2196 die
750 2135 787 2196 et
805 2118 890 2196 loco
911 2118 1066 2197 fuerunt
1085 2119 1236 2197 adducti
1259 2147 1385 2196 coram
1403 2118 1545 2196 eisdem
1564 2119 1727 2195 dominis

308 2246 572 2323 commissoriis
594 2247 766 2351 (excepto
788 2247 945 2325 domino
969 2250 1229 2327 archidiacono
1255 2246 1522 2356 Magalonensi,
1546 2250 1613 2354 qui
1629 2250 1725 2355 jam,

307 2374 435 2480 quoad
457 2402 500 2451 ea
521 2402 596 2480 que
616 2374 715 2450 dicta
733 2374 795 2451 die
818 2375 1007 2452 restabant
1025 2378 1181 2481 agenda,
1203 2405 1243 2452 se
1263 2378 1465 2479 excusavit)
1490 2376 1621 2453 fratres
1641 2378 1730 2453 sub

307 2506 451 2610 scripti,
471 2506 538 2609 qui
554 2503 705 2581 adducti
720 2502 835 2582 fnisse
853 2503 1075 2581 dicebantur
1092 2505 1139 2581 de
1150 2505 1317 2594 Pictavia,
1330 2505 1504 2590 videlicet
1517 2505 1647 2581 fratres
1661 2507 1731 2581 Ite—

308 2636 387 2711 rius
400 2633 446 2710 de
459 2633 716 2710 Lombihacho
725 2632 834 2710 miles
846 2632 1135 2722 Lemovicensis‚
1150 2634 1282 2710 Petrus
1293 2633 1340 2709 de
1354 2631 1509 2710 Lonihis
1519 2635 1727 2720 Remensis,

309 2763 536 2843 Guillelmus
551 2762 599 2840 de
614 2763 771 2840 Sameto
785 2762 1077 2854 Lemovicensis‚
1098 2760 1223 2839 Helias
1234 2759 1419 2868 Aymerici
1440 2763 1728 2855 Lemovicensis‚

309 2893 483 2972 Galterus
507 2890 554 2968 de
579 2891 720 2968 Pincon
744 2891 1039 2982 Cameracensis,-
1054 2889 1272 2997 Aymericus
1295 2889 1402 2967 Boeti
1421 2891 1728 2998 Engolismensis,

310 3023 538 3102 Guillelmus
551 3021 691 3128 Vigerii
703 3020 1016 3126 Eugolismensis,
1039 3021 1211 3099 Matheus
1226 3019 1274 3096 de
1289 3018 1418 3098 Alveto
1437 3022 1728 3112 Cameracensis,

310 3154 443 3229 Petrus
463 3151 510 3228 de
530 3152 637 3254 Rupe
656 3150 904 3242 Turonensis,
925 3150 1096 3229 Matheus
1116 3150 1163 3226 de
1184 3151 1323 3258 Stagno
1337 3151 1586 3242 Turonensis,
1607 3153 1731 3228 Helias

312 3282 359 3358 de
380 3280 607 3360 Chalhistrat
628 3279 821 3386 presbyter
841 3297 990 3357 curatus
1011 3280 1162 3357 ecclesie
1181 3280 1228 3356 de
1244 3280 1423 3358 Relhatus
1437 3283 1728 3370 Lemovicensis‚

310 3410 538 3490 Guillelmus
556 3409 694 3487 Barbot
713 3409 950 3504 Pictavensis,
967 3410 1184 3519 baynardus
1198 3410 1246 3487 de
1261 3410 1402 3489 Bondis
1415 3412 1630 3489 Parisiensis
1651 3410 1732 3487 dio-

311 3543 464 3619 cesium.
485 3540 560 3634 Qui
581 3540 818 3647 singulariter
834 3557 871 3618 et
890 3541 1087 3646 separatim
1105 3541 1337 3648 interrogati,
1354 3542 1386 3617 si
1400 3542 1574 3619 volebant
1588 3542 1729 3619 dictum

311 3672 485 3749 ordinem
505 3669 740 3758 deffendere,
759 3670 937 3748 dixerunt
955 3688 993 3748 et
1010 3668 1287 3776 responderunt
1303 3671 1409 3777 quod
1428 3671 1491 3748 sic.

368 3804 479 3887 Item,
498 3798 610 3875 frater
627 3800 859 3878 Hnmbertus
873 3801 921 3879 de
937 3799 1070 3878 Reffiet
1083 3800 1304 3878 Pictavensis
1319 3798 1492 3891 diocesis,
1511 3804 1577 3908 qui
1597 3800 1730 3877 eodem

314 3928 430 4004 modo
450 3928 712 4032 interrogatus,
733 3930 928 4035 respondit
947 3931 1052 4038 quod
1064 3957 1207 4036 pauper
1220 3930 1337 4007 homo
1353 3950 1409 4008 est
1421 3949 1461 4007 et
1473 3957 1551 4007 non
1571 3929 1732 4006 intendit

314 4055 517 4134 defendere
538 4055 681 4131 dictum
701 4058 890 4151 ordinem,
912 4061 979 4137 sed
998 4060 1154 4136 habebit
1177 4077 1299 4135 ratum
1314 4059 1411 4135 illud
1432 4058 1536 4163 quod
1561 4058 1733 4166 Magister

313 4187 458 4271 ordinis
486 4184 608 4262 faciet.
1237 4214 1239 4220 ’
1316 4214 1323 4220 ·

370 4319 479 4404 Item,
505 4331 543 4392 et
567 4313 629 4392 alii
649 4313 781 4396 fratres
798 4316 999 4423 subscripti
1025 4343 1111 4394 cum
1133 4315 1216 4393 aliis
1235 4315 1413 4423 predictis
1432 4315 1479 4394 de
1502 4317 1673 4410 Pictavia,
1690 4336 1733 4395 ut
1850 4405 1855 4409 ⁸

317 4447 521 4536 dicebatur,
538 4445 700 4523 adducti.
719 4448 794 4540 Qui
814 4448 1054 4556 singulariter
1070 4464 1106 4524 et
1125 4448 1321 4554 separatim
1341 4449 1572 4555 interrogati,
1590 4450 1621 4526 si
1635 4450 1734 4525 vole-

314 4578 407 4654 bant
431 4574 572 4653 dictum
588 4574 761 4654 ordinem
777 4576 996 4670 defendere,
1017 4578 1295 4684 responderunt
1312 4595 1357 4656 ut
1375 4579 1556 4685 sequitur.

371 4706 500 4784 Frater
520 4705 759 4790 Audebertus
775 4706 822 4785 de
834 4709 948 4787 Porta
965 4708 1187 4786 Pictavensis
1211 4707 1368 4787 diocesis
1387 4708 1513 4815 querit
1534 4710 1732 4786 consilium

317 4837 498 4944 Magistri,
521 4839 592 4915 sub
611 4837 718 4944 cujus
737 4838 956 4916 obediencia
976 4856 1041 4916 est.
