4080 6052
548 533 743 627 esoces
769 551 865 625 nas
891 552 1195 626 rauemaas.
1560 560 1582 630 s

161 691 252 768 latui
282 688 427 766 deferre
453 708 492 767 et
514 711 729 798 presentare
750 711 940 785 curarent,
971 694 1114 772 eisdem
1135 692 1312 799 Magistro
1333 712 1372 769 et
1389 715 1584 805 precepto-

159 821 264 898 ribus
279 818 532 900 absolucionis
548 824 778 900 beneficium
793 854 814 900 a
830 825 1018 901 sentencia
1034 824 1452 916 excommunicacionis,
1470 857 1584 932 quam

157 978 226 1056 pro
248 952 456 1056 premissis,
485 953 516 1029 si
535 984 621 1031 vera
642 971 765 1042 erant,
787 954 1044 1041 incurrerent,
1071 953 1103 1030 si
1128 952 1410 1033 absolucionem
1429 957 1584 1038 humili-

155 1098 214 1158 ter
227 1110 268 1159 ac
278 1081 410 1160 devote
423 1101 606 1190 peterent,
623 1102 668 1160 ut
683 1082 882 1174 debebant,
891 1083 998 1190 juxta
1011 1082 1172 1159 formam
1183 1086 1351 1176 ecclesie,
1362 1085 1581 1191 impensuri.

157 1210 234 1304 Qui
254 1212 460 1291 cardinales
479 1215 528 1291 ad
542 1216 642 1320 ipsos
657 1213 878 1319 Magistrum
904 1229 942 1289 et
958 1230 1197 1318 preceptores
1216 1214 1462 1319 personaliter
1482 1245 1584 1295 acee-

157 1338 289 1419 dentes
314 1345 368 1420 eis
387 1344 446 1421 sui
466 1345 647 1421 adventus
677 1372 826 1420 causam
854 1360 1123 1448 exposuerunt,
1146 1360 1185 1418 et
1203 1344 1383 1449 quoniam
1402 1362 1479 1422 tam
1499 1377 1583 1453 per-

155 1486 246 1549 son'e
267 1502 381 1579 quam
400 1502 460 1553 res
479 1475 648 1581 ipsorum
666 1491 704 1551 et
728 1473 889 1551 aliorum
909 1470 1212 1577 Templariorum
1231 1473 1271 1548 in
1291 1501 1407 1578 regno
1428 1478 1581 1555 Francia

155 1602 445 1680 consistencium
464 1605 504 1679 in
524 1600 699 1681 manibus
718 1605 856 1681 nostris
881 1619 1002 1691 erant,
1025 1603 1129 1708 quod
1150 1601 1287 1694 libere,
1314 1601 1455 1709 absque
1475 1625 1579 1685 metu

154 1730 387 1838 cujusquam,
403 1733 514 1840 plene
531 1761 572 1810 ac
586 1763 680 1840 pure
696 1763 810 1837 super
823 1732 1016 1836 premissis
1032 1730 1314 1837 omnibus‘ipsis
1328 1733 1579 1827 cardinalibus

153 1857 321 1938 dicerent
339 1863 552 1953 veritatem,
575 1864 628 1940 eis
656 1861 875 1939 auctoritate
896 1859 1099 1965 apostolica
1127 1860 1381 1966 injunxerunt.
1404 1862 1480 1956 Qui
1500 1862 1580 1940 Ma-

150 1989 264 2095 gister
284 2007 322 2067 et
339 2011 577 2100 preceptores
597 1992 769 2083 Francie,
790 2008 889 2068 terre
911 1989 1174 2080 Ultramarine‚
1196 1992 1440 2080 Normandie‚
1462 1991 1579 2098 Aqui·

151 2119 249 2196 tanie
265 2138 304 2197 et
317 2122 493 2215 Pictavie,
512 2152 637 2219 coram
649 2124 740 2231 ipsis
751 2123 874 2201 tribus
888 2120 1405 2228 cardinalibus,presentibus
1415 2139 1578 2226 quatuor

150 2248 417 2331 tabellionibus
431 2254 608 2359 publicis,
626 2273 664 2331 et
677 2254 808 2332 multis
828 2254 910 2331 aliis
924 2252 1036 2330 bonis
1054 2253 1159 2342 viris,
1177 2253 1225 2330 ad
1240 2270 1364 2331 sancta
1378 2252 1449 2331 Dei
1464 2253 1577 2330 Evan-

151 2377 249 2481 gelia
268 2380 315 2453 ab
341 2382 394 2454 eis
419 2384 661 2485 corporaliter
684 2400 781 2459 tacta
803 2383 960 2487 prestito
976 2384 1207 2489 juramento,
1231 2384 1336 2489 quod
1355 2412 1469 2488 super
1492 2412 1577 2490 pre·

151 2504 274 2581 missis
304 2506 482 2583 omnihus
509 2535 652 2583 meram
682 2524 720 2583 et
744 2507 896 2612 plenam
917 2510 1086 2581 dicerent
1103 2511 1315 2596 veritatem,
1342 2539 1467 2586 coram
1487 2512 1576 2617 ipsis

150 2634 388 2740 singulariter
406 2635 524 2712 libere
546 2665 587 2711 ac
606 2653 755 2741 sponte,
779 2635 920 2740 absque
941 2635 1133 2710 coactione
1154 2636 1326 2741 qualibet
1354 2654 1392 2712 et
1414 2652 1573 2731 terrore,

149 2764 408 2871 deposuerunt
429 2784 467 2844 et
486 2766 645 2843 confessi
665 2766 820 2843 fuerunt
839 2765 938 2840 inter
957 2781 1095 2853 cetera,
1117 2765 1256 2842 Christi
1282 2766 1574 2873 abnegacionem

150 2909 186 2968 et
206 2894 440 3001 spuicionem
456 2923 570 3001 super
583 2924 756 2984 crucem,
775 2923 862 2970 cum
878 2894 917 2969 in
934 2894 1067 2971 ordine
1081 2894 1231 3000 Templi
1245 2895 1385 3000 recepti
1400 2895 1571 2985 fuerunt,

149 3040 186 3099 et
215 3025 372 3131 quidam
401 3054 446 3102 ex
477 3026 547 3117 eis,
575 3054 614 3104 se
642 3025 712 3103 sub
741 3025 873 3102 eadem
897 3023 1033 3114 forma,
1055 3025 1197 3102 scilicet
1215 3053 1302 3101 cum
1322 3024 1571 3131 abnegacione

149 3152 289 3229 Christi
299 3170 337 3229 et
347 3154 541 3259 spuicione
552 3183 665 3259 super
677 3182 838 3246 crucem,
846 3152 977 3229 fratres
990 3152 1131 3230 multos
1140 3154 1336 3261 recepisse.
1346 3154 1444 3231 Sunt
1454 3155 1572 3232 eciam

149 3281 304 3386 quidam
328 3310 371 3356 ex
395 3280 448 3358 eis
467 3283 631 3388 quedam
661 3283 732 3359 alia
756 3281 953 3382 horribilia
981 3298 1019 3357 et
1046 3282 1245 3359 inhonesta
1271 3282 1448 3373 confessi,
1474 3313 1569 3390 que,
1600 3290 1604 3298 '

147 3426 190 3485 ut
219 3438 352 3487 eorum
381 3408 429 3486 ad
452 3438 606 3516 presens
629 3440 825 3517 parcamus
848 3410 1089 3501 verecundie,
1117 3410 1358 3488 subticemus.
1387 3412 1572 3489 Dixerunt

146 3556 315 3646 preterea
331 3556 370 3616 et
384 3540 543 3618 confessi
557 3542 713 3619 fuerunt
733 3570 813 3619 esse
828 3569 914 3616 vera
929 3569 1001 3646 que
1017 3540 1204 3618 incorum
1220 3540 1519 3618 confessionibus
1533 3558 1572 3619 et

147 3669 457 3776 deposicionibus'
470 3673 721 3764 continentur,
740 3700 832 3778 quas
845 3670 993 3748 dudum
1009 3669 1180 3748 fecerunt
1199 3699 1324 3750 coram
1347 3671 1569 3778 inquisitore

144 3799 309 3876 heretice
337 3801 539 3906 pravitatis.
563 3803 646 3896 Que
667 3800 920 3879 confessiones
940 3817 978 3877 et
1000 3800 1260 3907 deposiciones
1282 3801 1571 3887 dictorumMa-

144 3927 251 4033 gistri
267 3945 305 4002 et
315 3945 591 4032 preceptorum,
608 3932 648 4006 in
662 3932 884 4037 scripturam
894 3929 1085 4036 publicam
1095 3960 1163 4036 per
1170 3948 1333 4037 quatuor
1346 3929 1569 4007 tabelliones

143 4053 316 4160 publicos
339 4052 506 4145 redacte,
531 4058 572 4132 in
593 4058 760 4162 ipsorum
780 4060 947 4165 Magistri
968 4077 1007 4136 et
1023 4077 1307 4164 preceptorum,
1332 4074 1370 4132 ct
1388 4083 1568 4161 quorum-

145 4180 232 4262 dani
252 4182 413 4259 aliorum
433 4181 624 4261 bonorum
637 4189 805 4264 virorum
818 4189 1027 4293 presencia,
1050 4214 1092 4259 ac
1107 4185 1244 4260 deinde
1261 4186 1479 4291 interposito
1499 4186 1567 4262 ali·

145 4342 305 4422 quorum
327 4312 477 4390 dierum
497 4315 639 4418 spacio,
658 4344 783 4392 coram
804 4316 894 4420 ipsis
919 4314 1061 4390 eisdem
1085 4313 1180 4390 lecte
1202 4313 1372 4404 fuerunt,
1394 4316 1442 4392 de
1462 4344 1567 4393 man-

146 4443 231 4520 dato
261 4459 300 4518 et
328 4442 368 4517 in
394 4443 587 4548 presencia
614 4443 862 4520 cardinalium
890 4441 1162 4549 predictorum,
1193 4443 1298 4519 etin
1331 4471 1398 4519 suo
1425 4443 1566 4550 vulgari

146 4571 309 4679 exposite
329 4572 485 4651 cuilibet
503 4574 736 4651 eorumdem.
754 4574 830 4668 Qui
848 4590 1126 4680 perseverantes
1141 4573 1181 4648 in
1196 4573 1289 4662 illis,
1313 4601 1374 4649 eas
1394 4601 1564 4678 expresse

146 4731 186 4779 ac
199 4718 350 4810 sponte,
365 4719 480 4808 prout
497 4703 650 4782 recitate
665 4703 836 4793 fuerunt,
858 4701 1130 4810 approbarunt,
1153 4718 1191 4778 et
1209 4719 1295 4808 post
1313 4701 1564 4781 confessiones

147 4850 184 4910 et
207 4832 466 4939 deposiciones
484 4834 706 4944 hujusmodi
729 4834 776 4913 ab
801 4834 892 4941 ipsis
916 4832 1168 4938 cardinalibus
1185 4833 1240 4926 ,ab
1265 4835 1562 4914 excommunica·
