<?xml version="1.0" encoding="UTF-8"?>
<!DOCTYPE html PUBLIC "-//W3C//DTD XHTML 1.0 Transitional//EN"
    "http://www.w3.org/TR/xhtml1/DTD/xhtml1-transitional.dtd">
<html xmlns="http://www.w3.org/1999/xhtml" xml:lang="en" lang="en">
 <head>
  <title>
</title>
<meta http-equiv="Content-Type" content="text/html;charset=utf-8" />
  <meta name='ocr-system' content='tesseract 3.04.00' />
  <meta name='ocr-capabilities' content='ocr_page ocr_carea ocr_par ocr_line ocrx_word'/>
</head>
<body>
  <div class='ocr_page' id='page_1' title='image "./procsdestemplie02defegoog_0373.png"; bbox 0 0 4080 6052; ppageno 0'>
   <div class='ocr_carea' id='block_1_1' title="bbox 698 560 1728 668">
    <p class='ocr_par' dir='ltr' id='par_1_1' title="bbox 698 560 1728 668">
     <span class='ocr_line' id='line_1_1' title="bbox 698 560 1728 668; baseline 0.005 -10"><span class='ocrx_word' id='word_1_1' title='bbox 698 560 1341 660; x_wconf 77' lang='lat' dir='ltr'><strong>rnocnsnssrsnrm&#39;nas.</strong></span> <span class='ocrx_word' id='word_1_2' title='bbox 1520 659 1524 668; x_wconf 81' lang='grc'><strong>,</strong></span> <span class='ocrx_word' id='word_1_3' title='bbox 1655 590 1728 663; x_wconf 87' lang='grc'><strong>555</strong></span> 
     </span>
    </p>
   </div>
   <div class='ocr_carea' id='block_1_2' title="bbox 305 726 1802 3032">
    <p class='ocr_par' dir='ltr' id='par_1_2' title="bbox 308 726 1732 1092">
     <span class='ocr_line' id='line_1_2' title="bbox 311 726 1731 832; baseline 0.002 -30"><span class='ocrx_word' id='word_1_4' title='bbox 311 729 349 802; x_wconf 88' lang='grc'><strong>15</strong></span> <span class='ocrx_word' id='word_1_5' title='bbox 371 727 596 817; x_wconf 83' lang='lat' dir='ltr'><strong>ebdomada,</strong></span> <span class='ocrx_word' id='word_1_6' title='bbox 618 730 656 805; x_wconf 91' lang='lat' dir='ltr'><strong>in</strong></span> <span class='ocrx_word' id='word_1_7' title='bbox 679 729 793 805; x_wconf 90' lang='lat' dir='ltr'><strong>domo</strong></span> <span class='ocrx_word' id='word_1_8' title='bbox 819 728 866 804; x_wconf 97' lang='lat' dir='ltr'><strong>de</strong></span> <span class='ocrx_word' id='word_1_9' title='bbox 887 726 1005 804; x_wconf 88' lang='lat' dir='ltr'><strong>Sslice</strong></span> <span class='ocrx_word' id='word_1_10' title='bbox 1026 754 1138 832; x_wconf 81' lang='lat' dir='ltr'><strong>supra</strong></span> <span class='ocrx_word' id='word_1_11' title='bbox 1155 729 1302 804; x_wconf 86' lang='lat' dir='ltr'><strong>Yonem</strong></span> <span class='ocrx_word' id='word_1_12' title='bbox 1326 726 1629 804; x_wconf 78' lang='lat' dir='ltr'><strong>Altisiodorensis</strong></span> <span class='ocrx_word' id='word_1_13' title='bbox 1650 728 1731 805; x_wconf 90' lang='lat' dir='ltr'><strong>dio-</strong></span> 
     </span>
     <span class='ocr_line' id='line_1_3' title="bbox 310 856 1732 964; baseline 0.001 -32"><span class='ocrx_word' id='word_1_14' title='bbox 310 859 419 950; x_wconf 86' lang='lat' dir='ltr'><strong>cesis,</strong></span> <span class='ocrx_word' id='word_1_15' title='bbox 447 874 484 933; x_wconf 88' lang='lat' dir='ltr'><strong>et</strong></span> <span class='ocrx_word' id='word_1_16' title='bbox 507 857 737 964; x_wconf 76' lang='lat' dir='ltr'><strong>hospitalitas</strong></span> <span class='ocrx_word' id='word_1_17' title='bbox 766 857 1030 936; x_wconf 86' lang='lat' dir='ltr'><strong>convenienter</strong></span> <span class='ocrx_word' id='word_1_18' title='bbox 1055 856 1272 934; x_wconf 88' lang='lat' dir='ltr'><strong>servabatur</strong></span> <span class='ocrx_word' id='word_1_19' title='bbox 1299 856 1460 943; x_wconf 80' lang='lat' dir='ltr'>ibidem,</span> <span class='ocrx_word' id='word_1_20' title='bbox 1492 884 1560 933; x_wconf 90' lang='lat' dir='ltr'><strong>nec</strong></span> <span class='ocrx_word' id='word_1_21' title='bbox 1584 856 1732 934; x_wconf 83' lang='lat' dir='ltr'><strong>audivit</strong></span> 
     </span>
     <span class='ocr_line' id='line_1_4' title="bbox 308 986 1502 1092; baseline 0 -29"><span class='ocrx_word' id='word_1_22' title='bbox 308 987 412 1091; x_wconf 89' lang='lat' dir='ltr'><strong>quod</strong></span> <span class='ocrx_word' id='word_1_23' title='bbox 431 986 572 1064; x_wconf 81' lang='lat' dir='ltr'><strong>fuerint</strong></span> <span class='ocrx_word' id='word_1_24' title='bbox 586 989 753 1067; x_wconf 79' lang='lat' dir='ltr'><strong>restricte</strong></span> <span class='ocrx_word' id='word_1_25' title='bbox 772 988 976 1065; x_wconf 90' lang='lat' dir='ltr'><strong>elemosine</strong></span> <span class='ocrx_word' id='word_1_26' title='bbox 995 1004 1033 1063; x_wconf 90' lang='lat' dir='ltr'><strong>et</strong></span> <span class='ocrx_word' id='word_1_27' title='bbox 1046 987 1279 1092; x_wconf 76' lang='lat' dir='ltr'><strong>hospitalitas</strong></span> <span class='ocrx_word' id='word_1_28' title='bbox 1297 987 1337 1063; x_wconf 93' lang='lat' dir='ltr'><strong>in</strong></span> <span class='ocrx_word' id='word_1_29' title='bbox 1356 986 1502 1063; x_wconf 89' lang='lat' dir='ltr'><strong>ordine.</strong></span> 
     </span>
    </p>

    <p class='ocr_par' dir='ltr' id='par_1_3' title="bbox 305 1117 1802 2386">
     <span class='ocr_line' id='line_1_5' title="bbox 363 1117 1730 1224; baseline -0.001 -30"><span class='ocrx_word' id='word_1_30' title='bbox 363 1118 474 1208; x_wconf 84' lang='lat' dir='ltr'><strong>Item,</strong></span> <span class='ocrx_word' id='word_1_31' title='bbox 502 1118 550 1195; x_wconf 91' lang='lat' dir='ltr'><strong>de</strong></span> <span class='ocrx_word' id='word_1_32' title='bbox 579 1119 765 1197; x_wconf 90' lang='lat' dir='ltr'><strong>contentis</strong></span> <span class='ocrx_word' id='word_1_33' title='bbox 794 1119 832 1196; x_wconf 94' lang='lat' dir='ltr'><strong>in</strong></span> <span class='ocrx_word' id='word_1_34' title='bbox 860 1144 970 1198; x_wconf 84' lang='lat' dir='ltr'><strong>cxvtn</strong></span> <span class='ocrx_word' id='word_1_35' title='bbox 983 1134 1031 1194; x_wconf 82' lang='lat' dir='ltr'><strong>-et</strong></span> <span class='ocrx_word' id='word_1_36' title='bbox 1055 1117 1233 1195; x_wconf 89' lang='lat' dir='ltr'><strong>omnibus</strong></span> <span class='ocrx_word' id='word_1_37' title='bbox 1258 1117 1505 1224; x_wconf 90' lang='lat' dir='ltr'><strong>sequentibus</strong></span> <span class='ocrx_word' id='word_1_38' title='bbox 1535 1118 1730 1222; x_wconf 81' lang='lat' dir='ltr'><strong>respondit</strong></span> 
     </span>
     <span class='ocr_line' id='line_1_6' title="bbox 308 1239 1729 1356; baseline 0.001 -33"><span class='ocrx_word' id='word_1_39' title='bbox 308 1274 347 1323; x_wconf 88' lang='lat' dir='ltr'><strong>se</strong></span> <span class='ocrx_word' id='word_1_40' title='bbox 371 1239 497 1332; x_wconf 88' lang='lat' dir='ltr'><strong>nichil</strong></span> <span class='ocrx_word' id='word_1_41' title='bbox 513 1248 605 1324; x_wconf 90' lang='lat' dir='ltr'><strong>scire</strong></span> <span class='ocrx_word' id='word_1_42' title='bbox 627 1249 714 1355; x_wconf 90' lang='lat' dir='ltr'><strong>plus</strong></span> <span class='ocrx_word' id='word_1_43' title='bbox 737 1274 851 1356; x_wconf 89' lang='lat' dir='ltr'><strong>quam</strong></span> <span class='ocrx_word' id='word_1_44' title='bbox 871 1277 982 1356; x_wconf 91' lang='lat' dir='ltr'><strong>supra</strong></span> <span class='ocrx_word' id='word_1_45' title='bbox 1002 1247 1236 1352; x_wconf 84' lang='lat' dir='ltr'><strong>deposuerit,</strong></span> <span class='ocrx_word' id='word_1_46' title='bbox 1261 1249 1336 1325; x_wconf 91' lang='lat' dir='ltr'><strong>boc</strong></span> <span class='ocrx_word' id='word_1_47' title='bbox 1356 1264 1509 1352; x_wconf 86' lang='lat' dir='ltr'><strong>excepto</strong></span> <span class='ocrx_word' id='word_1_48' title='bbox 1534 1246 1729 1353; x_wconf 84' lang='lat' dir='ltr'><strong>quodan-</strong></span> 
     </span>
     <span class='ocr_line' id='line_1_7' title="bbox 308 1375 1728 1485; baseline 0.002 -33"><span class='ocrx_word' id='word_1_49' title='bbox 308 1377 401 1455; x_wconf 87' lang='lat' dir='ltr'><strong>divit</strong></span> <span class='ocrx_word' id='word_1_50' title='bbox 418 1376 492 1455; x_wconf 87' lang='grc'><strong>51151</strong></span> <span class='ocrx_word' id='word_1_51' title='bbox 511 1380 616 1485; x_wconf 90' lang='lat' dir='ltr'><strong>quod</strong></span> <span class='ocrx_word' id='word_1_52' title='bbox 636 1379 810 1485; x_wconf 83' lang='grc'><strong>5551551155</strong></span> <span class='ocrx_word' id='word_1_53' title='bbox 829 1378 924 1455; x_wconf 90' lang='lat' dir='ltr'><strong>clam</strong></span> <span class='ocrx_word' id='word_1_54' title='bbox 942 1376 1169 1454; x_wconf 86' lang='lat' dir='ltr'><strong>tenebantur</strong></span> <span class='ocrx_word' id='word_1_55' title='bbox 1192 1376 1349 1455; x_wconf 81' lang='lat' dir='ltr'><strong>exclusis</strong></span> <span class='ocrx_word' id='word_1_56' title='bbox 1367 1375 1546 1454; x_wconf 89' lang='lat' dir='ltr'><strong>omnibus</strong></span> <span class='ocrx_word' id='word_1_57' title='bbox 1564 1378 1631 1483; x_wconf 90' lang='lat' dir='ltr'><strong>qui</strong></span> <span class='ocrx_word' id='word_1_58' title='bbox 1651 1407 1728 1455; x_wconf 94' lang='lat' dir='ltr'><strong>non</strong></span> 
     </span>
     <span class='ocr_line' id='line_1_8' title="bbox 308 1502 1724 1612; baseline 0.001 -31"><span class='ocrx_word' id='word_1_59' title='bbox 308 1502 479 1585; x_wconf 68' lang='lat' dir='ltr'><strong>erantne</strong></span> <span class='ocrx_word' id='word_1_60' title='bbox 494 1508 647 1601; x_wconf 90' lang='lat' dir='ltr'><strong>ordine,</strong></span> <span class='ocrx_word' id='word_1_61' title='bbox 670 1525 708 1586; x_wconf 91' lang='lat' dir='ltr'><strong>et</strong></span> <span class='ocrx_word' id='word_1_62' title='bbox 731 1508 852 1584; x_wconf 89' lang='lat' dir='ltr'><strong>credit</strong></span> <span class='ocrx_word' id='word_1_63' title='bbox 870 1506 975 1612; x_wconf 90' lang='lat' dir='ltr'><strong>quod</strong></span> <span class='ocrx_word' id='word_1_64' title='bbox 996 1506 1025 1583; x_wconf 91' lang='lat' dir='ltr'><strong>si</strong></span> <span class='ocrx_word' id='word_1_65' title='bbox 1049 1505 1226 1611; x_wconf 81' lang='lat' dir='ltr'><strong>Magister</strong></span> <span class='ocrx_word' id='word_1_66' title='bbox 1244 1506 1368 1612; x_wconf 91' lang='lat' dir='ltr'><strong>aliqua</strong></span> <span class='ocrx_word' id='word_1_67' title='bbox 1383 1505 1482 1582; x_wconf 92' lang='lat' dir='ltr'><strong>bene</strong></span> <span class='ocrx_word' id='word_1_68' title='bbox 1501 1504 1724 1595; x_wconf 79' lang='lat' dir='ltr'><strong>ordinasset,</strong></span> 
     </span>
     <span class='ocr_line' id='line_1_9' title="bbox 306 1614 1728 1740; baseline 0.001 -29"><span class='ocrx_word' id='word_1_69' title='bbox 306 1635 410 1739; x_wconf 89' lang='lat' dir='ltr'><strong>quod</strong></span> <span class='ocrx_word' id='word_1_70' title='bbox 433 1635 496 1712; x_wconf 87' lang='lat' dir='ltr'><strong>illa</strong></span> <span class='ocrx_word' id='word_1_71' title='bbox 522 1614 738 1715; x_wconf 82' lang='lat' dir='ltr'><strong>fuissentin</strong></span> <span class='ocrx_word' id='word_1_72' title='bbox 763 1653 844 1715; x_wconf 89' lang='lat' dir='ltr'><strong>toto</strong></span> <span class='ocrx_word' id='word_1_73' title='bbox 867 1629 1000 1713; x_wconf 82' lang='lat' dir='ltr'><strong>ordine</strong></span> <span class='ocrx_word' id='word_1_74' title='bbox 1025 1634 1238 1722; x_wconf 86' lang='lat' dir='ltr'><strong>observata,</strong></span> <span class='ocrx_word' id='word_1_75' title='bbox 1265 1653 1303 1712; x_wconf 89' lang='lat' dir='ltr'><strong>et</strong></span> <span class='ocrx_word' id='word_1_76' title='bbox 1328 1635 1448 1712; x_wconf 88' lang='lat' dir='ltr'><strong>credit</strong></span> <span class='ocrx_word' id='word_1_77' title='bbox 1469 1635 1573 1740; x_wconf 88' lang='lat' dir='ltr'><strong>quod</strong></span> <span class='ocrx_word' id='word_1_78' title='bbox 1596 1633 1728 1713; x_wconf 78' lang='grc'><strong>1555555</strong></span> 
     </span>
     <span class='ocr_line' id='line_1_10' title="bbox 307 1762 1724 1868; baseline 0.001 -29"><span class='ocrx_word' id='word_1_79' title='bbox 307 1763 463 1855; x_wconf 85' lang='lat' dir='ltr'><strong>ordinis,</strong></span> <span class='ocrx_word' id='word_1_80' title='bbox 486 1765 647 1843; x_wconf 89' lang='lat' dir='ltr'><strong>sednon</strong></span> <span class='ocrx_word' id='word_1_81' title='bbox 668 1766 870 1857; x_wconf 87' lang='lat' dir='ltr'><strong>seculares,</strong></span> <span class='ocrx_word' id='word_1_82' title='bbox 888 1764 988 1841; x_wconf 91' lang='grc'><strong>15555</strong></span> <span class='ocrx_word' id='word_1_83' title='bbox 1000 1765 1140 1841; x_wconf 82' lang='lat' dir='ltr'><strong>seirent</strong></span> <span class='ocrx_word' id='word_1_84' title='bbox 1159 1764 1319 1840; x_wconf 90' lang='lat' dir='ltr'><strong>modum</strong></span> <span class='ocrx_word' id='word_1_85' title='bbox 1331 1762 1559 1868; x_wconf 89' lang='lat' dir='ltr'><strong>recepcionis</strong></span> <span class='ocrx_word' id='word_1_86' title='bbox 1575 1792 1724 1855; x_wconf 88' lang='lat' dir='ltr'><strong>eorum,</strong></span> 
     </span>
     <span class='ocr_line' id='line_1_11' title="bbox 307 1892 1724 1999; baseline 0.002 -32"><span class='ocrx_word' id='word_1_87' title='bbox 307 1909 344 1968; x_wconf 85' lang='lat' dir='ltr'><strong>et</strong></span> <span class='ocrx_word' id='word_1_88' title='bbox 361 1894 466 1999; x_wconf 88' lang='lat' dir='ltr'><strong>qnod</strong></span> <span class='ocrx_word' id='word_1_89' title='bbox 486 1895 702 1972; x_wconf 86' lang='lat' dir='ltr'><strong>scandalum</strong></span> <span class='ocrx_word' id='word_1_90' title='bbox 723 1913 819 1973; x_wconf 89' lang='lat' dir='ltr'><strong>esset</strong></span> <span class='ocrx_word' id='word_1_91' title='bbox 838 1911 1009 1971; x_wconf 86' lang='lat' dir='ltr'><strong>exortum</strong></span> <span class='ocrx_word' id='word_1_92' title='bbox 1029 1909 1158 1970; x_wconf 84' lang='lat' dir='ltr'><strong>contra</strong></span> <span class='ocrx_word' id='word_1_93' title='bbox 1178 1893 1351 1970; x_wconf 87' lang='lat' dir='ltr'><strong>ordinem</strong></span> <span class='ocrx_word' id='word_1_94' title='bbox 1370 1909 1524 1998; x_wconf 88' lang='lat' dir='ltr'><strong>propter</strong></span> <span class='ocrx_word' id='word_1_95' title='bbox 1542 1892 1724 1999; x_wconf 88' lang='lat' dir='ltr'><strong>predicta,</strong></span> 
     </span>
     <span class='ocr_line' id='line_1_12' title="bbox 306 2016 1725 2129; baseline 0.001 -32"><span class='ocrx_word' id='word_1_96' title='bbox 306 2023 400 2099; x_wconf 87' lang='lat' dir='ltr'><strong>siout</strong></span> <span class='ocrx_word' id='word_1_97' title='bbox 427 2023 525 2100; x_wconf 90' lang='lat' dir='ltr'><strong>bene</strong></span> <span class='ocrx_word' id='word_1_98' title='bbox 559 2041 711 2129; x_wconf 84' lang='lat' dir='ltr'><strong>apparet</strong></span> <span class='ocrx_word' id='word_1_99' title='bbox 743 2053 787 2101; x_wconf 87' lang='grc'><strong>555</strong></span> <span class='ocrx_word' id='word_1_100' title='bbox 818 2021 931 2112; x_wconf 83' lang='grc'><strong>15555;</strong></span> <span class='ocrx_word' id='word_1_101' title='bbox 965 2040 1003 2099; x_wconf 89' lang='grc'><strong>55</strong></span> <span class='ocrx_word' id='word_1_102' title='bbox 1031 2016 1172 2100; x_wconf 83' lang='lat' dir='ltr'><strong>audivit</strong></span> <span class='ocrx_word' id='word_1_103' title='bbox 1195 2023 1286 2115; x_wconf 92' lang='lat' dir='ltr'><strong>dici,</strong></span> <span class='ocrx_word' id='word_1_104' title='bbox 1313 2023 1406 2100; x_wconf 91' lang='lat' dir='ltr'><strong>dum</strong></span> <span class='ocrx_word' id='word_1_105' title='bbox 1429 2039 1508 2098; x_wconf 81' lang='lat' dir='ltr'><strong>erat</strong></span> <span class='ocrx_word' id='word_1_106' title='bbox 1532 2039 1659 2128; x_wconf 87' lang='grc'><strong>555555</strong></span> <span class='ocrx_word' id='word_1_107' title='bbox 1687 2016 1725 2098; x_wconf 89' lang='lat' dir='ltr'><strong>in</strong></span> 
     </span>
     <span class='ocr_line' id='line_1_13' title="bbox 306 2146 1790 2260; baseline 0.003 -34"><span class='ocrx_word' id='word_1_108' title='bbox 306 2153 400 2228; x_wconf 91' lang='lat' dir='ltr'><strong>turri</strong></span> <span class='ocrx_word' id='word_1_109' title='bbox 422 2154 647 2240; x_wconf 88' lang='lat' dir='ltr'><strong>Senonensi,</strong></span> <span class='ocrx_word' id='word_1_110' title='bbox 681 2155 786 2260; x_wconf 87' lang='lat' dir='ltr'><strong>quod</strong></span> <span class='ocrx_word' id='word_1_111' title='bbox 818 2181 975 2260; x_wconf 80' lang='lat' dir='ltr'><strong>magnus</strong></span> <span class='ocrx_word' id='word_1_112' title='bbox 1001 2146 1191 2259; x_wconf 82' lang='lat' dir='ltr'><strong>Magister</strong></span> <span class='ocrx_word' id='word_1_113' title='bbox 1207 2153 1396 2231; x_wconf 84' lang='lat' dir='ltr'><strong>confessus</strong></span> <span class='ocrx_word' id='word_1_114' title='bbox 1428 2151 1550 2230; x_wconf 89' lang='lat' dir='ltr'><strong>luerat</strong></span> <span class='ocrx_word' id='word_1_115' title='bbox 1579 2181 1725 2230; x_wconf 89' lang='lat' dir='ltr'><strong>errores</strong></span> <span class='ocrx_word' id='word_1_116' title='bbox 1786 2201 1790 2209; x_wconf 93' lang='lat'><em>·</em></span> 
     </span>
     <span class='ocr_line' id='line_1_14' title="bbox 305 2268 1802 2386; baseline 0.003 -31"><span class='ocrx_word' id='word_1_117' title='bbox 305 2280 530 2358; x_wconf 82' lang='lat' dir='ltr'><strong>consessatos</strong></span> <span class='ocrx_word' id='word_1_118' title='bbox 544 2310 613 2386; x_wconf 90' lang='lat' dir='ltr'><strong>per</strong></span> <span class='ocrx_word' id='word_1_119' title='bbox 630 2310 732 2359; x_wconf 91' lang='lat' dir='ltr'><strong>eum.</strong></span> <span class='ocrx_word' id='word_1_120' title='bbox 1637 2370 1640 2377; x_wconf 25' lang='lat'>¹</span> <span class='ocrx_word' id='word_1_121' title='bbox 1795 2268 1802 2280; x_wconf 49' lang='lat'><em>⁶</em></span> 
     </span>
    </p>

    <p class='ocr_par' dir='ltr' id='par_1_4' title="bbox 305 2409 1801 3032">
     <span class='ocr_line' id='line_1_15' title="bbox 364 2409 1722 2516; baseline 0.001 -31"><span class='ocrx_word' id='word_1_122' title='bbox 364 2411 473 2499; x_wconf 90' lang='grc'><strong>15555,</strong></span> <span class='ocrx_word' id='word_1_123' title='bbox 490 2412 694 2516; x_wconf 87' lang='lat' dir='ltr'><strong>requisitus</strong></span> <span class='ocrx_word' id='word_1_124' title='bbox 708 2410 739 2488; x_wconf 91' lang='lat' dir='ltr'><strong>si</strong></span> <span class='ocrx_word' id='word_1_125' title='bbox 755 2411 807 2487; x_wconf 89' lang='lat' dir='ltr'><strong>sic</strong></span> <span class='ocrx_word' id='word_1_126' title='bbox 821 2410 1047 2516; x_wconf 82' lang='lat' dir='ltr'><strong>deposuerat</strong></span> <span class='ocrx_word' id='word_1_127' title='bbox 1059 2436 1186 2514; x_wconf 88' lang='lat' dir='ltr'><strong>prece,</strong></span> <span class='ocrx_word' id='word_1_128' title='bbox 1200 2424 1393 2515; x_wconf 88' lang='lat' dir='ltr'><strong>precepto,</strong></span> <span class='ocrx_word' id='word_1_129' title='bbox 1408 2409 1563 2497; x_wconf 89' lang='lat' dir='ltr'><strong>timore,</strong></span> <span class='ocrx_word' id='word_1_130' title='bbox 1580 2437 1722 2499; x_wconf 90' lang='lat' dir='ltr'><strong>amore,</strong></span> 
     </span>
     <span class='ocr_line' id='line_1_16' title="bbox 306 2536 1722 2645; baseline 0 -32"><span class='ocrx_word' id='word_1_131' title='bbox 306 2539 411 2630; x_wconf 92' lang='lat' dir='ltr'><strong>odio,</strong></span> <span class='ocrx_word' id='word_1_132' title='bbox 431 2539 628 2645; x_wconf 91' lang='lat' dir='ltr'><strong>temporali</strong></span> <span class='ocrx_word' id='word_1_133' title='bbox 653 2540 814 2617; x_wconf 89' lang='lat' dir='ltr'><strong>comodo</strong></span> <span class='ocrx_word' id='word_1_134' title='bbox 842 2537 970 2615; x_wconf 89' lang='lat' dir='ltr'><strong>habito</strong></span> <span class='ocrx_word' id='word_1_135' title='bbox 993 2536 1053 2615; x_wconf 82' lang='lat' dir='ltr'><strong>vel</strong></span> <span class='ocrx_word' id='word_1_136' title='bbox 1078 2536 1271 2623; x_wconf 86' lang='grc'><strong>1551555515,</strong></span> <span class='ocrx_word' id='word_1_137' title='bbox 1292 2536 1487 2642; x_wconf 89' lang='lat' dir='ltr'><strong>respondit</strong></span> <span class='ocrx_word' id='word_1_138' title='bbox 1506 2538 1611 2643; x_wconf 90' lang='lat' dir='ltr'><strong>quod</strong></span> <span class='ocrx_word' id='word_1_139' title='bbox 1627 2566 1722 2629; x_wconf 92' lang='lat' dir='ltr'><strong>non,</strong></span> 
     </span>
     <span class='ocr_line' id='line_1_17' title="bbox 306 2664 1726 2772; baseline 0.001 -31"><span class='ocrx_word' id='word_1_140' title='bbox 306 2667 372 2742; x_wconf 89' lang='grc'><strong>5551</strong></span> <span class='ocrx_word' id='word_1_141' title='bbox 389 2695 458 2772; x_wconf 87' lang='grc'><strong>555</strong></span> <span class='ocrx_word' id='word_1_142' title='bbox 477 2669 629 2745; x_wconf 89' lang='lat' dir='ltr'><strong>veritate</strong></span> <span class='ocrx_word' id='word_1_143' title='bbox 650 2668 828 2757; x_wconf 79' lang='lat' dir='ltr'><strong>dicenda3</strong></span> <span class='ocrx_word' id='word_1_144' title='bbox 849 2684 886 2743; x_wconf 92' lang='lat' dir='ltr'><strong>et</strong></span> <span class='ocrx_word' id='word_1_145' title='bbox 905 2665 977 2742; x_wconf 86' lang='lat' dir='ltr'><strong>luit</strong></span> <span class='ocrx_word' id='word_1_146' title='bbox 993 2664 1116 2743; x_wconf 89' lang='lat' dir='ltr'><strong>eidem</strong></span> <span class='ocrx_word' id='word_1_147' title='bbox 1142 2664 1347 2742; x_wconf 87' lang='lat' dir='ltr'><strong>inhibitum</strong></span> <span class='ocrx_word' id='word_1_148' title='bbox 1371 2693 1440 2771; x_wconf 86' lang='lat' dir='ltr'><strong>per</strong></span> <span class='ocrx_word' id='word_1_149' title='bbox 1463 2666 1726 2744; x_wconf 74' lang='grc' dir='ltr'><strong>(1155555155ιὶ-</strong></span> 
     </span>
     <span class='ocr_line' id='line_1_18' title="bbox 306 2794 1801 2902; baseline 0.002 -32"><span class='ocrx_word' id='word_1_150' title='bbox 306 2822 374 2871; x_wconf 87' lang='grc'><strong>555</strong></span> <span class='ocrx_word' id='word_1_151' title='bbox 394 2797 681 2888; x_wconf 89' lang='lat' dir='ltr'><strong>commissarios,</strong></span> <span class='ocrx_word' id='word_1_152' title='bbox 703 2797 742 2873; x_wconf 91' lang='lat' dir='ltr'><strong>in</strong></span> <span class='ocrx_word' id='word_1_153' title='bbox 761 2796 897 2872; x_wconf 83' lang='lat' dir='ltr'><strong>virtute</strong></span> <span class='ocrx_word' id='word_1_154' title='bbox 913 2794 1058 2901; x_wconf 89' lang='lat' dir='ltr'><strong>prestiti</strong></span> <span class='ocrx_word' id='word_1_155' title='bbox 1079 2794 1285 2900; x_wconf 87' lang='lat' dir='ltr'><strong>juramenti</strong></span> <span class='ocrx_word' id='word_1_156' title='bbox 1305 2822 1373 2900; x_wconf 89' lang='lat' dir='ltr'><strong>per</strong></span> <span class='ocrx_word' id='word_1_157' title='bbox 1393 2824 1498 2890; x_wconf 91' lang='lat' dir='ltr'><strong>eum,</strong></span> <span class='ocrx_word' id='word_1_158' title='bbox 1520 2797 1625 2902; x_wconf 90' lang='lat' dir='ltr'><strong>quod</strong></span> <span class='ocrx_word' id='word_1_159' title='bbox 1645 2824 1723 2899; x_wconf 85' lang='lat' dir='ltr'><strong>non</strong></span> <span class='ocrx_word' id='word_1_160' title='bbox 1796 2844 1801 2853; x_wconf 94' lang='lat'><em>·</em></span> 
     </span>
     <span class='ocr_line' id='line_1_19' title="bbox 305 2924 1724 3032; baseline 0.001 -34"><span class='ocrx_word' id='word_1_161' title='bbox 305 2924 485 3002; x_wconf 86' lang='lat' dir='ltr'><strong>revelaret</strong></span> <span class='ocrx_word' id='word_1_162' title='bbox 508 2928 606 3032; x_wconf 85' lang='lat' dir='ltr'><strong>han&#39;c</strong></span> <span class='ocrx_word' id='word_1_163' title='bbox 637 2954 743 3003; x_wconf 90' lang='lat' dir='ltr'><strong>suam</strong></span> <span class='ocrx_word' id='word_1_164' title='bbox 774 2925 1052 3031; x_wconf 89' lang='lat' dir='ltr'><strong>deposicionem</strong></span> <span class='ocrx_word' id='word_1_165' title='bbox 1078 2950 1276 3030; x_wconf 89' lang='lat' dir='ltr'><strong>quousque</strong></span> <span class='ocrx_word' id='word_1_166' title='bbox 1299 2927 1556 3003; x_wconf 86' lang='lat' dir='ltr'><strong>attestaciones</strong></span> <span class='ocrx_word' id='word_1_167' title='bbox 1584 2924 1724 3003; x_wconf 82' lang='lat' dir='ltr'><strong>luerint</strong></span> 
     </span>
    </p>
   </div>
   <div class='ocr_carea' id='block_1_3' title="bbox 303 3050 1753 3523">
    <p class='ocr_par' dir='ltr' id='par_1_5' title="bbox 303 3050 1753 3523">
     <span class='ocr_line' id='line_1_20' title="bbox 330 3050 626 3131; baseline 0.007 -2"><span class='ocrx_word' id='word_1_168' title='bbox 330 3053 503 3131; x_wconf 86' lang='lat' dir='ltr'><strong>ublicate.</strong></span> <span class='ocrx_word' id='word_1_169' title='bbox 622 3050 626 3055; x_wconf 40' lang='lat'>⁵</span> 
     </span>
     <span class='ocr_line' id='line_1_21' title="bbox 303 3082 1753 3291; baseline 0.001 -31"><span class='ocrx_word' id='word_1_170' title='bbox 303 3082 329 3158; x_wconf 77' lang='lat' dir='ltr'>P</span> <span class='ocrx_word' id='word_1_171' title='bbox 363 3182 451 3261; x_wconf 78' lang='lat' dir='ltr'><strong>Acta</strong></span> <span class='ocrx_word' id='word_1_172' title='bbox 484 3183 638 3261; x_wconf 87' lang='lat' dir='ltr'><strong>luerunt</strong></span> <span class='ocrx_word' id='word_1_173' title='bbox 668 3185 739 3263; x_wconf 89' lang='lat' dir='ltr'><strong>beo</strong></span> <span class='ocrx_word' id='word_1_174' title='bbox 766 3183 828 3263; x_wconf 92' lang='lat' dir='ltr'><strong>die</strong></span> <span class='ocrx_word' id='word_1_175' title='bbox 864 3201 902 3261; x_wconf 91' lang='lat' dir='ltr'><strong>et</strong></span> <span class='ocrx_word' id='word_1_176' title='bbox 929 3184 1012 3260; x_wconf 90' lang='grc'><strong>1555</strong></span> <span class='ocrx_word' id='word_1_177' title='bbox 1040 3183 1236 3289; x_wconf 89' lang='lat' dir='ltr'><strong>predictis,</strong></span> <span class='ocrx_word' id='word_1_178' title='bbox 1273 3184 1510 3289; x_wconf 82' lang='lat' dir='ltr'><strong>presentibus</strong></span> <span class='ocrx_word' id='word_1_179' title='bbox 1547 3185 1753 3291; x_wconf 82' lang='lat' dir='ltr'><strong>magistro</strong></span> 
     </span>
     <span class='ocr_line' id='line_1_22' title="bbox 306 3311 1722 3420; baseline 0.003 -32"><span class='ocrx_word' id='word_1_180' title='bbox 306 3311 467 3405; x_wconf 82' lang='lat' dir='ltr'><strong>Amisio,</strong></span> <span class='ocrx_word' id='word_1_181' title='bbox 496 3343 557 3390; x_wconf 92' lang='lat' dir='ltr'><strong>me</strong></span> <span class='ocrx_word' id='word_1_182' title='bbox 587 3314 839 3392; x_wconf 83' lang='lat' dir='ltr'><strong>Floriamonte</strong></span> <span class='ocrx_word' id='word_1_183' title='bbox 862 3313 1060 3392; x_wconf 88' lang='lat' dir='ltr'><strong>Dondedei</strong></span> <span class='ocrx_word' id='word_1_184' title='bbox 1084 3330 1121 3390; x_wconf 91' lang='lat' dir='ltr'><strong>et</strong></span> <span class='ocrx_word' id='word_1_185' title='bbox 1145 3312 1228 3391; x_wconf 91' lang='lat' dir='ltr'><strong>aliis</strong></span> <span class='ocrx_word' id='word_1_186' title='bbox 1247 3312 1401 3392; x_wconf 87' lang='lat' dir='ltr'><strong>notariis</strong></span> <span class='ocrx_word' id='word_1_187' title='bbox 1420 3313 1722 3420; x_wconf 79' lang='lat' dir='ltr'><strong>supraproximo</strong></span> 
     </span>
     <span class='ocr_line' id='line_1_23' title="bbox 306 3461 519 3523; baseline 0.009 -4"><span class='ocrx_word' id='word_1_188' title='bbox 306 3461 519 3523; x_wconf 87' lang='grc'><strong>5555555555.</strong></span> 
     </span>
    </p>
   </div>
   <div class='ocr_carea' id='block_1_4' title="bbox 306 3701 1768 5073">
    <p class='ocr_par' dir='ltr' id='par_1_6' title="bbox 306 3701 1768 4986">
     <span class='ocr_line' id='line_1_24' title="bbox 362 3701 1768 3808; baseline -0.001 -29"><span class='ocrx_word' id='word_1_189' title='bbox 362 3704 451 3780; x_wconf 89' lang='grc' dir='ltr'><strong>Ρ555</strong></span> <span class='ocrx_word' id='word_1_190' title='bbox 469 3705 555 3794; x_wconf 88' lang='grc'><strong>1555,</strong></span> <span class='ocrx_word' id='word_1_191' title='bbox 578 3705 639 3782; x_wconf 90' lang='grc'><strong>5115</strong></span> <span class='ocrx_word' id='word_1_192' title='bbox 656 3705 772 3792; x_wconf 89' lang='lat' dir='ltr'><strong>Jovis,</strong></span> <span class='ocrx_word' id='word_1_193' title='bbox 792 3706 832 3780; x_wconf 91' lang='lat' dir='ltr'><strong>in</strong></span> <span class='ocrx_word' id='word_1_194' title='bbox 849 3705 1052 3781; x_wconf 89' lang='lat' dir='ltr'><strong>crastinum</strong></span> <span class='ocrx_word' id='word_1_195' title='bbox 1071 3702 1280 3808; x_wconf 80' lang='lat' dir='ltr'><strong>Epiphanio</strong></span> <span class='ocrx_word' id='word_1_196' title='bbox 1295 3702 1467 3791; x_wconf 90' lang='lat' dir='ltr'><strong>Domini,</strong></span> <span class='ocrx_word' id='word_1_197' title='bbox 1483 3729 1534 3780; x_wconf 84' lang='lat' dir='ltr'><strong>vu</strong></span> <span class='ocrx_word' id='word_1_198' title='bbox 1551 3701 1724 3780; x_wconf 88' lang='lat' dir='ltr'><strong>videlicet</strong></span> <span class='ocrx_word' id='word_1_199' title='bbox 1766 3712 1768 3717; x_wconf 79' lang='grc'>’</span> 
     </span>
     <span class='ocr_line' id='line_1_25' title="bbox 307 3829 1723 3937; baseline -0.001 -31"><span class='ocrx_word' id='word_1_200' title='bbox 307 3832 369 3906; x_wconf 91' lang='grc'><strong>5115</strong></span> <span class='ocrx_word' id='word_1_201' title='bbox 390 3830 478 3907; x_wconf 86' lang='lat' dir='ltr'><strong>dieti</strong></span> <span class='ocrx_word' id='word_1_202' title='bbox 497 3832 655 3920; x_wconf 89' lang='lat' dir='ltr'><strong>mensis,</strong></span> <span class='ocrx_word' id='word_1_203' title='bbox 678 3829 750 3909; x_wconf 84' lang='grc'><strong>1515</strong></span> <span class='ocrx_word' id='word_1_204' title='bbox 774 3832 959 3909; x_wconf 86' lang='grc'><strong>5515155555</strong></span> <span class='ocrx_word' id='word_1_205' title='bbox 978 3831 1205 3937; x_wconf 88' lang='lat' dir='ltr'><strong>inpredicta</strong></span> <span class='ocrx_word' id='word_1_206' title='bbox 1226 3829 1359 3920; x_wconf 87' lang='lat' dir='ltr'><strong>domo,</strong></span> <span class='ocrx_word' id='word_1_207' title='bbox 1380 3830 1429 3907; x_wconf 86' lang='lat' dir='ltr'><strong>ad</strong></span> <span class='ocrx_word' id='word_1_208' title='bbox 1454 3831 1573 3910; x_wconf 89' lang='lat' dir='ltr'><strong>dictos</strong></span> <span class='ocrx_word' id='word_1_209' title='bbox 1600 3831 1723 3908; x_wconf 83' lang='lat' dir='ltr'><strong>dorni-</strong></span> 
     </span>
     <span class='ocr_line' id='line_1_26' title="bbox 307 3961 1725 4067; baseline 0.001 -31"><span class='ocrx_word' id='word_1_210' title='bbox 307 3987 376 4038; x_wconf 92' lang='lat' dir='ltr'><strong>nos</strong></span> <span class='ocrx_word' id='word_1_211' title='bbox 391 3961 680 4051; x_wconf 88' lang='lat' dir='ltr'><strong>commissarios,</strong></span> <span class='ocrx_word' id='word_1_212' title='bbox 700 3962 814 4039; x_wconf 81' lang='lat' dir='ltr'><strong>frater</strong></span> <span class='ocrx_word' id='word_1_213' title='bbox 832 3962 1022 4039; x_wconf 81' lang='lat' dir='ltr'><strong>lohannes</strong></span> <span class='ocrx_word' id='word_1_214' title='bbox 1037 3961 1086 4038; x_wconf 93' lang='lat' dir='ltr'><strong>de</strong></span> <span class='ocrx_word' id='word_1_215' title='bbox 1103 3961 1259 4040; x_wconf 85' lang='lat' dir='ltr'><strong>Viveriis</strong></span> <span class='ocrx_word' id='word_1_216' title='bbox 1278 3961 1457 4052; x_wconf 84' lang='lat' dir='ltr'><strong>serviens,</strong></span> <span class='ocrx_word' id='word_1_217' title='bbox 1476 3961 1725 4067; x_wconf 86' lang='lat' dir='ltr'><strong>Lingonensis</strong></span> 
     </span>
     <span class='ocr_line' id='line_1_27' title="bbox 307 4090 1725 4198; baseline 0 -32"><span class='ocrx_word' id='word_1_218' title='bbox 307 4090 484 4182; x_wconf 91' lang='lat' dir='ltr'><strong>diocesis,</strong></span> <span class='ocrx_word' id='word_1_219' title='bbox 506 4093 613 4168; x_wconf 89' lang='lat' dir='ltr'><strong>testis</strong></span> <span class='ocrx_word' id='word_1_220' title='bbox 636 4092 909 4198; x_wconf 86' lang='lat' dir='ltr'><strong>suprajnrstus,</strong></span> <span class='ocrx_word' id='word_1_221' title='bbox 928 4108 975 4169; x_wconf 88' lang='lat' dir='ltr'><strong>ut</strong></span> <span class='ocrx_word' id='word_1_222' title='bbox 999 4091 1208 4197; x_wconf 86' lang='lat' dir='ltr'><strong>deponeret</strong></span> <span class='ocrx_word' id='word_1_223' title='bbox 1232 4091 1376 4168; x_wconf 79' lang='lat' dir='ltr'><strong>dietum</strong></span> <span class='ocrx_word' id='word_1_224' title='bbox 1399 4118 1532 4177; x_wconf 88' lang='lat' dir='ltr'><strong>suum,</strong></span> <span class='ocrx_word' id='word_1_225' title='bbox 1554 4117 1631 4167; x_wconf 94' lang='lat' dir='ltr'><strong>non</strong></span> <span class='ocrx_word' id='word_1_226' title='bbox 1658 4090 1725 4166; x_wconf 87' lang='lat' dir='ltr'><strong>de-</strong></span> 
     </span>
     <span class='ocr_line' id='line_1_28' title="bbox 306 4199 1724 4328; baseline -0.001 -32"><span class='ocrx_word' id='word_1_227' title='bbox 306 4199 1020 4328; x_wconf 72' lang='grc'><strong>1555555555551155555511515,55555515</strong></span> <span class='ocrx_word' id='word_1_228' title='bbox 1039 4220 1199 4298; x_wconf 84' lang='lat' dir='ltr'><strong>concilio</strong></span> <span class='ocrx_word' id='word_1_229' title='bbox 1219 4219 1429 4298; x_wconf 87' lang='lat' dir='ltr'><strong>Senonensi</strong></span> <span class='ocrx_word' id='word_1_230' title='bbox 1449 4247 1524 4295; x_wconf 89' lang='lat' dir='ltr'><strong>una</strong></span> <span class='ocrx_word' id='word_1_231' title='bbox 1539 4246 1625 4296; x_wconf 90' lang='lat' dir='ltr'><strong>cum</strong></span> <span class='ocrx_word' id='word_1_232' title='bbox 1639 4218 1724 4325; x_wconf 91' lang='lat' dir='ltr'><strong>plu·</strong></span> 
     </span>
     <span class='ocr_line' id='line_1_29' title="bbox 306 4346 1723 4458; baseline 0.001 -34"><span class='ocrx_word' id='word_1_233' title='bbox 306 4349 412 4427; x_wconf 91' lang='lat' dir='ltr'><strong>ribus</strong></span> <span class='ocrx_word' id='word_1_234' title='bbox 431 4352 512 4427; x_wconf 91' lang='lat' dir='ltr'><strong>aliis</strong></span> <span class='ocrx_word' id='word_1_235' title='bbox 528 4352 722 4429; x_wconf 83' lang='lat' dir='ltr'><strong>dimiserat</strong></span> <span class='ocrx_word' id='word_1_236' title='bbox 738 4352 880 4458; x_wconf 88' lang='lat' dir='ltr'><strong>ipsum,</strong></span> <span class='ocrx_word' id='word_1_237' title='bbox 898 4367 936 4428; x_wconf 87' lang='lat' dir='ltr'><strong>et</strong></span> <span class='ocrx_word' id='word_1_238' title='bbox 954 4349 1199 4457; x_wconf 86' lang='lat' dir='ltr'><strong>postmodum</strong></span> <span class='ocrx_word' id='word_1_239' title='bbox 1216 4349 1297 4426; x_wconf 91' lang='lat' dir='ltr'><strong>radi</strong></span> <span class='ocrx_word' id='word_1_240' title='bbox 1315 4347 1455 4426; x_wconf 87' lang='lat' dir='ltr'><strong>lecerat</strong></span> <span class='ocrx_word' id='word_1_241' title='bbox 1473 4346 1546 4424; x_wconf 87' lang='lat' dir='ltr'><strong>sibi</strong></span> <span class='ocrx_word' id='word_1_242' title='bbox 1566 4346 1723 4425; x_wconf 87' lang='lat' dir='ltr'><strong>barbam</strong></span> 
     </span>
     <span class='ocr_line' id='line_1_30' title="bbox 307 4477 1724 4587; baseline -0.001 -32"><span class='ocrx_word' id='word_1_243' title='bbox 307 4496 345 4555; x_wconf 91' lang='lat' dir='ltr'><strong>et</strong></span> <span class='ocrx_word' id='word_1_244' title='bbox 375 4478 497 4556; x_wconf 89' lang='lat' dir='ltr'><strong>luerat</strong></span> <span class='ocrx_word' id='word_1_245' title='bbox 527 4480 750 4587; x_wconf 91' lang='lat' dir='ltr'><strong>inquisitum</strong></span> <span class='ocrx_word' id='word_1_246' title='bbox 780 4479 869 4557; x_wconf 92' lang='lat' dir='ltr'><strong>alias</strong></span> <span class='ocrx_word' id='word_1_247' title='bbox 897 4508 985 4557; x_wconf 91' lang='lat' dir='ltr'><strong>cum</strong></span> <span class='ocrx_word' id='word_1_248' title='bbox 1014 4507 1158 4585; x_wconf 84' lang='grc'><strong>55555</strong></span> <span class='ocrx_word' id='word_1_249' title='bbox 1187 4477 1387 4556; x_wconf 91' lang='lat' dir='ltr'><strong>dominum</strong></span> <span class='ocrx_word' id='word_1_250' title='bbox 1413 4477 1724 4555; x_wconf 84' lang='lat' dir='ltr'><strong>Aurelianensem</strong></span> 
     </span>
     <span class='ocr_line' id='line_1_31' title="bbox 306 4606 1725 4714; baseline 0 -31"><span class='ocrx_word' id='word_1_251' title='bbox 306 4607 826 4714; x_wconf 66' lang='lat' dir='ltr'><strong>episcopum,Senonis,sede</strong></span> <span class='ocrx_word' id='word_1_252' title='bbox 846 4608 1065 4688; x_wconf 83' lang='lat' dir='ltr'><strong>Senonensi</strong></span> <span class='ocrx_word' id='word_1_253' title='bbox 1075 4623 1246 4697; x_wconf 81' lang='lat' dir='ltr'><strong>vacante,</strong></span> <span class='ocrx_word' id='word_1_254' title='bbox 1268 4623 1307 4684; x_wconf 90' lang='lat' dir='ltr'><strong>et</strong></span> <span class='ocrx_word' id='word_1_255' title='bbox 1323 4606 1518 4685; x_wconf 88' lang='lat' dir='ltr'><strong>absolutus</strong></span> <span class='ocrx_word' id='word_1_256' title='bbox 1538 4624 1576 4684; x_wconf 88' lang='lat' dir='ltr'><strong>et</strong></span> <span class='ocrx_word' id='word_1_257' title='bbox 1593 4634 1725 4686; x_wconf 89' lang='lat' dir='ltr'><strong>recon-</strong></span> 
     </span>
     <span class='ocr_line' id='line_1_32' title="bbox 306 4736 1725 4844; baseline 0.001 -32"><span class='ocrx_word' id='word_1_258' title='bbox 306 4737 452 4815; x_wconf 89' lang='lat' dir='ltr'><strong>ciliatus</strong></span> <span class='ocrx_word' id='word_1_259' title='bbox 469 4766 539 4844; x_wconf 92' lang='lat' dir='ltr'><strong>per</strong></span> <span class='ocrx_word' id='word_1_260' title='bbox 557 4768 662 4830; x_wconf 90' lang='lat' dir='ltr'><strong>eum,</strong></span> <span class='ocrx_word' id='word_1_261' title='bbox 681 4756 719 4817; x_wconf 86' lang='lat' dir='ltr'><strong>et</strong></span> <span class='ocrx_word' id='word_1_262' title='bbox 737 4757 816 4817; x_wconf 80' lang='lat' dir='ltr'><strong>erat</strong></span> <span class='ocrx_word' id='word_1_263' title='bbox 835 4738 943 4818; x_wconf 87' lang='lat' dir='ltr'><strong>etatis</strong></span> <span class='ocrx_word' id='word_1_264' title='bbox 962 4736 1109 4817; x_wconf 83' lang='lat' dir='ltr'><strong>circiter</strong></span> <span class='ocrx_word' id='word_1_265' title='bbox 1121 4764 1167 4815; x_wconf 80' lang='lat' dir='ltr'><strong>xn</strong></span> <span class='ocrx_word' id='word_1_266' title='bbox 1187 4766 1386 4817; x_wconf 80' lang='lat' dir='ltr'><strong>annorum.</strong></span> <span class='ocrx_word' id='word_1_267' title='bbox 1403 4738 1524 4817; x_wconf 84' lang='lat' dir='ltr'><strong>Lectis</strong></span> <span class='ocrx_word' id='word_1_268' title='bbox 1540 4754 1666 4815; x_wconf 88' lang='lat' dir='ltr'><strong>autem</strong></span> <span class='ocrx_word' id='word_1_269' title='bbox 1685 4755 1725 4815; x_wconf 90' lang='lat' dir='ltr'><strong>et</strong></span> 
     </span>
     <span class='ocr_line' id='line_1_33' title="bbox 306 4867 1723 4986; baseline 0 -42"><span class='ocrx_word' id='word_1_270' title='bbox 306 4867 508 4975; x_wconf 82' lang='lat' dir='ltr'><strong>diligenter</strong></span> <span class='ocrx_word' id='word_1_271' title='bbox 525 4869 598 4948; x_wconf 84' lang='lat' dir='ltr'><strong>sibi</strong></span> <span class='ocrx_word' id='word_1_272' title='bbox 617 4871 793 4986; x_wconf 86' lang='lat' dir='ltr'><strong>expositis</strong></span> <span class='ocrx_word' id='word_1_273' title='bbox 811 4870 990 4951; x_wconf 90' lang='lat' dir='ltr'><strong>omnibus</strong></span> <span class='ocrx_word' id='word_1_274' title='bbox 1015 4887 1054 4948; x_wconf 89' lang='lat' dir='ltr'><strong>et</strong></span> <span class='ocrx_word' id='word_1_275' title='bbox 1076 4868 1233 4976; x_wconf 77' lang='lat' dir='ltr'><strong>singulis</strong></span> <span class='ocrx_word' id='word_1_276' title='bbox 1262 4868 1442 4961; x_wconf 82' lang='lat' dir='ltr'><strong>articulis,</strong></span> <span class='ocrx_word' id='word_1_277' title='bbox 1460 4868 1657 4977; x_wconf 90' lang='lat' dir='ltr'><strong>respondit</strong></span> <span class='ocrx_word' id='word_1_278' title='bbox 1676 4869 1723 4945; x_wconf 89' lang='lat' dir='ltr'><strong>ad</strong></span> 
     </span>
    </p>

    <p class='ocr_par' dir='ltr' id='par_1_7' title="bbox 1544 5006 1595 5073">
     <span class='ocr_line' id='line_1_34' title="bbox 1544 5006 1595 5073; baseline -0.196 0"><span class='ocrx_word' id='word_1_279' title='bbox 1544 5006 1595 5073; x_wconf 69' lang='lat'><strong>⁶5.</strong></span> 
     </span>
    </p>
   </div>
   <div class='ocr_carea' id='block_1_5' title="bbox 0 0 2044 6052">
    <p class='ocr_par' dir='ltr' id='par_1_8' title="bbox 0 0 2044 6052">
     <span class='ocr_line' id='line_1_35' title="bbox 0 0 2044 6052; baseline 0 2"><span class='ocrx_word' id='word_1_280' title='bbox 0 0 2044 6052; x_wconf 95' lang='lat' dir='ltr'><strong> </strong></span> 
     </span>
    </p>
   </div>
  </div>
 </body>
</html>
