4080 6052
307 496 382 565 512
692 472 886 565 procus
912 489 1008 563 uns
1034 450 1337 562 tournines]

307 635 531 723 diocessum,
553 633 617 738 qui
634 635 814 738 premissa
829 631 1102 740 protestatione
1123 632 1228 737 quod
1243 659 1320 708 non
1333 630 1588 710 intendebant
1603 631 1644 707 in
1664 631 1733 708 ali-

305 793 383 873 quo
410 764 585 841 recedere
618 764 957 842 aconlessionibus
993 779 1031 840 et
1060 761 1367 868 deposicionibus
1398 762 1489 839 alias
1523 760 1630 839 factis
1660 792 1734 869 per

307 923 372 972 eos
392 924 516 971 coram
539 894 616 971 suis
636 895 852 981 ordinariis,
879 911 917 972 et
940 893 1045 999 quod
1065 893 1096 969 si
1118 893 1263 1000 aliquid
1283 893 1581 970 contradicerent
1598 916 1724 970 corant

308 1024 580 1133 ipsisdominis
603 1025 881 1111 commissariis,
902 1050 971 1129 per
992 1023 1284 1129 simplicitatem,
1306 1023 1365 1100 vel
1391 1022 1498 1112 alias,
1525 1024 1628 1129 quod
1645 1051 1724 1101 non

302 1159 470 1247 lacerent
490 1157 543 1233 eis
558 1155 831 1262 prejudicium,
849 1159 1086 1263 juraverunt,
1112 1155 1219 1232 tactis
1238 1154 1479 1231 sacrosanctis
1497 1153 1725 1262 Evangeliis,

307 1290 432 1366 dicere
459 1289 498 1363 in
526 1287 746 1394 hujusmodi
773 1286 930 1393 negocio
958 1286 1152 1362 veritatem
1175 1283 1325 1392 plenam
1347 1301 1385 1361 et
1408 1312 1571 1372 meram,
1598 1313 1733 1361 secun-

309 1420 400 1496 dum
421 1418 582 1494 formam
596 1417 800 1523 juramenti
821 1417 979 1495 aliorum
1000 1417 1288 1523 precedencium
1306 1415 1463 1493 testium
1482 1414 1659 1521 superius
1674 1444 1731 1491 re·

307 1552 514 1657 gistratum,
538 1549 741 1655 expositam
763 1565 800 1625 et
818 1547 1079 1654 vulgaritatem
1098 1547 1252 1624 eisdem.
1379 1564 1382 1568 ’
1468 1608 1473 1617 ,

365 1680 514 1772 Quibus
534 1679 638 1768 actis,
671 1679 792 1755 dictus
811 1677 930 1754 frater-
942 1678 1128 1756 llobertus
1148 1678 1287 1783 Vigerii
1318 1678 1366 1754 de
1385 1676 1625 1755 Claramonte
1649 1707 1726 1754 ser-

308 1813 424 1897 viens,
445 1809 552 1886 testis
575 1838 687 1915 supra
705 1809 870 1917 juratus,
896 1837 975 1886 non
996 1807 1183 1885 defferens
1201 1807 1426 1885 mantellum
1453 1808 1618 1897 ordinis,
1642 1809 1727 1914 quia

309 1942 431 2042 ipsum
456 1942 650 2018 dimiserat
671 1941 710 2016 in
736 1939 895 2017 concilio
915 1939 1143 2028 senonensi,
1165 1957 1204 2016 et
1222 1940 1464 2046 postmodum
1488 1939 1574 2016 radi
1595 1939 1731 2016 lecerat

308 2072 380 2148 sibi
399 2071 571 2157 barbam,
594 2099 680 2146 cum
698 2099 775 2176 quo
797 2071 1021 2177 inquisitum
1039 2069 1178 2157 luerat,
1201 2069 1394 2148 absolutus
1411 2087 1450 2147 et
1469 2069 1734 2148 reconciliatus

308 2231 375 2307 per
395 2203 592 2279 dominum
610 2204 828 2309 episcopum
850 2203 1118 2290 Parisiensem,
1146 2202 1404 2310 sexagenarius
1425 2199 1483 2278 vel
1509 2202 1626 2291 circa,
1648 2230 1731 2309 pre·

308 2333 419 2410 missa
439 2350 477 2409 et
495 2333 652 2438 repetita
674 2334 947 2439 protestacione
967 2333 1151 2440 predicta,
1172 2332 1279 2410 lectis
1300 2349 1337 2409 et
1354 2332 1560 2440 diligenter
1577 2333 1650 2410 sibi
1671 2362 1731 2411 ex-

307 2465 437 2570 positis
461 2463 639 2541 omnibus
653 2481 691 2541 et
705 2464 862 2570 singulis
882 2463 1065 2555 articulis,
1091 2463 1287 2570 respondit
1310 2463 1357 2540 ad
1383 2490 1461 2551 eos,
1480 2481 1521 2541 et
1540 2465 1666 2571 primo
1685 2463 1731 2540 ad

307 2597 450 2700 primos
463 2623 542 2687 xm,
560 2595 663 2702 quod
682 2623 758 2671 nou
773 2595 916 2672 viderat
932 2613 969 2671 et
984 2596 1153 2683 sciverat,
1174 2624 1244 2672 nec
1258 2594 1451 2672 audiverat
1466 2595 1542 2671 dici
1563 2624 1633 2672 nec
1651 2623 1732 2672 cre·

308 2727 421 2803 debat
436 2727 540 2832 quod
557 2727 595 2801 in
612 2727 745 2802 ordine
759 2745 994 2803 servarentur
1010 2744 1185 2804 contenta
1201 2727 1241 2803 in
1259 2725 1369 2803 dictis
1385 2753 1450 2803 xtu
1466 2725 1641 2814 articulis3
1656 2754 1724 2801 nec

308 2858 347 2930 in
375 2859 588 2962 receptione
613 2886 678 2933 sua
703 2856 775 2933 luit
797 2858 942 2963 aliquid
964 2857 1104 2935 factum
1126 2858 1185 2933 vel
1210 2857 1352 2934 dictum
1380 2856 1569 2949 illicitum,
1589 2884 1657 2932 nec
1683 2856 1722 2931 in

308 2987 592 3090 recepcionibus
620 2987 941 3094 infrascriptorum
971 3016 1067 3096 quos
1094 2988 1186 3065 vidit
1209 2988 1342 3093 recipi,
1370 2986 1545 3064 videlieet
1571 2985 1724 3064 liuberti

308 3115 475 3192 Cortesia
493 3115 540 3191 d'e
552 3115 792 3193 Claromonte
807 3137 844 3195 et
854 3119 1015 3198 Bonasos
1027 3119 1186 3225 Temple
1201 3120 1248 3196 de
1261 3119 1431 3195 Talende
1447 3118 1731 3196 Claramonten·

308 3247 357 3321 sis
374 3246 541 3333 diocesis,
560 3276 655 3352 quos
675 3249 792 3323 credit
814 3277 892 3326 esse
910 3268 1096 3337 mortuos,
1117 3252 1182 3354 qui
1202 3249 1356 3325 fuerunt
1374 3250 1513 3355 recepti
1534 3250 1575 3324 in
1591 3247 1730 3355 capella

309 3376 445 3452 domus
474 3378 623 3483 Templi
648 3379 787 3455 Montis
818 3380 995 3455 Ferrandi
1029 3380 1127 3455 dicte
1160 3380 1337 3467 diocesis,
1369 3398 1454 3456 sunt
1481 3380 1609 3484 viginti
1639 3381 1727 3456 anni

308 3508 437 3611 elapsi,
476 3537 542 3612 per
571 3508 722 3584 fratrem
746 3510 995 3588 Guillelmum
1017 3511 1065 3587 de
1087 3513 1214 3587 Monte
1236 3510 1408 3588 Gastonis
1427 3509 1522 3584 dicte
1542 3509 1721 3597 diocesiS,

309 3638 477 3728 militem,
490 3640 682 3744 quondam
696 3661 954 3747 preceptorem
965 3660 1055 3718 tunc
1067 3642 1288 3733 deTurreta,
1301 3641 1534 3747 presentibus
1545 3639 1724 3717 iratribus

306 3769 484 3845 Durando
498 3768 651 3846 Albuini
672 3771 719 3848 de
732 3773 899 3849 Talende
917 3792 1141 3879 preceptore
1161 3774 1301 3849 Montis
1321 3771 1517 3859 Ferrandi,
1541 3772 1724 3855 Durando

306 3902 435 3978 Melias
459 3904 695 4009 presbytero,
725 3904 935 3982 deffunctis.
951 3904 1054 3983 Vidit
1075 3905 1192 3980 eciam
1213 3906 1327 4011 recipi
1349 3905 1552 4010 quemdam
1573 3903 1728 4010 presby·

305 4051 441 4122 terum,
460 4035 566 4140 cujus
578 4062 718 4110 nomen
731 4036 887 4139 ignorat,
903 4064 970 4140 per
982 4035 1135 4111 fratrem
1147 4037 1401 4113 Humbertum
1416 4036 1531 4113 Blanc
1552 4034 1727 4120 militem,

306 4180 394 4238 sunt
408 4165 495 4238 anni
511 4192 534 4240 x
552 4164 685 4269 elapsi,
703 4166 741 4239 in
755 4165 895 4269 capella
912 4167 1048 4241 domus
1062 4166 1212 4271 Templi
1229 4167 1275 4242 de
1294 4169 1469 4258 Turreta,
1487 4166 1725 4271 presentibus

304 4292 480 4371 lratribus
494 4295 675 4370 Durando
690 4295 848 4371 Pinbola
863 4313 900 4372 et
911 4298 1072 4384 Boneto,
1092 4297 1200 4404 cujus
1218 4325 1427 4404 cognomen
1441 4297 1603 4402 ignorat,
1623 4323 1725 4401 pres·
1809 4335 1810 4339 ¹

304 4422 458 4527 hyteris‚
484 4427 642 4532 Hugone
666 4426 712 4500 de
733 4427 895 4503 Borneto
931 4426 1133 4512 serviente,
1165 4427 1212 4503 de
1236 4455 1400 4533 quorum
1426 4428 1497 4503 vita
1519 4426 1578 4503 vel
1608 4443 1726 4505 morte

305 4580 380 4626 non
408 4554 522 4628 habet
550 4556 826 4632 certitudinem.
864 4556 966 4635 Vidit
1000 4557 1116 4634 eciam
1148 4558 1263 4663 recipi
1293 4558 1503 4634 Johannem
1532 4558 1724 4635 Sarraceni

304 4682 543 4767 servientem,
566 4687 806 4771 Bituricensis
827 4688 1000 4778 diocesis,
1027 4688 1187 4765 indicto
1209 4689 1291 4767 loco
1313 4689 1360 4765 de
1378 4692 1558 4778 Turreta,
1581 4717 1652 4796 per
1672 4687 1725 4767 di·

306 4830 407 4887 ctum
429 4810 580 4886 l'ratrem
594 4815 849 4906 Himbertum‚
873 4836 1003 4895 suntr
1025 4819 1112 4894 anni
1131 4818 1262 4926 elapsi,
1283 4819 1526 4925 presentibus
1537 4816 1720 4899 Durando
