4080 6052
697 481 892 575 euocns
919 501 1014 573 nus
1039 502 1338 576 ruurmuns.
1651 508 1725 584 aas

305 643 503 750 respondit
513 669 553 721 se
563 641 680 718 nichil
691 643 801 732 scire,
814 668 884 718 nee
896 641 1204 749 audiviss03quin
1219 643 1297 719 imo
1311 643 1727 730 credebatcontrarium

306 802 386 853 esse
405 802 553 861 verum,
570 773 710 853 scilicet
724 774 830 881 quod
843 772 942 851 hene
956 772 1161 850 credebant
1176 791 1449 853 sacramentum
1466 775 1591 856 altaris
1606 799 1644 858 et
1658 784 1728 859 alia

305 922 533 985 sacramenta
561 905 745 996 Ecclesie,
779 922 818 981 et
843 905 948 1011 quod
976 906 1189 983 sacerdotes
1218 906 1331 983 verba
1362 907 1531 986 dicerent
1558 940 1727 1020 perque

301 1037 506 1143 ,conficitur
529 1064 665 1143 corpus
686 1034 843 1128 Christi,
869 1064 938 1112 nec
966 1035 1107 1113 audivit
1133 1037 1238 1143 quod
1266 1064 1435 1144 unquam
1462 1040 1730 1147 prohiberetur

306 1170 361 1246 eis
379 1197 428 1246 ne
447 1169 616 1247 dicerent
630 1168 728 1245 dicta
746 1166 869 1244 verba.
1221 1248 1224 1253 ,
1363 1179 1368 1188 ’

363 1301 474 1391 Item,
500 1297 705 1406 requisitus
728 1326 843 1404 super
860 1323 1002 1377 mvelt
1021 1299 1203 1389 articulis,
1224 1301 1420 1406 respondit
1446 1304 1552 1407 quod
1576 1308 1729 1412 quando

308 1430 444 1538 aliquis
463 1429 578 1507 frater
595 1430 683 1506 dicti
704 1429 847 1507 ordinis
867 1428 1113 1537 delinquebat
1130 1429 1300 1536 publice,
1322 1432 1509 1538 Magister,
1530 1434 1590 1511 vel
1609 1438 1732 1515 visita-

270 1625 272 1629 >
303 1581 366 1640 tor
385 1579 450 1640 aut
473 1579 710 1669 preceptores
728 1559 936 1667 puniebant
961 1587 1052 1639 aum
1075 1561 1287 1639 secundum
1308 1563 1452 1641 ordinis
1477 1564 1727 1672 disciplinam,

305 1693 363 1771 vel
389 1693 424 1769 ei
448 1693 609 1799 graciam
632 1690 819 1770 faciebant
843 1693 1370 1801 quandoque„verumtamen
1397 1695 1444 1772 de
1468 1698 1629 1802 peccatis
1652 1727 1729 1777 non

306 1824 562 1917 absolvebant,
580 1824 649 1902 sed
663 1823 873 1902 sacerdotes
888 1823 1033 1902 ordinis
1046 1822 1187 1931 quibus
1201 1823 1478 1903 confitebantur
1491 1825 1733 1906 absolvebant

308 1983 393 2044 eos,
416 1958 543 2035 etheo
563 1955 661 2035 siria
683 1932 938 2033 secuissem
958 1953 1297 2061 rosselanus
1318 1954 1571 2035 aratrorum
1591 1957 1731 2065 quinus
1817 1996 1821 2001 -

308 2087 537 2166 interfuerat.

365 2221 478 2311 Item,
493 2219 699 2326 requisitus
711 2245 826 2324 super
837 2244 969 2297 xxx-ru
983 2218 1164 2310 articulis,
1178 2221 1375 2327 respondit
1386 2250 1518 2299 verum
1534 2249 1613 2300 esse
1626 2224 1731 2330 quod

309 2351 348 2427 in
373 2350 591 2457 recepcione
618 2348 775 2425 fratrum
802 2348 986 2453 recipiens
1010 2346 1249 2425 osculabatur
1272 2350 1311 2424 in
1336 2377 1401 2426 ore
1425 2352 1670 2456 recipientem
1696 2372 1733 2427 et

309 2480 635 2591 fratresastautes3
657 2480 705 2558 de
725 2478 807 2556 aliis
833 2475 1131 2557 osculacionihus
1150 2478 1335 2555 contentis
1359 2455 1398 2554 iir
1421 2479 1531 2556 dictis
1550 2479 1730 2568 articulis,

309 2613 402 2690 dixit
420 2640 461 2690 se
480 2609 600 2688 nichil
619 2609 731 2699 scire,
752 2623 823 2685 ne'c
842 2609 996 2686 credere
1017 2634 1098 2684 esse
1116 2634 1219 2696 vera,
1240 2609 1309 2685 sed
1328 2625 1478 2714 reputat
1495 2608 1728 2688 abusionem.

362 2743 479 2832 Item,
497 2741 703 2848 requisitus
719 2766 839 2847 super
857 2761 966 2817 xxxtt
986 2752 1026 2814 et
1039 2762 1063 2815 v
1078 2735 1259 2826 articulis,
1275 2738 1474 2844 respondit
1485 2741 1591 2847 quod
1607 2743 1732 2819 statim

308 2902 376 2980 pro
394 2870 572 2981 professis
591 2870 854 2962 habebantur3,
867 2868 935 2947 sed
955 2867 1062 2975 quod
1071 2868 1245 2976 jurarent
1263 2896 1303 2946 se
1322 2896 1399 2948 non
1420 2869 1520 2946 exire
1540 2870 1730 2959 ordinem,

309 3005 401 3081 dixit
419 3031 459 3082 se
479 3003 639 3095 nescire,
661 3030 732 3078 nec
751 2999 948 3078 audivisse.
1040 3064 1043 3069 .

365 3137 478 3222 Item,
497 3132 704 3240 requisitus
722 3156 1055 3239 supermittatur
1075 3130 1472 3238 articulis,respondit
1488 3133 1593 3238 quod
1615 3134 1655 3210 in
1674 3162 1732 3210 re-

309 3264 485 3369 cepcione
508 3261 666 3341 hamum
691 3290 769 3341 non
795 3260 1095 3341 intererantnisi
1118 3260 1249 3340 fratres
1275 3262 1364 3339 dicti
1389 3263 1549 3356 ordinis,
1571 3280 1610 3341 et
1627 3265 1733 3370 quod
1784 3312 1790 3326 ·

307 3393 450 3472 fiebant
460 3393 587 3502 januis
605 3392 755 3486 clausis3
770 3392 890 3472 nescit
904 3409 1049 3484 tamem
1065 3409 1110 3470 ut
1125 3392 1232 3482 dixit,
1248 3392 1355 3500 quod
1370 3410 1524 3500 propter
1535 3393 1609 3470 hoc
1621 3394 1733 3470 vehe-

307 3553 414 3604 mens
439 3526 600 3633 suspicio
624 3524 842 3616 haberetur,
865 3523 955 3631 quia
976 3551 1054 3602 non
1075 3523 1218 3601 audivit
1242 3523 1289 3600 dc
1314 3525 1388 3601 hoc
1411 3541 1496 3602 ante
1516 3525 1732 3630 capcionenr

307 3656 629 3763 Templariorum,
647 3684 718 3735 neo
734 3672 882 3764 poterat
899 3654 1064 3733 divinare
1082 3654 1178 3762 quid
1192 3654 1255 3731 alii
1272 3654 1558 3761 suspicabantur
1579 3655 1626 3733 de
1645 3654 1729 3731 hoc.

364 3787 478 3875 Item,
505 3787 711 3894 requisitus
739 3813 854 3894 snper
876 3812 965 3867 stu-s
990 3784 1178 3876 articulis,
1204 3784 1312 3893 quod
1338 3802 1513 3892 poterant
1536 3783 1732 3863 carnaliter

310 3916 548 3993 commisceri·
563 3915 664 3993 licite
684 3933 724 3993 et
741 3917 823 3994 sine
845 3933 1015 4023 peccato,
1037 3932 1077 3994 et
1092 3916 1201 4025 quod
1229 3916 1359 4024 plures
1376 3917 1435 3994 vel
1462 3916 1578 4023 aliqui
1599 3943 1732 3993 eorum

308 4048 382 4125 hoc
400 4044 601 4147 faciebamt,
621 4046 819 4152 respondit
832 4073 873 4123 se
890 4045 1008 4124 nichil
1022 4046 1133 4141 scire,
1154 4075 1225 4124 nec
1245 4046 1447 4136 audivisse,
1467 4047 1540 4123 nisi
1559 4047 1598 4122 in
1612 4073 1732 4154 quan-

306 4197 391 4256 tum
415 4207 529 4288 supra
554 4177 731 4285 deposuit
753 4174 969 4255 sibihrisse
994 4177 1140 4256 dictum
1162 4205 1233 4285 per
1256 4177 1411 4255 fratrem
1431 4179 1471 4253 Ρ.
1500 4177 1548 4255 de
1566 4175 1728 4268 Braella,

308 4309 347 4385 in
366 4338 444 4417 quo
463 4327 555 4388 tunc
573 4307 718 4387 malum
735 4304 889 4386 nullum
907 4306 1109 4400 intellexit,
1130 4324 1175 4386 ut
1194 4307 1308 4386 dixit'

364 4439 476 4530 Item,
495 4439 700 4547 requisitus
719 4465 835 4547 snper
851 4465 1025 4520 xnvr-nrn
1045 4437 1227 4530 articulis,
1250 4437 1298 4519 de
1316 4436 1457 4548 ydolis,
1478 4439 1673 4546 respondit
1692 4469 1731 4517 se

309 4571 426 4649 nichil
443 4572 553 4662 scire,
572 4599 643 4649 nec
654 4569 749 4673 ¹olias
766 4570 965 4664 audivisse,
980 4570 1059 4651 imo
1071 4569 1270 4678 reputabat
1282 4567 1422 4647 trulani
1436 4548 1475 4649 et
1484 4567 1622 4648 salsum
1637 4599 1728 4661 esse,

309 4703 398 4810 quia
411 4685 632 4781 interfuerat
645 4701 818 4811 capitulis
833 4701 997 4781 Parisius
1010 4701 1071 4783 bis
1085 4719 1123 4781 et
1137 4703 1176 4780 in
1191 4703 1306 4809 Cipro
1320 4701 1396 4794 bis,
1413 4719 1452 4780 et
1467 4730 1664 4811 nunquam
1682 4704 1729 4782 de

310 4835 493 4918 tententis
505 4835 545 4911 in
558 4833 668 4915 dictis
682 4830 848 4913 articulis
860 4831 1051 4913 audiverat
1068 4833 1152 4912 lieri
1167 4833 1404 4912 mencionem
1420 4833 1458 4910 in
1477 4835 1547 4927 eis,
1561 4852 1609 4914 ,ut
1623 4835 1725 4912 dixit.

1186 4952 1202 5039 l
