4080 6052
696 537 1336 629 sucessores-rummiens.
1648 562 1720 633 251

306 724 346 772 se
374 697 514 772 nescire
536 697 582 772 de
610 698 794 808 contentis
818 697 857 772 in
883 697 992 773 dictis
1017 720 1054 787 rt
1080 697 1261 786 articulis,
1288 699 1376 803 quia
1395 722 1590 804 nunquam
1610 700 1723 777 inter-

305 825 426 902 fuerat
445 827 654 931 recepcioni
673 820 830 934 alicujus
849 826 973 904 fratris
989 854 1059 903 nec
1078 827 1187 904 alicui
1203 827 1378 933 capitulo.

330 1012 333 1017 -
359 955 470 1043 Item,
490 955 697 1064 requisitus
709 985 823 1064 super
838 983 941 1037 term
956 957 1138 1048 articulis,
1155 958 1203 1033 de
1220 957 1549 1066 dogmatizacione,
1568 973 1655 1047 etc,
1672 987 1726 1034 re-

303 1085 461 1189 spondit·
473 1087 579 1191 quod
596 1114 673 1162 non
694 1086 870 1163 credebat
889 1115 969 1163 esse
986 1114 1073 1163 vera
1090 1104 1265 1164 contenta
1285 1089 1323 1163 in
1344 1088 1433 1194 ipsis
1452 1086 1633 1175 articulis,
1655 1116 1725 1163 nec

304 1215 553 1320 aliquidinde
572 1218 721 1295 sciebat.

361 1346 472 1436 Item,
488 1348 691 1453 requisitus
704 1375 818 1453 super
832 1373 985 1427 vnn-xm
998 1347 1175 1439 articulis,
1190 1347 1237 1425 de
1248 1349 1441 1454 spuicione
1450 1374 1565 1454 super
1575 1376 1722 1426 crucem

305 1490 343 1549 et
374 1477 673 1569 conculcatione,
705 1476 901 1584 respondit
927 1506 968 1554 se
999 1478 1124 1585 aliqua
1152 1478 1335 1554 audivisse
1364 1478 1414 1554 ab
1442 1478 1645 1583 aliquibus,
1676 1481 1722 1556 de

303 1633 467 1710 quorum
492 1609 713 1687 nominibus
742 1637 818 1686 non
840 1606 1083 1702 recordatur,
1112 1626 1197 1686 ante
1227 1610 1441 1715 captionem
1467 1636 1617 1700 eorum,
1642 1638 1722 1687 non

303 1740 518 1817 nmensseit
539 1740 690 1847 aliquid·
707 1742 754 1818 de
779 1741 965 1818 contentis
987 1741 1026 1816 in
1041 1739 1162 1817 :dictis
1186 1741 1365 1830 articulis,
1392 1741 1463 1817 nisi
1488 1741 1592 1846 quod
1612 1759 1724 1847 supra

304 1868 495 1975 deposuit,
516 1900 588 1948 nec
606 1873 740 1964 credit,
761 1889 806 1949 ut
825 1873 928 1948 dixit.

358 2000 469 2087 Item,
483 2001 694 2106 ,requisitus
714 2030 827 2107 super
842 2008 905 2081 xit
919 2018 961 2077 'et
975 2026 1025 2079 ut
1047 2002 1227 2089 articulis,
1242 2001 1289 2078 de
1310 2019 1408 2093 cato,
1424 2018 1510 2090 etc,
1526 2004 1723 2107 respondit

304 2155 343 2202 se
364 2129 480 2204 nichil
504 2131 597 2206 scire
611 2161 620 2224 ;
632 2130 784 2208 vaudiuit
799 2148 927 2206 temen
946 2132 995 2207 ab
1015 2131 1205 2237 aliquibus
1227 2130 1317 2217 dici,
1342 2131 1390 2208 de
1409 2131 1548 2237 quibus
1567 2159 1646 2208 non
1664 2160 1723 2209 re-

306 2257 491 2348 cordatur,
513 2259 618 2366 quod
636 2260 792 2365 quidam
812 2261 1130 2365 catusupparebat
1141 2261 1239 2336 ultra
1259 2288 1361 2337 mare
1377 2263 1417 2336 in
1430 2261 1560 2366 preliis
1572 2289 1720 2352 eorum,

303 2387 409 2493 quod
424 2406 552 2466 tamen
568 2418 647 2467 non
667 2390 798 2467 credit,

360 2518 471 2608 Item,
500 2520 705 2625 requisitus
729 2548 843 2625 super
870 2503 1077 2600 xvi-rium
1096 2517 1287 2604 articulis,
1308 2520 1504 2624 respondit
1522 2522 1626 2626 quod
1649 2548 1726 2596 non

305 2647 480 2723 credebat
499 2675 563 2724 eos
583 2676 662 2724 esse
683 2677 807 2739 veros,
830 2648 898 2725 sed
916 2647 1048 2753 pocius
1066 2647 1307 2724 eontrarium

359 2779 471 2868 Item,
485 2778 689 2884 requisitus
700 2778 748 2854 ad
760 2804 891 2855 xxx-111*
898 2775 1093 2869 articulos,
1109 2778 1156 2854 de
1163 2775 1323 2863 osculis,
1333 2778 1529 2882 respondit
1541 2794 1586 2853 ut
1598 2805 1722 2883 supra.

358 2910 470 2998 Item,
488 2908 692 3014 requisitus
709 2907 877 2986 admit
892 2925 930 2984 et
945 2906 1174 2999 verticulos,
1186 2906 1383 3012 respondit
1395 2907 1501 3013 quod
1512 2908 1638 2984 statim
1654 2935 1724 3013 pro

306 3038 480 3144 professis
492 3039 742 3125 habebantur,
755 3039 823 3115 sed
836 3066 914 3115 non
921 3038 1099 3146 jurabant
1114 3065 1192 3115 non
1209 3038 1494 3115 exireordinem
1506 3038 1611 3145 qnod
1623 3039 1723 3115 sciat.

361 3170 471 3253 Item,
483 3168 687 3273 requisitus
695 3168 743 3243 ad
752 3194 958 3248 xxxvi-cmi
972 3166 1163 3260 articulos,
1176 3165 1371 3273 respondit
1381 3167 1485 3275 quod
1497 3168 1725 3245 clandestine

305 3299 447 3375 [iebant
463 3299 718 3404 recepciones,
733 3300 860 3406 januis
880 3299 1030 3386 clausis,
1049 3299 1164 3377 nullis
1182 3298 1437 3406 presentibus,
1458 3300 1529 3376 nisi
1550 3299 1726 3376 fratribus

305 3431 465 3519 ordinis,
495 3447 533 3506 et
557 3430 664 3538 quod
689 3460 732 3508 ex
760 3432 833 3508 hoc
853 3430 1195 3536 gentesseculares
1222 3457 1300 3506 non
1327 3446 1434 3506 erant
1455 3429 1553 3505 bene
1577 3445 1724 3537 pegam,

305 3562 482 3669 adjiciens
505 3591 545 3639 se
570 3562 735 3640 multum
754 3563 918 3669 gaudere
942 3562 1032 3667 quia
1056 3561 1223 3668 predicto
1246 3577 1336 3638 sunt
1360 3559 1550 3651 revellata,
1577 3577 1615 3636 et
1639 3560 1726 3666 quia

306 3695 450 3770 domini
479 3695 577 3798 Papa
605 3711 643 3770 et
665 3697 742 3770 Rex
767 3694 900 3771 volunt
930 3694 1024 3771 seire
1054 3709 1093 3768 et
1118 3693 1254 3798 punire
1283 3693 1472 3798 predicta,
1498 3718 1727 3800 quamquam

307 3825 386 3928 ipse
406 3821 621 3928 perdatilla
640 3851 715 3928 que
733 3824 863 3928 posuit
881 3824 922 3900 in
942 3823 1075 3901 ordine
1093 3824 1274 3928 predicto.

361 3952 840 4059 Item,=re'quisitusadxt-t
849 3953 1449 4061 articulos,responditdecarnali
1458 3951 1726 4031 commixtione

306 4084 410 4191 quod
425 4110 536 4190 supra
553 4083 743 4190 deposuit,
763 4083 835 4160 sibi
851 4083 995 4160 dictum
1011 4082 1126 4160 luisse
1143 4085 1184 4159 in
1204 4112 1271 4161 sua
1284 4083 1517 4188 recepcione3
1531 4108 1727 4188 nunquam

306 4234 431 4292 tamen
450 4213 594 4291 audivit
612 4213 686 4295 dici
705 4212 875 4318 predicta
889 4211 1010 4290 lacere
1026 4239 1106 4290 non
1121 4240 1204 4290 esse
1220 4229 1430 4319 peccatum,
1449 4238 1520 4287 nec
1535 4211 1639 4319 quod
1656 4209 1728 4287 lra-
1825 4254 1827 4258 ·

307 4363 602 4424 tresuterentur
619 4345 716 4422 vicio
733 4344 958 4450 supradicto.

362 4478 473 4564 Item,
489 4477 696 4582 requisitus
709 4477 756 4552 ad
770 4499 932 4555 xtra-*rixi
950 4475 1138 4563 articulos,
1157 4473 1539 4581 responditrsenicbil
1554 4473 1646 4549 scite
1660 4498 1729 4546 nec

307 4605 451 4711 aliquid
474 4605 669 4683 audivisse.
692 4603 797 4681 Vidit
821 4621 948 4683 tamen
965 4605 1080 4712 ·quod
1104 4604 1219 4711 aliqui
1244 4603 1376 4682 fratres
1400 4603 1599 4710 portabant
1618 4628 1730 4708 quss-

309 4737 393 4813 dam
419 4734 591 4814 cordulas
606 4764 726 4843 super
753 4737 963 4829 camisitm3
992 4736 1072 4844 ipse
1089 4752 1226 4814 ‘umen
1256 4762 1334 4813 non
1357 4735 1532 4842 porterit,
1562 4761 1631 4810 nec
1658 4728 1730 4809 fuit

309 4868 378 4946 sibi
397 4867 627 4975 injunctum,
649 4867 814 4947 abdixit.

1570 5002 1618 5062 32.
