4080 6052
692 535 886 627 rnocns
913 554 1007 626 ons
1034 551 1335 627 rsursrnas.
1648 556 1718 626 ssi

305 699 526 776 suetudines
540 695 696 774 ordinis.
712 695 959 773 Postmodum
979 693 1173 800 imposuit,
1196 712 1235 772 et
1248 695 1373 800 primo
1388 695 1457 799 ipsi
1479 697 1654 784 Arbsrto,
1672 700 1724 774 eis
1796 769 1801 777 .

306 827 518 914 mantellos,
535 844 574 904 et
593 827 672 932 ipse
686 842 725 903 et
741 842 903 904 astantes
918 823 1075 901 luerunt
1087 850 1152 901 eos
1166 824 1320 901 osculati
1335 825 1376 899 in
1392 853 1469 900 ore.
1484 825 1630 903 Deinde
1645 856 1724 932 pre-

304 960 403 1065 cepit
424 960 496 1049 eis,
517 960 557 1034 in
574 958 765 1064 presencia
784 957 1058 1062 predictorum,
1077 956 1183 1062 quod
1197 964 1376 1062 spuerent
1390 983 1504 1061 super
1520 960 1722 1064 quamdam

305 1118 455 1167 crucem
476 1088 672 1196 cujusdam
693 1088 863 1166 mantelli
882 1115 1015 1163 eorum
1029 1085 1175 1164 ibidem
1194 1088 1371 1194 positam,
1391 1087 1519 1164 diceus
1534 1090 1639 1194 quod
1655 1091 1724 1166 hec

305 1237 344 1297 et
363 1219 433 1296 alia
453 1219 580 1295 illicita
595 1219 793 1324 sequencia
814 1234 920 1294 erant
940 1217 988 1294 de
1007 1218 1156 1323 punctis
1176 1217 1336 1308 ordinis,
1356 1234 1394 1294 et
1410 1219 1514 1324 quod
1528 1220 1724 1325 oportebat

306 1379 369 1427 eos
390 1350 510 1427 lacere
532 1350 721 1456 predicta3
748 1367 788 1425 et
811 1365 902 1425 tunc
923 1350 1002 1455 ipse
1024 1350 1130 1427 testis
1153 1366 1191 1425 et
1211 1350 1333 1426 dictus
1351 1350 1532 1427 Arbertus
1559 1353 1723 1427 multum

305 1481 507 1568 fleverunt,
529 1498 567 1557 et
588 1481 711 1556 dictus
730 1481 835 1556 testis
852 1479 944 1555 dixit
961 1479 1068 1584 quod
1088 1480 1219 1584 pocius
1239 1479 1355 1554 exiret
1373 1479 1595 1585 religionem
1611 1512 1724 1587 quam

305 1611 440 1687 laceret
459 1611 646 1715 predicta,
669 1610 735 1685 sed
754 1609 917 1685 finaliter
932 1607 1247 1711 dictusflArbertus
1265 1610 1365 1714 spuit
1380 1611 1503 1714 primo
1522 1640 1598 1687 non
1612 1641 1725 1718 super

304 1741 371 1818 sed
385 1740 491 1848 juxta
511 1741 648 1818 dictam
673 1766 843 1824 crucem,
870 1755 1012 1843 etpost
1036 1739 1161 1844 ipsum
1183 1739 1305 1815 dictus
1323 1740 1440 1815 testis.
1468 1741 1615 1817 Deinde
1640 1771 1724 1848 pre-

304 1873 402 1977 cepit
430 1873 484 1949 eis
508 1872 614 1978 quod
643 1871 870 1976 abnegarent
893 1868 1071 1958 lhesum,
1101 1894 1177 1944 nou
1208 1868 1379 1945 faciendo
1408 1870 1644 1948 mencionem
1676 1875 1723 1949 de

304 2002 455 2081 Christo
475 2028 544 2080 uec
564 2003 611 2078 de
630 2002 735 2089 Deo:
755 2017 893 2076 etcum
915 1997 1038 2076 dictus
1057 1998 1235 2076 Albertus
1260 1999 1492 2108 abnegasset,
1522 2003 1600 2107 ipse
1620 2007 1725 2082 testis

305 2135 500 2240 abnegavit
520 2161 586 2211 ore
611 2161 689 2210 non
717 2132 850 2218 corde,
873 2130 1048 2220 credens,
1071 2147 1114 2206 ut
1134 2131 1243 2219 dixit,
1267 2132 1446 2208 eumdem
1464 2118 1661 2210 libertum
1683 2138 1725 2212 si-

307 2264 447 2341 militer
467 2293 531 2340 ore
559 2290 635 2340 non
659 2262 773 2340 corde
798 2288 963 2368 negasse.
986 2261 1133 2337 Deinde
1156 2260 1249 2337 dixit
1269 2261 1322 2337 eis
1341 2261 1448 2368 quod
1465 2279 1639 2368 poterant
1656 2269 1723 2341 ad·

305 2395 464 2472 invicem
484 2411 522 2471 et
544 2422 630 2470 cum
652 2393 732 2469 aliis
748 2392 927 2468 fratribus
955 2391 1098 2469 ordinis
1122 2392 1318 2469 carnaliter
1342 2394 1593 2485 commisceri,
1622 2414 1660 2472 et
1684 2398 1722 2472 id

306 2525 431 2630 ipsum
446 2526 537 2630 pati,
558 2553 661 2611 nam,
689 2553 775 2599 cum
796 2524 980 2600 vovissent
1000 2523 1223 2614 castitatem,
1245 2551 1321 2598 non
1343 2522 1532 2600 debebant
1547 2528 1721 2603 accedere

306 2657 352 2732 ad
376 2656 564 2732 mulieres.
590 2657 886 2759 Verumptamen
904 2653 983 2759 ipse
1003 2653 1109 2730 testis
1128 2682 1205 2729 non
1223 2653 1410 2731 commisit
1431 2653 1574 2729 dictum
1596 2685 1722 2761 pecca*

305 2803 405 2872 tum,
429 2814 498 2861 nec
517 2783 589 2860 luit
609 2785 657 2861 de
679 2784 751 2859 hoc
771 2784 975 2890 requisitus
994 2783 1042 2859 ab
1058 2781 1161 2870 aliis;
1180 2798 1218 2859 et
1232 2785 1364 2888 pocius
1384 2785 1503 2861 credit
1525 2786 1627 2890 quod
1647 2814 1722 2863 uon

306 2915 606 2992 committeretur
627 2913 674 2990 ab
698 2913 780 2991 aliis
801 2913 979 2991 fratribus
999 2942 1115 3019 quarn
1135 2915 1386 3002 contrarium
1406 2914 1478 2991 alia
1499 2915 1628 2992 illicita
1647 2946 1723 2993 non

307 3046 608 3135 intervenerunt,
630 3045 697 3121 sed
723 3045 843 3121 credit
862 3045 969 3150 quod
992 3044 1032 3120 in
1061 3045 1346 3151 recepcionibus
1371 3045 1532 3124 aliorum
1557 3048 1614 3124 vel
1642 3067 1724 3154 post

307 3176 558 3252 communiter
566 3174 834 3251 intervenirent
846 3174 944 3251 dictu
953 3170 1130 3252 illicita‘at
1142 3204 1218 3251 non
1229 3176 1300 3251 alia
1313 3177 1352 3251 in
1365 3177 1721 3255 articuliscontenta.

308 3304 440 3381 Statim
459 3335 529 3411 pro
547 3304 721 3411 professis
739 3304 986 3383 habebantur.
1008 3306 1248 3384 Clandestine
1267 3307 1560 3413 recipiebantur,
1584 3334 1627 3384 ex
1645 3336 1723 3415 quo

307 3437 426 3514 credit
449 3438 554 3543 quod
579 3452 677 3514 esset
697 3435 859 3540 suspicio
880 3435 977 3512 mala
996 3453 1123 3513 contra
1145 3465 1220 3514 eoa.
1240 3436 1512 3543 lojnngebatur
1525 3465 1593 3541 per
1608 3466 1724 3525 sacra-

306 3584 478 3644 mentum
500 3596 547 3644 ne
567 3565 775 3643 revelarent
798 3583 938 3643 secreta
958 3565 1229 3671 capitulorum,
1250 3583 1287 3641 et
1309 3561 1382 3672 qui
1395 3567 1637 3668 revelassent,
1659 3597 1727 3674 pu

307 3696 375 3772 niti
396 3694 570 3782 luissent,
593 3695 711 3772 nescit
731 3695 904 3799 qualiter.
921 3696 977 3772 De
997 3694 1176 3800 predictis
1191 3695 1331 3773 illicitis
1349 3696 1497 3774 dixitne
1515 3696 1627 3776 luisse
1643 3727 1726 3774 con·

306 3825 448 3904 sessum
464 3841 502 3901 et
515 3816 747 3911 absolutum,
770 3825 870 3902 intra
888 3824 1058 3901 triduum
1077 3855 1096 3901 a
1116 3827 1336 3932 recepcione
1360 3844 1441 3918 sua,
1464 3829 1566 3905 fratri
1588 3830 1724 3906 Jacobo

308 3956 355 4032 de
371 3953 615 4062 Dangonvilla
627 3955 848 4063 Lotoringo,
865 3955 1100 4064 presbytero,
1121 3956 1317 4050 defuncto,
1337 3959 1375 4033 in
1388 3958 1531 4064 capella
1545 3959 1642 4036 dicte
1656 3960 1725 4036 do·

308 4116 392 4163 mus
413 4087 460 4163 de
480 4087 668 4192 Cooperto
688 4087 825 4177 Pateor
844 4115 1047 4194 perquem
1065 4087 1137 4165 fuit
1157 4088 1191 4165 ei
1211 4089 1384 4194 imposita
1405 4090 1616 4195 penitencia
1635 4092 1724 4197 quia

302 4217 491 4324 jejunaret
510 4217 660 4294 duobus
679 4217 785 4293 annis
800 4216 935 4322 diebus
951 4219 1146 4297 Venerinis
1164 4237 1203 4296 et
1221 4219 1445 4308 sabbatinis,
1466 4239 1506 4299 et
1524 4224 1626 4328 quod
1646 4223 1725 4297 cin-

307 4362 458 4452 geretur
481 4376 556 4424 una
584 4345 736 4424 cordula
765 4376 880 4453 super
906 4377 1055 4426 carne!
1081 4351 1223 4427 nudam
1249 4379 1318 4456 per
1343 4352 1484 4427 dictum
1509 4351 1723 4439 biennium,

307 4506 421 4582 quam
445 4479 693 4583 penitenciam
709 4479 928 4584 complevit,
950 4498 988 4557 et
1006 4480 1131 4558 adbuc
1148 4499 1271 4589 portat
1291 4482 1429 4558 dictam
1449 4482 1661 4573 cordulam,
1683 4499 1726 4559 ut

309 4606 411 4687 dixit
437 4610 585 4684 Fratres
611 4609 770 4685 scientes
790 4636 937 4687 errores
957 4610 1151 4716 predictos
1179 4611 1337 4688 fuerunt
1361 4613 1611 4720 negligentes,
1637 4613 1725 4720 quia

308 4762 386 4811 non
417 4754 659 4814 correxerunt
686 4765 751 4815 eos
775 4768 845 4815 uec
870 4740 1191 4818 denunciaverunt
1222 4742 1398 4820 Ecclesie.
1432 4743 1663 4822 Elemosinas
1689 4761 1726 4818 ct

309 4868 599 4973 hospitalitatem
619 4869 713 4946 vidit
731 4870 999 4949 convenienter
1017 4872 1098 4949 sieri
1116 4891 1154 4949 et
1173 4875 1308 4949 servari
1328 4875 1367 4951 in
1385 4874 1563 4952 domibus
1582 4873 1725 4951 ordinis
