4080 6052
691 537 888 632 raocbs
915 556 1009 629 nas
1036 555 1337 676 reaccensus.
1652 561 1724 633 sco

303 724 430 785 tamen
448 704 551 782 testis
566 701 743 779 credebat
756 701 796 779 in
815 700 893 787 eis,
901 718 1189 806 verumptamen
1203 699 1532 779 non'eristimabat
1545 701 1651 807 quod
1670 731 1728 778 re-

304 856 431 942 ceptor
450 862 558 925 suus,
580 833 647 940 qui
668 847 889 940 preceperat
906 832 941 909 ei
962 831 1068 937 quod
1087 830 1306 910 obmitteret
1322 831 1530 910 11110'verba
1553 833 1725 921 canonis,

304 968 475 1046 crederet
492 959 770 1043 sacramentum
786 963 925 1041 altaris.

358 1099 470 1186 Item,
488 1096 537 1172 ad
557 1120 755 1175 ax1111-v1m
770 1091 1330 1198 responditso1nichilscire',et
1347 1093 1453 1198 quod
1470 1092 1567 1170 bene
1585 1093 1728 1170 sciebat

304 1229 525 1335 Magistrum
546 1241 585 1303 et
603 1224 698 1302 alios
710 1223 834 1330 laycos
854 1252 931 1303 non
950 1252 1062 1329 posse
1081 1222 1281 1302 absolvere
1294 1223 1500 1329 apeccatis

362 1360 473 1447 Item,
491 1356 539 1434 ad
558 1384 647 1434 xxx-
647 1382 779 1445 amu,
795 1354 843 1433 de
863 1353 1019 1443 osculis,
1031 1354 1233 1498 'respondit
1247 1353 1476 1432 scnichil
1428 1382 1521 1431 scire
1537 1354 1607 1431 nisi
1598 1355 1728 1460 quod

304 1517 419 1594 supra
440 1486 632 1632 deposuit,
664 1485 831 1563 dicentes
855 1484 960 1630 quod
984 1483 1104 1562 colam
1130 1484 1170 1561 in
1197 1510 1263 1562 ore
1286 1508 1362 1560 non
1390 1483 1545 1561 bierunt
1572 1485 1728 1563 osculati

304 1646 394 1698 cum
413 1647 484 1696 nco
501 1618 582 1723 ipse
604 1616 725 1696 cosin
744 1615 969 1722 recepcione
984 1641 1063 1692 sua.

359 1751 470 1840 Item,
491 1749 539 1825 ad
558 1772 800 1827 mnu-mv
818 1744 1018 1851 respondit
1035 1770 1083 1824 so·
1102 1745 1257 1823 credere
1275 1744 1381 1850 quod
1395 1746 1529 1822 stadm
1554 1729 1623 1852 pro
1643 1776 1730 1852 pro-

304 1879 410 1959 fessis
426 1878 671 1969 haberentur,
698 1877 792 1982 quia·
807 1876 880 1954 suit
903 1875 974 1954 sibi
1001 1875 1146 1953 dietum
1171 1875 1212 1951 in
1234 1875 1453 1981 reccpcione
1477 1894 1603 1954 suaet
1625 1878 1730 1983 quod

305 2037 382 2084 non
400 2026 546 2114 poterat
566 2036 610 2084 cr
630 2025 720 2084 tunc
741 2007 840 2084 exire
862 2007 1037 2084 ordinem
1053 2023 1307 2085 memoratum
1323 2023 1361 2082 et
1377 2007 1483 2113 quod
1495 2036 1572 2085 non
1587 2009 1730 2085 exirent

306 2157 557 2245 preceperunt
576 2140 611 2216 ei
631 2139 672 2215 in
685 2139 822 2217 virtute
835 2138 1044 2243 juramenti
1062 2137 1208 2244 prestiti
1228 2166 1298 2243 per
1316 2140 1494 2217 eundem.

346 2273 477 2362 hem,
496 2272 542 2348 ad
563 2295 843 2349 xxxvtrxxxvuu
860 2269 1057 2372 respondit
1070 2269 1177 2374 quod
1191 2266 1318 2375 januis
1332 2267 1483 2358 clausis,
1504 2270 1620 2348 nullis
1645 2301 1729 2376 pre·

307 2402 476 2479 sentibus
492 2402 563 2478 nisi
581 2400 759 2477 fratribus
771 2400 933 2490 ordinis,
948 2396 1090 2477 fiebant
1100 2398 1358 2507 recepcioncs‚
1375 2415 1414 2476 et
1427 2401 1614 2504 presumit
1624 2405 1729 2506 quod

307 2533 493 2611 seculares
522 2530 740 2608 habuerunt
772 2556 817 2606 ex
843 2532 916 2609 hoc
941 2528 1196 2634 suspicionem
1221 2544 1355 2607 contra
1380 2528 1554 2608 ordinem
1587 2560 1731 2608 memo

308 2681 442 2741 ratum.
1097 2761 1100 2768 Ι

363 2796 476 2880 Item,
494 2793 543 2871 ad
557 2820 704 2886 iac-rav,
725 2795 772 2871 de
791 2793 1212 2884 criminescdomitico,
1228 2792 1424 2898 respondit
1441 2821 1481 2870 se
1500 2793 1617 2871 nichil
1636 2794 1728 2871 scire

306 2953 377 3002 nec
391 2924 576 3002 audivisse
592 2925 664 3001 nisi
678 2941 765 3029 post
781 2924 998 3028 capcionem
1012 2950 1248 3012 eorum-,nec
1261 2922 1381 3001 credit
1396 2940 1570 3001 contenta
1585 2925 1626 3001 in
1640 2924 1729 3027 ipsis

308 3054 474 3133 articulis
491 3082 571 3131 esse
589 3082 686 3131 vera.
780 3100 786 3121 ι

365 3185 476 3274 Item,
494 3183 542 3260 ad
557 3209 639 3263 xevl
657 3201 695 3261 et
706 3211 744 3264 ιι
755 3201 973 3291 sequentes,
993 3183 1042 3262 de
1064 3182 1249 3290 capitibus
1264 3184 1466 3291 ydolorum
1487 3200 1525 3262 et
1548 3184 1647 3275 aliis,
1670 3214 1729 3262 rc·

308 3314 462 3418 spondit
477 3341 516 3391 se
532 3313 649 3391 nichil
664 3315 757 3392 scire
773 3343 844 3392 nec
858 3314 1042 3393 audivisse
1055 3315 1127 3393 nisi
1146 3330 1234 3421 post·
1251 3315 1467 3420 capcionem
1487 3342 1639 3403 eorum,
1661 3344 1730 3390 nec

309 3444 430 3525 credit
449 3460 624 3522 contenta
635 3445 683 3520 ,in
703 3445 793 3551 ipsis
812 3446 979 3524 articulis
999 3475 1080 3525 esse
1099 3472 1197 3523 vera.

364 3577 475 3664 Item,
497 3576 546 3654 ad
568 3602 734 3655 sanem
758 3577 955 3682 respondit
975 3576 1092 3655 luisse
1114 3575 1187 3655 sihi
1210 3595 1432 3682 preceptum
1453 3576 1493 3653 in
1512 3575 1730 3680 recepcione

309 3735 376 3783 sua
395 3707 501 3810 quod
524 3707 690 3811 cingeret
719 3735 758 3784 se
782 3736 898 3812 super
916 3708 1106 3787 camisiam
1125 3734 1201 3783 una
1225 3707 1391 3785 cordula.
1413 3710 1496 3786 Non
1512 3723 1642 3784 tamen
1659 3703 1733 3780 fuit

311 3834 381 3910 sibi
402 3835 553 3921 tradita,
576 3834 643 3912 sed
663 3835 741 3940 ipse
762 3837 975 3940 procuravit
994 3866 1076 3914 cam
1101 3836 1244 3915 habere
1266 3854 1305 3915 et
1329 3839 1491 3945 portarit
1511 3865 1595 3915 eam
1617 3835 1731 3942 longo

311 3983 498 4072 tempore,
521 3981 560 4043 ct
581 3966 702 4042 credit
724 3966 830 4072 quod
853 3965 915 4043 alii
933 3966 1066 4046 fratres
1088 3968 1233 4045 ordinis
1256 3967 1373 4045 eciam
1392 3985 1601 4076 portarent;
1628 3965 1733 4073 quod

312 4123 398 4173 cum
425 4095 534 4174 dictis
557 4095 724 4173 cordulis
747 4112 992 4202 tangerentur
1010 4097 1130 4202 capita
1147 4096 1350 4205 ydolorum
1369 4097 1559 4175 nesciebat
1579 4085 1648 4176 nec
1669 4126 1733 4172 au·

313 4226 469 4318 diverat,
490 4225 589 4306 sicut
608 4224 714 4303 dixit.

368 4358 479 4447 ltcm,
493 4356 541 4432 ad
560 4383 653 4435 exu—
655 4383 759 4435 erun
779 4358 976 4464 respondit
990 4384 1029 4436 se
1045 4359 1199 4436 credere
1213 4296 1318 4465 quod
1331 4355 1734 4436 communiterfiehant

311 4488 552 4592 recepciones
568 4488 608 4565 in
626 4505 709 4565 toto
723 4489 856 4575 ordine
871 4518 918 4568 eo
931 4489 1049 4567 modo
1059 4518 1137 4596 quo
1155 4489 1330 4597 deposuit
1339 4516 1379 4566 sc
1391 4487 1507 4569 fuisse
1521 4508 1732 4662 receptu1n;

312 4618 421 4697 aliter
439 4619 644 4708 nesciebat,
662 4636 719 4697 ut
725 4620 885 4698 dinc.

369 4751 483 4841 ltem,
505 4751 553 4826 ad
572 4778 658 4830 axv·
657 4777 755 4830 nxvn
775 4751 973 4857 respondit
986 4778 1026 4830 sc
1043 4751 1188 4831 nescire
1207 4780 1239 4830 sr
1228 4752 1412 4831 fuissent
1430 4752 1528 4859 capti
1541 4753 1628 4829 vel
1618 4770 1734 4830 mter-

312 4879 406 4960 lecti.
420 4880 593 4961 nolentes
605 4881 918 4988 facerepredictac
934 4882 1056 4961 credit
1072 4883 1325 4991 tamenquod.
1337 4883 1368 4963 si
1389 4883 1471 4990 ipse
1491 4911 1568 4962 non
1587 4882 1735 4973 lecisset
