4080 6052
523 547 572 612 ce
910 516 1106 609 esoces
1130 533 1226 604 nes
1250 532 1553 605 resumens.

578 679 795 787 Raynardus
831 676 972 754 Baliani
1006 672 1266 751 Laudunensis
1297 672 1456 751 diocesis
1488 671 1701 777 respondit,
1725 672 1833 778 quod
1864 676 1945 753 tult

522 811 739 887 deffendere
770 809 912 885 dictum
941 806 1130 894 ordinem,
1152 804 1192 878 in
1216 820 1401 908 qnantum
1423 803 1564 910 poterit
1582 820 1621 880 et
1641 803 1750 892 sciet,
1773 805 1863 912 quia
1885 808 1944 885 ni-

520 942 597 1017 chil
616 941 703 1016 mali
726 940 794 1016 scit
814 939 852 1013 in
876 965 933 1014 eo.

575 1073 764 1148 Johannes
789 1069 926 1176 Coyler
950 1064 1182 1142 Turonensis
1207 1063 1368 1140 diocesis
1395 1062 1606 1169 respondit,
1629 1063 1737 1170 quod
1757 1065 1840 1142 vult
1863 1068 1944 1144 del·

519 1202 685 1289 fendere,
701 1204 740 1277 in
761 1217 944 1306 qnantum
964 1197 1013 1273 ed
1026 1225 1066 1272 se
1085 1196 1266 1300 pertinet,
1283 1223 1371 1271 cum
1390 1194 1507 1270 nichil
1523 1195 1612 1271 mali
1628 1195 1720 1272 sciat
1734 1192 1937 1274 in'ordine.

575 1333 798 1439 Raynandus
819 1332 866 1407 de
890 1329 1005 1407 Bonis
1025 1325 1265 1404 Bituricensis
1287 1324 1447 1403 diocesis
1468 1326 1664 1432 respondit
1682 1356 1724 1404 se
1747 1327 1842 1404 velle
1861 1327 1941 1405 del-

518 1463 689 1554 lendere,
713 1464 751 1538 in
770 1477 956 1568 quantum
976 1456 1024 1534 ad
1044 1484 1085 1533 se
1105 1456 1284 1561 pertinet,
1306 1485 1395 1532 cum
1418 1457 1535 1534 nichil
1553 1457 1642 1534 meli
1660 1457 1750 1535 sciat
1775 1458 1816 1533 in
1840 1457 1939 1536 dicto

519 1593 666 1668 ordine.

574 1722 754 1797 Martinus
778 1720 825 1795 de
853 1717 1010 1794 Lineriis
1035 1716 1275 1793 Bituricensis
1293 1717 1453 1793 diocesis
1478 1717 1673 1823 respondit
1688 1745 1731 1794 se
1750 1717 1844 1796 velle
1860 1721 1940 1796 del-

519 1851 689 1942 lenderc‚
710 1851 751 1925 in
770 1865 954 1956 quantum
970 1863 1098 1951 posset
1118 1863 1157 1921 et
1173 1844 1296 1921 sciret.

574 1982 714 2087 Symon
744 1983 791 2057 de
822 1977 980 2056 Lineriis
1001 1975 1242 2052 Bituricensis
1265 1975 1426 2053 diocesis
1454 1977 1650 2082 respondit
1670 2005 1711 2053 se
1737 1977 1832 2052 velle
1856 1967 1939 2054 def-

517 2109 688 2201 sendme,
704 2111 743 2184 in
757 2126 940 2214 quamum
959 2105 1008 2182 ed
1022 2132 1061 2182 se
1074 2104 1254 2210 pertinet,
1274 2105 1365 2211 quie
1379 2134 1575 2213 nunquam
1591 2104 1685 2183 vidit
1699 2106 1770 2181 nisi
1789 2105 1936 2186 bonum

519 2238 556 2311 in
581 2237 725 2313 ordine.

573 2368 706 2444 Petrus
738 2366 886 2443 Maliani
919 2364 1194 2442 Lemovicensis
1228 2362 1389 2441 diocesis
1413 2364 1625 2471 respondit,
1655 2365 1763 2472 quod
1793 2365 1938 2443 volebat

518 2495 751 2586 deffendere,
769 2513 807 2571 et
825 2492 1052 2599 respondere
1070 2520 1140 2598 pro
1157 2492 1305 2579 ordine,
1327 2494 1365 2568 in
1384 2511 1569 2600 quenmm
1591 2494 1640 2570 ad
1659 2523 1699 2570 se
1720 2495 1936 2598 pertineret.

570 2626 759 2701 Jobannes
780 2623 904 2699 Malon
924 2622 1155 2699 Turonensis
1175 2621 1333 2698 diocesis
1351 2622 1432 2699 vult
1454 2620 1642 2711 ordinem,
1664 2640 1710 2699 ut
1729 2622 1838 2715 dixit,
1861 2625 1939 2702 del-

515 2756 686 2841 sendere,
713 2754 801 2858 quia
820 2781 1014 2858 nunquam
1030 2752 1123 2828 vidit
1144 2752 1181 2827 in
1202 2754 1334 2830 ordine
1353 2753 1424 2828 nisi
1441 2752 1599 2828 bouum.

573 2883 761 2958 Johannes
781 2883 963 2959 Dusseam
981 2882 1221 2960 Carnotensis
1246 2883 1404 2960 diocesis
1419 2881 1513 2959 dixit
1535 2910 1576 2959 se
1599 2881 1694 2959 velle
1721 2882 1936 2962 deffendere

517 3010 706 3098 ordinem,
727 3011 816 3117 quia
835 3040 1031 3118 nunquam
1047 3012 1139 3089 n‘d'rt
1157 3040 1227 3090 nec
1245 3014 1315 3090 scit
1328 3012 1402 3088 nisi
1420 3011 1568 3089 bonvm
1587 3013 1627 3089 in
1647 3042 1705 3090 eo.

574 3141 705 3216 Petrus
734 3142 885 3218 Foberti
912 3143 1142 3219 Turonensis
1169 3143 1328 3220 diocesis
1348 3142 1432 3219 vult
1457 3143 1648 3233 ordinem,
1672 3161 1717 3221 ut
1737 3142 1844 3233 dixit,
1866 3142 1937 3220 del-

517 3269 688 3360 fendere,
712 3272 808 3347 sicut
826 3273 964 3377 poterit
986 3291 1024 3348 et
1041 3290 1204 3349 tenetur.

571 3402 760 3478 lohannes
788 3402 823 3477 la
851 3403 971 3479 Clrara
1000 3402 1158 3479 diocesis
1187 3401 1419 3478 Tumnensis
1449 3399 1544 3478 dixit
1569 3431 1609 3478 se
1640 3401 1734 3478 velle
1765 3400 1935 3477 ordinem

515 3529 748 3617 deffendere,
770 3532 808 3607 in
835 3551 1018 3637 quantum
1044 3532 1182 3638 poterit
1209 3549 1247 3607 et
1270 3529 1441 3622 debebit,
1468 3560 1557 3608 cum
1588 3547 1737 3637 reputet
1764 3528 1935 3604 ordinem

512 3660 638 3765 ipsum
660 3660 817 3739 honum.

569 3789 796 3871 Guillelmus
820 3795 868 3871 de
895 3796 1002 3872 Blere
1032 3793 1267 3871 Turonensis
1293 3791 1454 3871 diocesis
1476 3793 1685 3900 respondit,
1709 3790 1816 3898 quod
1837 3793 1937 3868 vole-

513 3922 577 3998 hat
598 3925 771 4002 ordinem
795 3927 1028 4013 deffendere,
1051 3927 1088 4001 in
1106 3941 1290 4032 quantum
1308 3924 1449 4029 poterit
1473 3942 1511 4002 et
1531 3926 1579 4002 ad
1601 3954 1692 4001 eum
1715 3923 1934 4030 pertinebit,

515 4055 602 4156 quia
622 4057 675 4132 nil
694 4059 780 4135 mali
805 4059 944 4136 sciebat
965 4060 1002 4133 in
1029 4085 1085 4133 eo.

569 4311 720 4391 Eisdem
742 4317 803 4394 die
826 4339 864 4396 et
886 4321 985 4409 loco,
1009 4347 1134 4394 coram
1152 4316 1316 4393 dominis
1339 4316 1601 4392 commissoriis
1620 4312 1842 4417 supradictis
1862 4314 1938 4394 sue·

513 4462 601 4520 runt
627 4446 777 4526 adducti
811 4454 858 4528 de
892 4467 1018 4527 sancto
1042 4448 1201 4524 Martino
1227 4448 1273 4525 de
1301 4447 1452 4552 Campis
1474 4445 1670 4522 Perisiensi
1700 4442 1830 4522 iratres
1852 4448 1937 4554 Egi-

516 4572 599 4647 dius
616 4594 764 4652 curatus
786 4581 834 4654 de
851 4581 1082 4685 Cysimonte,
1102 4577 1306 4684 presbyter,
1325 4576 1585 4657 Ambianensis
1601 4574 1776 4665 diocesis;
1793 4578 1935 4654 Rober-

514 4716 575 4773 tus
594 4701 771 4778 Caralerii
788 4707 983 4809 presbiter,
1010 4724 1161 4783 curatus
1180 4707 1335 4785 ecclesie
1360 4706 1474 4785 suncti
1494 4705 1675 4783 Johannis
1694 4706 1932 4813 evangeliste.

515 4830 562 4904 de
587 4828 678 4907 valle
702 4831 790 4940 Agie
813 4835 1138 4944 Rothomagensis3
1159 4837 1347 4916 Robertus
1366 4838 1414 4915 de
1434 4837 1632 4918 Corenflos
1656 4837 1851 4944 presbiter,
1871 4865 1936 4913 cu-
