4080 6052
520 550 566 621 78
903 528 1100 621 esoces
1126 545 1218 618 ors
1244 542 1548 617 rnnrmnns.

571 688 703 769 Frater
735 685 850 765 Fufco
879 686 927 764 de
952 688 1065 765 Duno
1094 683 1288 762 Remensis
1321 682 1480 760 diocesis
1508 679 1604 758 dixit
1631 682 1737 787 quod
1760 710 1838 763 non
1863 689 1943 766 vult

520 814 739 910 defendere,
758 818 940 924 quianon
961 815 1083 895 fuerat
1100 816 1139 892 in
1157 814 1289 892 ordine
1308 813 1381 891 nisi
1398 841 1468 920 per
1482 839 1654 890 mensem
1672 830 1712 890 et
1729 814 1823 894 duos
1840 813 1941 911 dies,

439 1046 443 1051 Ι
520 965 557 1025 et
585 948 680 1054 petit
717 950 822 1054 quod
851 947 1050 1039 relaxetur,
1083 963 1120 1023 et
1160 943 1265 1052 quod
1301 943 1419 1049 possit
1459 944 1560 1022 exire
1597 943 1774 1023 ordinem
1811 974 1944 1054 snpra-

521 1078 674 1159 dietum.
1004 1081 1007 1086 ’

575 1209 702 1284 Frater
725 1206 857 1282 Petrus
882 1207 929 1283 de
944 1203 1201 1285 Varmerivilla
1219 1204 1413 1280 Remensis
1438 1202 1596 1280 diocesis
1619 1203 1713 1279 dixit
1735 1207 1840 1312 quod
1862 1236 1940 1285 non

518 1335 598 1413 vult
613 1333 831 1425 defendere,
849 1336 1028 1441 quianon
1047 1334 1120 1412 fuit
1138 1334 1178 1410 in
1198 1333 1330 1411 ordine
1343 1333 1415 1410 nisi
1429 1361 1499 1438 per
1511 1360 1682 1410 mensem
1700 1334 1828 1414 minus
1846 1336 1941 1415 duo-

518 1465 592 1544 bus
612 1464 764 1554 diebus,
787 1482 825 1542 et
841 1465 937 1571 petit
954 1465 1027 1543 sibi
1047 1463 1341 1542 darilicenciam
1361 1461 1563 1541 recedendi
1583 1462 1630 1540 ab
1650 1463 1794 1542 ordine.

575 1596 704 1672 Frater
720 1594 893 1675 Nicolaus
905 1595 957 1673 de
975 1595 1236 1674 Ancinimonte
1253 1593 1534 1673 Cathalanensis
1551 1593 1710 1672 diocesis
1727 1594 1819 1672 dixit
1835 1597 1942 1702 quod

520 1750 597 1814 non
615 1724 697 1801 vult
713 1725 933 1815 defendere,
952 1726 1135 1832 quianon
1151 1723 1274 1802 fuerat
1292 1725 1332 1801 in
1352 1724 1485 1801 ordine
1501 1723 1575 1800 nisi
1594 1752 1664 1831 per
1679 1710 1757 1801 tres
1775 1752 1938 1813 menses,

521 1871 560 1929 et
579 1854 674 1960 petit
691 1855 762 1933 sibi
782 1855 863 1933 dnri
887 1855 1081 1933 licenciam
1102 1854 1305 1933 recedendi
1324 1853 1372 1931 ab
1392 1853 1537 1931 ordine.

576 1983 705 2059 Frater
731 1984 920 2060 Johannes
949 1983 996 2061 de
1021 1986 1152 2061 Turno
1179 1982 1397 2062 Parisiensis
1426 1981 1586 2060 diocesis
1609 1982 1701 2061 dixit
1728 1982 1833 2088 quod
1860 1983 1942 2059 vult

521 2110 724 2190 defendere
745 2113 889 2191 dictum
910 2114 1095 2193 ordinem.

578 2241 707 2319 Frater
724 2244 931 2351 Raynerius
951 2246 998 2321 de
1009 2245 1201 2321 ,Larchant
1225 2243 1452 2323 Senonensis
1472 2241 1646 2333 diocesis,
1665 2240 1740 2348 qni·
1758 2240 1850 2320 alias
1867 2241 1941 2320 fue

520 2388 577 2447 rat
595 2400 720 2450 coram
740 2374 848 2452 dictis
867 2374 1031 2453 dominis
1049 2373 1312 2453 commissoriis
1329 2400 1399 2478 pro
1418 2374 1542 2478 primo
1562 2372 1701 2461 edicto,
1728 2371 1822 2450 dixit
1839 2373 1939 2480 quod

521 2501 602 2578 vult
622 2501 825 2581 defendere
844 2518 914 2609 p'ro
934 2532 1056 2610 posse.

577 2633 706 2709 Frater
729 2632 952 2736 Radulphus
981 2635 1029 2710 de
1055 2632 1239 2711 Salicibus
1273 2630 1534 2710 Laudunensis
1562 2630 1738 2721 diocesis,
1759 2632 1826 2738 qui
1856 2631 1941 2709 alies

521 2759 643 2836 fuerat
674 2788 798 2837 coram
829 2761 937 2837 dictis
967 2762 1131 2839 dominis
1160 2762 1424 2839 commissariis
1452 2779 1537 2867 post
1561 2761 1729 2867 primum
1758 2763 1938 2855 edictum,

524 2888 618 2964 dixit
636 2889 839 2992 quodvult
858 2891 1075 2969 deffendere
1095 2919 1164 2997 pro
1184 2919 1304 2997 posse.

579 3018 708 3090 Frater
724 3016 897 3095 Nicolaus
917 3020 964 3097 de
984 3020 1112 3099 Trecis
1132 3021 1226 3098 dixit
1244 3021 1349 3126 quod
1367 3022 1449 3098 vult
1468 3021 1698 3100 deffendere.

577 3146 706 3221 Frater
730 3147 871 3254 Symon
902 3150 949 3225 de
981 3150 1165 3227 Cormicia
1194 3150 1389 3227 Remensis
1423 3153 1581 3229 diocesis
1611 3152 1703 3229 dixit
1732 3153 1836 3258 quod
1866 3154 1943 3228 vult

522 3274 724 3354 defendere
743 3305 813 3381 pro
833 3306 957 3383 posse,
980 3308 1065 3356 cum
1085 3280 1221 3358 auxilio
1239 3280 1407 3357 fratrum.

578 3409 708 3484 Frater
732 3407 959 3487 Guiffelmus
985 3410 1032 3487 de
1057 3410 1202 3489 Gisiaco
1231 3412 1505 3490 Bisontinensis
1531 3411 1687 3490 diocesis
1716 3410 1809 3487 dixit
1839 3413 1944 3515 quod

523 3536 603 3613 vult
622 3537 825 3618 defendere
846 3542 948 3617 omni
969 3541 1071 3619 bono
1092 3541 1207 3619 modo
1228 3570 1304 3647 quo
1324 3543 1473 3647 poterit.

579 3668 708 3743 Frater
733 3669 922 3746 Johannes
952 3671 999 3748 de
1026 3672 1254 3749 Fdlemosina
1286 3673 1502 3750 Parisiensis
1530 3671 1685 3748 diocesis
1714 3667 1808 3743 dixit
1838 3670 1943 3774 quod

522 3795 603 3873 vult
622 3795 839 3875 deffendere
861 3827 947 3878 curn
967 3802 1105 3878 auxilio
1128 3802 1302 3891 fratrum,
1325 3804 1354 3879 si
1383 3818 1480 3880 esset
1504 3799 1639 3879 libera
1659 3826 1823 3886 carcere,
1848 3799 1945 3876 sicut

526 3946 604 4005 erat
622 3945 793 4034 tempore
813 3930 1008 4035 capcionis.

578 4060 709 4135 Frater
732 4058 945 4164 Stephanus
970 4061 1017 4138 de
1045 4061 1184 4137 Pruino
1214 4062 1451 4140 Senonensis
1468 4059 1642 4152 diocesis,
1664 4061 1729 4165 qui
1754 4059 1841 4135 alias
1864 4059 1945 4134 fue-

524 4202 580 4262 rat
609 4215 733 4264 coram
756 4189 864 4269 dictis
890 4191 1053 4271 dominis
1080 4192 1357 4281 commissoriis,
1381 4191 1472 4269 dixit
1497 4191 1602 4298 quod
1627 4190 1707 4267 vult
1728 4186 1943 4267 deffendere

525 4314 668 4392 dictum
694 4318 866 4400 ordinem
887 4340 1071 4428 quatenus
1095 4323 1167 4401 fuit
1195 4322 1265 4401 sibi
1293 4321 1468 4411 traditus,
1491 4340 1529 4400 et
1557 4322 1588 4400 si
1619 4336 1715 4398 esset
1743 4335 1844 4395 extra
1871 4321 1944 4427 pri·

526 4474 682 4524 sronem.

580 4578 729 4652 Fratres
759 4577 949 4658 Gerardus
978 4581 1026 4657 de
1055 4582 1227 4658 Monachi
1247 4583 1342 4661 Villa
1370 4560 1705 4664 dutisiodorensis‚
1728 4598 1765 4656 et
1787 4578 1942 4659 Guiflef-

524 4728 610 4778 mus
633 4705 829 4808 Espaufart
850 4709 1097 4814 lingonensis
1118 4712 1342 4800 diocesium,
1364 4713 1540 4790 dixerunt
1550 4711 1655 4818 quod
1674 4709 1806 4787 volunt
1825 4708 1943 4786 defen-

526 4830 615 4908 dere
637 4831 779 4908 dictum
801 4834 984 4912 ordinem.
