<?xml version="1.0" encoding="UTF-8"?>
<!DOCTYPE html PUBLIC "-//W3C//DTD XHTML 1.0 Transitional//EN"
    "http://www.w3.org/TR/xhtml1/DTD/xhtml1-transitional.dtd">
<html xmlns="http://www.w3.org/1999/xhtml" xml:lang="en" lang="en">
 <head>
  <title>
</title>
<meta http-equiv="Content-Type" content="text/html;charset=utf-8" />
  <meta name='ocr-system' content='tesseract 3.04.00' />
  <meta name='ocr-capabilities' content='ocr_page ocr_carea ocr_par ocr_line ocrx_word'/>
</head>
<body>
  <div class='ocr_page' id='page_1' title='image "./procsdestemplie02defegoog/procsdestemplie02defegoog_0626.png"; bbox 0 0 4080 6052; ppageno 0'>
   <div class='ocr_carea' id='block_1_1' title="bbox 545 550 1572 643">
    <p class='ocr_par' dir='ltr' id='par_1_1' title="bbox 545 550 1572 643">
     <span class='ocr_line' id='line_1_1' title="bbox 545 550 1572 643; baseline -0.002 -2"><span class='ocrx_word' id='word_1_1' title='bbox 545 570 618 642; x_wconf 83' lang='lat' dir='ltr'>cos</span> <span class='ocrx_word' id='word_1_2' title='bbox 929 550 1127 643; x_wconf 75' lang='lat' dir='ltr'>paones</span> <span class='ocrx_word' id='word_1_3' title='bbox 1152 568 1247 639; x_wconf 83' lang='lat' dir='ltr'>nus</span> <span class='ocrx_word' id='word_1_4' title='bbox 1272 564 1572 643; x_wconf 74' lang='lat' dir='ltr'>reuertens.</span> 
     </span>
    </p>
   </div>
   <div class='ocr_carea' id='block_1_2' title="bbox 541 708 2005 2608">
    <p class='ocr_par' dir='ltr' id='par_1_2' title="bbox 541 708 2005 1957">
     <span class='ocr_line' id='line_1_2' title="bbox 544 708 1978 814; baseline 0 -29"><span class='ocrx_word' id='word_1_5' title='bbox 544 712 591 785; x_wconf 92' lang='lat' dir='ltr'>de</span> <span class='ocrx_word' id='word_1_6' title='bbox 619 711 746 787; x_wconf 89' lang='lat' dir='ltr'>domo.</span> <span class='ocrx_word' id='word_1_7' title='bbox 779 710 899 788; x_wconf 88' lang='lat' dir='ltr'>Totus</span> <span class='ocrx_word' id='word_1_8' title='bbox 929 711 1022 786; x_wconf 89' lang='lat' dir='ltr'>ordo</span> <span class='ocrx_word' id='word_1_9' title='bbox 1043 724 1220 786; x_wconf 87' lang='lat' dir='ltr'>servasset</span> <span class='ocrx_word' id='word_1_10' title='bbox 1247 708 1352 813; x_wconf 92' lang='lat' dir='ltr'>quod</span> <span class='ocrx_word' id='word_1_11' title='bbox 1376 727 1533 814; x_wconf 88' lang='lat' dir='ltr'>magnus</span> <span class='ocrx_word' id='word_1_12' title='bbox 1561 708 1743 814; x_wconf 75' lang='lat' dir='ltr'>Magister</span> <span class='ocrx_word' id='word_1_13' title='bbox 1771 735 1868 783; x_wconf 91' lang='lat' dir='ltr'>cum</span> <span class='ocrx_word' id='word_1_14' title='bbox 1895 737 1978 785; x_wconf 87' lang='lat' dir='ltr'>con·</span> 
     </span>
     <span class='ocr_line' id='line_1_3' title="bbox 543 838 1974 943; baseline 0.001 -28"><span class='ocrx_word' id='word_1_15' title='bbox 543 858 656 918; x_wconf 86' lang='lat' dir='ltr'>ventu</span> <span class='ocrx_word' id='word_1_16' title='bbox 686 839 883 916; x_wconf 81' lang='lat' dir='ltr'>statuisset</span> <span class='ocrx_word' id='word_1_17' title='bbox 912 839 1075 919; x_wconf 82' lang='lat' dir='ltr'>Grandia</span> <span class='ocrx_word' id='word_1_18' title='bbox 1101 838 1288 929; x_wconf 87' lang='lat' dir='ltr'>scandala,</span> <span class='ocrx_word' id='word_1_19' title='bbox 1318 839 1481 943; x_wconf 88' lang='lat' dir='ltr'>suspicio</span> <span class='ocrx_word' id='word_1_20' title='bbox 1511 856 1548 916; x_wconf 91' lang='lat' dir='ltr'>et</span> <span class='ocrx_word' id='word_1_21' title='bbox 1572 838 1731 915; x_wconf 80' lang='lat' dir='ltr'>infamia</span> <span class='ocrx_word' id='word_1_22' title='bbox 1764 865 1873 914; x_wconf 88' lang='lat' dir='ltr'>nunc</span> <span class='ocrx_word' id='word_1_23' title='bbox 1890 859 1974 916; x_wconf 84' lang='lat' dir='ltr'>sunt</span> 
     </span>
     <span class='ocr_line' id='line_1_4' title="bbox 544 970 1969 1076; baseline -0.001 -28"><span class='ocrx_word' id='word_1_24' title='bbox 544 989 669 1048; x_wconf 82' lang='lat' dir='ltr'>exorta</span> <span class='ocrx_word' id='word_1_25' title='bbox 697 970 828 1048; x_wconf 82' lang='lat' dir='ltr'>contra</span> <span class='ocrx_word' id='word_1_26' title='bbox 849 970 1022 1049; x_wconf 84' lang='lat' dir='ltr'>ordinem</span> <span class='ocrx_word' id='word_1_27' title='bbox 1048 970 1210 1076; x_wconf 88' lang='lat' dir='ltr'><strong>Templi.</strong></span> <span class='ocrx_word' id='word_1_28' title='bbox 1240 970 1387 1046; x_wconf 81' lang='lat' dir='ltr'><strong>Fratres</strong></span> <span class='ocrx_word' id='word_1_29' title='bbox 1413 971 1479 1076; x_wconf 90' lang='lat' dir='ltr'>qui</span> <span class='ocrx_word' id='word_1_30' title='bbox 1503 971 1661 1046; x_wconf 84' lang='lat' dir='ltr'>aderant</span> <span class='ocrx_word' id='word_1_31' title='bbox 1680 971 1969 1076; x_wconf 88' lang='lat' dir='ltr'>recepcionibus</span> 
     </span>
     <span class='ocr_line' id='line_1_5' title="bbox 543 1099 1964 1207; baseline 0.001 -32"><span class='ocrx_word' id='word_1_32' title='bbox 543 1100 702 1177; x_wconf 86' lang='lat' dir='ltr'>aliorum</span> <span class='ocrx_word' id='word_1_33' title='bbox 730 1100 848 1176; x_wconf 92' lang='lat' dir='ltr'>credit</span> <span class='ocrx_word' id='word_1_34' title='bbox 876 1101 980 1207; x_wconf 92' lang='lat' dir='ltr'>quod</span> <span class='ocrx_word' id='word_1_35' title='bbox 1009 1101 1145 1176; x_wconf 87' lang='lat' dir='ltr'>scirent</span> <span class='ocrx_word' id='word_1_36' title='bbox 1174 1100 1332 1176; x_wconf 92' lang='lat' dir='ltr'>modum</span> <span class='ocrx_word' id='word_1_37' title='bbox 1360 1099 1592 1205; x_wconf 88' lang='lat' dir='ltr'>recepcionis</span> <span class='ocrx_word' id='word_1_38' title='bbox 1618 1126 1780 1187; x_wconf 72' lang='lat' dir='ltr'>eorm,</span> <span class='ocrx_word' id='word_1_39' title='bbox 1807 1099 1964 1177; x_wconf 90' lang='lat' dir='ltr'>sednon</span> 
     </span>
     <span class='ocr_line' id='line_1_6' title="bbox 544 1211 2005 1337; baseline 0 -30"><span class='ocrx_word' id='word_1_40' title='bbox 544 1231 718 1307; x_wconf 75' lang='lat' dir='ltr'>extranei.</span> <span class='ocrx_word' id='word_1_41' title='bbox 750 1229 902 1308; x_wconf 86' lang='lat' dir='ltr'>Audivit</span> <span class='ocrx_word' id='word_1_42' title='bbox 927 1233 974 1307; x_wconf 90' lang='lat' dir='ltr'>ab</span> <span class='ocrx_word' id='word_1_43' title='bbox 995 1230 1185 1337; x_wconf 83' lang='lat' dir='ltr'>aliquibus</span> <span class='ocrx_word' id='word_1_44' title='bbox 1212 1229 1442 1306; x_wconf 88' lang='lat' dir='ltr'>secularibus</span> <span class='ocrx_word' id='word_1_45' title='bbox 1469 1257 1649 1336; x_wconf 89' lang='lat' dir='ltr'>magnum</span> <span class='ocrx_word' id='word_1_46' title='bbox 1677 1230 1907 1335; x_wconf 83' lang='lat' dir='ltr'>Magistrum</span> <span class='ocrx_word' id='word_1_47' title='bbox 1931 1249 1965 1307; x_wconf 89' lang='lat' dir='ltr'>et</span> <span class='ocrx_word' id='word_1_48' title='bbox 2000 1211 2005 1219; x_wconf 35' lang='lat'><strong><em>⁵</em></strong></span> 
     </span>
     <span class='ocr_line' id='line_1_7' title="bbox 542 1359 1963 1467; baseline 0.001 -30"><span class='ocrx_word' id='word_1_49' title='bbox 542 1360 839 1438; x_wconf 87' lang='lat' dir='ltr'>aliosconfessos</span> <span class='ocrx_word' id='word_1_50' title='bbox 853 1359 967 1439; x_wconf 87' lang='lat' dir='ltr'>luisse</span> <span class='ocrx_word' id='word_1_51' title='bbox 987 1359 1134 1467; x_wconf 89' lang='lat' dir='ltr'>aliquos</span> <span class='ocrx_word' id='word_1_52' title='bbox 1154 1360 1315 1447; x_wconf 84' lang='lat' dir='ltr'>errores,</span> <span class='ocrx_word' id='word_1_53' title='bbox 1337 1359 1454 1436; x_wconf 88' lang='lat' dir='ltr'>nescit</span> <span class='ocrx_word' id='word_1_54' title='bbox 1478 1387 1592 1464; x_wconf 91' lang='lat' dir='ltr'>quos,</span> <span class='ocrx_word' id='word_1_55' title='bbox 1613 1375 1752 1435; x_wconf 84' lang='lat' dir='ltr'>contra</span> <span class='ocrx_word' id='word_1_56' title='bbox 1773 1359 1963 1447; x_wconf 86' lang='lat' dir='ltr'>ordinem,</span> 
     </span>
     <span class='ocr_line' id='line_1_8' title="bbox 543 1474 1962 1598; baseline 0.001 -34"><span class='ocrx_word' id='word_1_57' title='bbox 543 1491 590 1565; x_wconf 87' lang='lat' dir='ltr'>ad</span> <span class='ocrx_word' id='word_1_58' title='bbox 615 1492 722 1596; x_wconf 91' lang='lat' dir='ltr'>eujus</span> <span class='ocrx_word' id='word_1_59' title='bbox 749 1491 1021 1568; x_wconf 82' lang='lat' dir='ltr'>deffensionem</span> <span class='ocrx_word' id='word_1_60' title='bbox 1046 1518 1085 1567; x_wconf 90' lang='lat' dir='ltr'>se</span> <span class='ocrx_word' id='word_1_61' title='bbox 1107 1517 1184 1566; x_wconf 92' lang='lat' dir='ltr'>non</span> <span class='ocrx_word' id='word_1_62' title='bbox 1207 1474 1415 1579; x_wconf 75' lang='lat' dir='ltr'>¹obtulerat3</span> <span class='ocrx_word' id='word_1_63' title='bbox 1445 1506 1481 1564; x_wconf 94' lang='lat' dir='ltr'>et</span> <span class='ocrx_word' id='word_1_64' title='bbox 1507 1488 1647 1566; x_wconf 85' lang='lat' dir='ltr'>dictam</span> <span class='ocrx_word' id='word_1_65' title='bbox 1670 1487 1962 1598; x_wconf 83' lang='lat' dir='ltr'>abuegacionem</span> 
     </span>
     <span class='ocr_line' id='line_1_9' title="bbox 543 1618 1961 1727; baseline 0 -31"><span class='ocrx_word' id='word_1_66' title='bbox 543 1618 733 1696; x_wconf 88' lang='lat' dir='ltr'>confessus</span> <span class='ocrx_word' id='word_1_67' title='bbox 752 1619 873 1697; x_wconf 86' lang='lat' dir='ltr'>luerat</span> <span class='ocrx_word' id='word_1_68' title='bbox 891 1637 977 1727; x_wconf 87' lang='lat' dir='ltr'>post</span> <span class='ocrx_word' id='word_1_69' title='bbox 1003 1647 1134 1697; x_wconf 90' lang='lat' dir='ltr'>eorum</span> <span class='ocrx_word' id='word_1_70' title='bbox 1153 1619 1391 1725; x_wconf 86' lang='lat' dir='ltr'>capcionem,</span> <span class='ocrx_word' id='word_1_71' title='bbox 1423 1645 1548 1695; x_wconf 89' lang='lat' dir='ltr'>coram</span> <span class='ocrx_word' id='word_1_72' title='bbox 1573 1618 1676 1697; x_wconf 88' lang='lat' dir='ltr'>dicto</span> <span class='ocrx_word' id='word_1_73' title='bbox 1702 1619 1859 1696; x_wconf 92' lang='lat' dir='ltr'>domino</span> <span class='ocrx_word' id='word_1_74' title='bbox 1882 1622 1961 1725; x_wconf 90' lang='lat' dir='ltr'>epi-</span> 
     </span>
     <span class='ocr_line' id='line_1_10' title="bbox 543 1748 1958 1856; baseline -0.001 -29"><span class='ocrx_word' id='word_1_75' title='bbox 543 1779 655 1856; x_wconf 86' lang='lat' dir='ltr'>scopo</span> <span class='ocrx_word' id='word_1_76' title='bbox 676 1751 945 1841; x_wconf 78' lang='lat' dir='ltr'>Lenmvieensi‚</span> <span class='ocrx_word' id='word_1_77' title='bbox 967 1779 1036 1827; x_wconf 91' lang='lat' dir='ltr'>nec</span> <span class='ocrx_word' id='word_1_78' title='bbox 1062 1777 1230 1855; x_wconf 87' lang='lat' dir='ltr'>unquam</span> <span class='ocrx_word' id='word_1_79' title='bbox 1249 1748 1372 1826; x_wconf 84' lang='lat' dir='ltr'>fuerat</span> <span class='ocrx_word' id='word_1_80' title='bbox 1391 1749 1608 1854; x_wconf 86' lang='lat' dir='ltr'>suppositus</span> <span class='ocrx_word' id='word_1_81' title='bbox 1623 1748 1882 1855; x_wconf 71' lang='lat' dir='ltr'>questionibus</span> <span class='ocrx_word' id='word_1_82' title='bbox 1898 1750 1958 1826; x_wconf 84' lang='lat' dir='ltr'>vel</span> 
     </span>
     <span class='ocr_line' id='line_1_11' title="bbox 541 1881 750 1957; baseline 0 -1"><span class='ocrx_word' id='word_1_83' title='bbox 541 1881 750 1957; x_wconf 89' lang='lat' dir='ltr'>tormentis.</span> 
     </span>
    </p>

    <p class='ocr_par' dir='ltr' id='par_1_3' title="bbox 542 2010 1961 2608">
     <span class='ocr_line' id='line_1_12' title="bbox 598 2010 1960 2119; baseline 0 -33"><span class='ocrx_word' id='word_1_84' title='bbox 598 2010 811 2119; x_wconf 85' lang='lat' dir='ltr'>Requisitus</span> <span class='ocrx_word' id='word_1_85' title='bbox 842 2011 872 2087; x_wconf 91' lang='lat' dir='ltr'>si</span> <span class='ocrx_word' id='word_1_86' title='bbox 899 2012 951 2087; x_wconf 89' lang='lat' dir='ltr'>sic</span> <span class='ocrx_word' id='word_1_87' title='bbox 978 2010 1203 2116; x_wconf 80' lang='lat' dir='ltr'>deposuerat</span> <span class='ocrx_word' id='word_1_88' title='bbox 1228 2037 1362 2117; x_wconf 89' lang='lat' dir='ltr'>prece,</span> <span class='ocrx_word' id='word_1_89' title='bbox 1401 2026 1597 2114; x_wconf 89' lang='lat' dir='ltr'>precepto,</span> <span class='ocrx_word' id='word_1_90' title='bbox 1628 2011 1787 2100; x_wconf 89' lang='lat' dir='ltr'>timore,</span> <span class='ocrx_word' id='word_1_91' title='bbox 1820 2036 1960 2095; x_wconf 89' lang='lat' dir='ltr'>amore,</span> 
     </span>
     <span class='ocr_line' id='line_1_13' title="bbox 543 2139 1960 2246; baseline -0.003 -28"><span class='ocrx_word' id='word_1_92' title='bbox 543 2142 653 2230; x_wconf 88' lang='lat' dir='ltr'>odio,</span> <span class='ocrx_word' id='word_1_93' title='bbox 680 2141 739 2217; x_wconf 80' lang='lat' dir='ltr'>vel</span> <span class='ocrx_word' id='word_1_94' title='bbox 769 2141 965 2246; x_wconf 89' lang='lat' dir='ltr'>temporali</span> <span class='ocrx_word' id='word_1_95' title='bbox 990 2141 1150 2218; x_wconf 91' lang='lat' dir='ltr'>comodo</span> <span class='ocrx_word' id='word_1_96' title='bbox 1178 2139 1307 2217; x_wconf 89' lang='lat' dir='ltr'>habito</span> <span class='ocrx_word' id='word_1_97' title='bbox 1326 2139 1384 2215; x_wconf 80' lang='lat' dir='ltr'>vel</span> <span class='ocrx_word' id='word_1_98' title='bbox 1408 2139 1605 2226; x_wconf 91' lang='lat' dir='ltr'>habendo,</span> <span class='ocrx_word' id='word_1_99' title='bbox 1636 2140 1840 2246; x_wconf 89' lang='lat' dir='ltr'>respondit</span> <span class='ocrx_word' id='word_1_100' title='bbox 1861 2140 1960 2245; x_wconf 92' lang='lat' dir='ltr'>quod</span> 
     </span>
     <span class='ocr_line' id='line_1_14' title="bbox 542 2270 1960 2377; baseline -0.001 -30"><span class='ocrx_word' id='word_1_101' title='bbox 542 2300 636 2360; x_wconf 91' lang='lat' dir='ltr'>non,</span> <span class='ocrx_word' id='word_1_102' title='bbox 658 2272 723 2348; x_wconf 92' lang='lat' dir='ltr'>sed</span> <span class='ocrx_word' id='word_1_103' title='bbox 747 2300 816 2377; x_wconf 93' lang='lat' dir='ltr'>pro</span> <span class='ocrx_word' id='word_1_104' title='bbox 836 2273 989 2348; x_wconf 89' lang='lat' dir='ltr'>veritate</span> <span class='ocrx_word' id='word_1_105' title='bbox 1010 2272 1180 2349; x_wconf 91' lang='lat' dir='ltr'>dicenda.</span> <span class='ocrx_word' id='word_1_106' title='bbox 1201 2270 1272 2350; x_wconf 89' lang='lat' dir='ltr'>Cui</span> <span class='ocrx_word' id='word_1_107' title='bbox 1294 2271 1366 2348; x_wconf 84' lang='lat' dir='ltr'>luit</span> <span class='ocrx_word' id='word_1_108' title='bbox 1390 2271 1604 2377; x_wconf 86' lang='lat' dir='ltr'>injunctum</span> <span class='ocrx_word' id='word_1_109' title='bbox 1625 2271 1735 2377; x_wconf 91' lang='lat' dir='ltr'>quod</span> <span class='ocrx_word' id='word_1_110' title='bbox 1765 2299 1845 2348; x_wconf 91' lang='lat' dir='ltr'>non</span> <span class='ocrx_word' id='word_1_111' title='bbox 1864 2298 1960 2347; x_wconf 80' lang='lat' dir='ltr'>reve-</span> 
     </span>
     <span class='ocr_line' id='line_1_15' title="bbox 542 2399 1961 2509; baseline -0.003 -30"><span class='ocrx_word' id='word_1_112' title='bbox 542 2401 634 2479; x_wconf 88' lang='lat' dir='ltr'>laret</span> <span class='ocrx_word' id='word_1_113' title='bbox 653 2402 749 2477; x_wconf 90' lang='lat' dir='ltr'>banc</span> <span class='ocrx_word' id='word_1_114' title='bbox 765 2429 871 2477; x_wconf 92' lang='lat' dir='ltr'>suam</span> <span class='ocrx_word' id='word_1_115' title='bbox 892 2402 1173 2506; x_wconf 76' lang='lat' dir='ltr'>depositionem</span> <span class='ocrx_word' id='word_1_116' title='bbox 1187 2428 1386 2509; x_wconf 76' lang='lat' dir='ltr'>quousque</span> <span class='ocrx_word' id='word_1_117' title='bbox 1401 2400 1663 2479; x_wconf 74' lang='lat' dir='ltr'>attestationes</span> <span class='ocrx_word' id='word_1_118' title='bbox 1677 2400 1824 2478; x_wconf 83' lang='lat' dir='ltr'>suerint</span> <span class='ocrx_word' id='word_1_119' title='bbox 1843 2399 1961 2507; x_wconf 91' lang='lat' dir='ltr'>publi·</span> 
     </span>
     <span class='ocr_line' id='line_1_16' title="bbox 543 2549 633 2608; baseline -0.011 0"><span class='ocrx_word' id='word_1_120' title='bbox 543 2549 633 2608; x_wconf 87' lang='lat' dir='ltr'>cate.</span> 
     </span>
    </p>
   </div>
   <div class='ocr_carea' id='block_1_3' title="bbox 508 2792 1959 4984">
    <p class='ocr_par' dir='ltr' id='par_1_4' title="bbox 541 2792 1958 3160">
     <span class='ocr_line' id='line_1_17' title="bbox 596 2792 1957 2902; baseline -0.001 -32"><span class='ocrx_word' id='word_1_121' title='bbox 596 2797 725 2872; x_wconf 80' lang='lat' dir='ltr'>Frater</span> <span class='ocrx_word' id='word_1_122' title='bbox 745 2794 962 2902; x_wconf 83' lang='lat' dir='ltr'>Aymericus</span> <span class='ocrx_word' id='word_1_123' title='bbox 991 2796 1037 2871; x_wconf 90' lang='lat' dir='ltr'>de</span> <span class='ocrx_word' id='word_1_124' title='bbox 1062 2795 1176 2870; x_wconf 90' lang='lat' dir='ltr'>Primi</span> <span class='ocrx_word' id='word_1_125' title='bbox 1200 2795 1380 2883; x_wconf 85' lang='lat' dir='ltr'>serviens,</span> <span class='ocrx_word' id='word_1_126' title='bbox 1408 2792 1631 2871; x_wconf 82' lang='lat' dir='ltr'>Pictavensis</span> <span class='ocrx_word' id='word_1_127' title='bbox 1655 2793 1832 2881; x_wconf 87' lang='lat' dir='ltr'>diocesis,</span> <span class='ocrx_word' id='word_1_128' title='bbox 1857 2795 1957 2870; x_wconf 87' lang='lat' dir='ltr'>testis</span> 
     </span>
     <span class='ocr_line' id='line_1_18' title="bbox 541 2922 1956 3030; baseline -0.001 -30"><span class='ocrx_word' id='word_1_129' title='bbox 541 2951 651 3028; x_wconf 87' lang='lat' dir='ltr'>supra</span> <span class='ocrx_word' id='word_1_130' title='bbox 670 2925 835 3029; x_wconf 86' lang='lat' dir='ltr'>juratus,</span> <span class='ocrx_word' id='word_1_131' title='bbox 858 2924 1079 3001; x_wconf 90' lang='lat' dir='ltr'>mantellum</span> <span class='ocrx_word' id='word_1_132' title='bbox 1098 2941 1135 3000; x_wconf 90' lang='lat' dir='ltr'>et</span> <span class='ocrx_word' id='word_1_133' title='bbox 1156 2922 1313 3001; x_wconf 87' lang='lat' dir='ltr'>barbam</span> <span class='ocrx_word' id='word_1_134' title='bbox 1333 2923 1541 3014; x_wconf 82' lang='lat' dir='ltr'>defferens,</span> <span class='ocrx_word' id='word_1_135' title='bbox 1559 2923 1879 3030; x_wconf 86' lang='lat' dir='ltr'>quadragenarius</span> <span class='ocrx_word' id='word_1_136' title='bbox 1898 2923 1956 2998; x_wconf 87' lang='lat' dir='ltr'>vel</span> 
     </span>
     <span class='ocr_line' id='line_1_19' title="bbox 541 3051 1958 3160; baseline 0.001 -33"><span class='ocrx_word' id='word_1_137' title='bbox 541 3051 654 3138; x_wconf 88' lang='lat' dir='ltr'>circa,</span> <span class='ocrx_word' id='word_1_138' title='bbox 682 3080 768 3128; x_wconf 89' lang='lat' dir='ltr'>cnm</span> <span class='ocrx_word' id='word_1_139' title='bbox 797 3083 875 3159; x_wconf 91' lang='lat' dir='ltr'>quo</span> <span class='ocrx_word' id='word_1_140' title='bbox 903 3056 1124 3160; x_wconf 89' lang='lat' dir='ltr'>inquisitum</span> <span class='ocrx_word' id='word_1_141' title='bbox 1153 3053 1292 3141; x_wconf 88' lang='lat' dir='ltr'>luemt,</span> <span class='ocrx_word' id='word_1_142' title='bbox 1322 3053 1516 3131; x_wconf 84' lang='lat' dir='ltr'>absolutus</span> <span class='ocrx_word' id='word_1_143' title='bbox 1545 3070 1583 3129; x_wconf 89' lang='lat' dir='ltr'>et</span> <span class='ocrx_word' id='word_1_144' title='bbox 1607 3053 1871 3130; x_wconf 87' lang='lat' dir='ltr'>reconciliatus</span> <span class='ocrx_word' id='word_1_145' title='bbox 1894 3080 1958 3157; x_wconf 86' lang='lat' dir='ltr'>per</span> 
     </span>
    </p>

    <p class='ocr_par' dir='ltr' id='par_1_5' title="bbox 509 3182 1959 4201">
     <span class='ocr_line' id='line_1_20' title="bbox 509 3182 1959 3293; baseline 0.001 -37"><span class='ocrx_word' id='word_1_146' title='bbox 509 3182 682 3258; x_wconf 83' lang='lat' dir='ltr'>-dictum</span> <span class='ocrx_word' id='word_1_147' title='bbox 715 3182 913 3258; x_wconf 93' lang='lat' dir='ltr'>dominum</span> <span class='ocrx_word' id='word_1_148' title='bbox 949 3186 1164 3289; x_wconf 88' lang='lat' dir='ltr'>episcopum</span> <span class='ocrx_word' id='word_1_149' title='bbox 1197 3184 1517 3271; x_wconf 87' lang='lat' dir='ltr'>Lemovicensem,</span> <span class='ocrx_word' id='word_1_150' title='bbox 1550 3183 1659 3260; x_wconf 90' lang='lat' dir='ltr'>lectis</span> <span class='ocrx_word' id='word_1_151' title='bbox 1690 3200 1729 3260; x_wconf 90' lang='lat' dir='ltr'>et</span> <span class='ocrx_word' id='word_1_152' title='bbox 1763 3183 1959 3293; x_wconf 84' lang='lat' dir='ltr'>diligenter</span> 
     </span>
     <span class='ocr_line' id='line_1_21' title="bbox 535 3311 1958 3423; baseline 0.001 -37"><span class='ocrx_word' id='word_1_153' title='bbox 535 3311 715 3418; x_wconf 84' lang='lat' dir='ltr'>expositis</span> <span class='ocrx_word' id='word_1_154' title='bbox 729 3313 799 3389; x_wconf 90' lang='lat' dir='ltr'>sibi</span> <span class='ocrx_word' id='word_1_155' title='bbox 817 3313 994 3390; x_wconf 90' lang='lat' dir='ltr'>omnibus</span> <span class='ocrx_word' id='word_1_156' title='bbox 1008 3331 1044 3389; x_wconf 96' lang='lat' dir='ltr'>et</span> <span class='ocrx_word' id='word_1_157' title='bbox 1059 3315 1215 3423; x_wconf 83' lang='lat' dir='ltr'>singulis</span> <span class='ocrx_word' id='word_1_158' title='bbox 1227 3314 1410 3400; x_wconf 83' lang='lat' dir='ltr'>articulis,</span> <span class='ocrx_word' id='word_1_159' title='bbox 1427 3313 1624 3419; x_wconf 91' lang='lat' dir='ltr'>respondit</span> <span class='ocrx_word' id='word_1_160' title='bbox 1644 3314 1749 3419; x_wconf 89' lang='lat' dir='ltr'>quod</span> <span class='ocrx_word' id='word_1_161' title='bbox 1765 3341 1958 3418; x_wconf 89' lang='lat' dir='ltr'>nunquam</span> 
     </span>
     <span class='ocr_line' id='line_1_22' title="bbox 539 3442 1957 3549; baseline 0.001 -34"><span class='ocrx_word' id='word_1_162' title='bbox 539 3443 681 3519; x_wconf 87' lang='lat' dir='ltr'>viderat</span> <span class='ocrx_word' id='word_1_163' title='bbox 710 3443 873 3548; x_wconf 86' lang='lat' dir='ltr'>aliquem</span> <span class='ocrx_word' id='word_1_164' title='bbox 901 3444 1018 3520; x_wconf 90' lang='lat' dir='ltr'>alium</span> <span class='ocrx_word' id='word_1_165' title='bbox 1047 3445 1162 3549; x_wconf 82' lang='lat' dir='ltr'>recipi</span> <span class='ocrx_word' id='word_1_166' title='bbox 1196 3446 1233 3519; x_wconf 92' lang='lat' dir='ltr'>in</span> <span class='ocrx_word' id='word_1_167' title='bbox 1261 3445 1411 3531; x_wconf 84' lang='lat' dir='ltr'>ordine,</span> <span class='ocrx_word' id='word_1_168' title='bbox 1442 3472 1512 3519; x_wconf 90' lang='lat' dir='ltr'>nec</span> <span class='ocrx_word' id='word_1_169' title='bbox 1537 3442 1755 3520; x_wconf 81' lang='lat' dir='ltr'>interfuerat</span> <span class='ocrx_word' id='word_1_170' title='bbox 1786 3443 1957 3546; x_wconf 88' lang='lat' dir='ltr'>capitulis</span> 
     </span>
     <span class='ocr_line' id='line_1_23' title="bbox 540 3571 1950 3678; baseline -0.002 -30"><span class='ocrx_word' id='word_1_171' title='bbox 540 3601 687 3659; x_wconf 86' lang='lat' dir='ltr'>eorum,</span> <span class='ocrx_word' id='word_1_172' title='bbox 704 3602 774 3651; x_wconf 91' lang='lat' dir='ltr'>nee</span> <span class='ocrx_word' id='word_1_173' title='bbox 789 3575 928 3651; x_wconf 88' lang='lat' dir='ltr'>sciebat</span> <span class='ocrx_word' id='word_1_174' title='bbox 944 3575 990 3650; x_wconf 93' lang='lat' dir='ltr'>de</span> <span class='ocrx_word' id='word_1_175' title='bbox 1008 3575 1192 3652; x_wconf 86' lang='lat' dir='ltr'>contentis</span> <span class='ocrx_word' id='word_1_176' title='bbox 1207 3575 1244 3650; x_wconf 93' lang='lat' dir='ltr'>in</span> <span class='ocrx_word' id='word_1_177' title='bbox 1264 3573 1369 3650; x_wconf 88' lang='lat' dir='ltr'>dictis</span> <span class='ocrx_word' id='word_1_178' title='bbox 1386 3573 1549 3649; x_wconf 85' lang='lat' dir='ltr'>articulis</span> <span class='ocrx_word' id='word_1_179' title='bbox 1566 3575 1632 3651; x_wconf 90' lang='lat' dir='ltr'>nisi</span> <span class='ocrx_word' id='word_1_180' title='bbox 1647 3571 1749 3678; x_wconf 94' lang='lat' dir='ltr'>quod</span> <span class='ocrx_word' id='word_1_181' title='bbox 1766 3571 1950 3674; x_wconf 90' lang='lat' dir='ltr'>sequitur.</span> 
     </span>
     <span class='ocr_line' id='line_1_24' title="bbox 537 3702 1954 3810; baseline -0.001 -34"><span class='ocrx_word' id='word_1_182' title='bbox 537 3703 639 3778; x_wconf 86' lang='lat' dir='ltr'>Dixit</span> <span class='ocrx_word' id='word_1_183' title='bbox 657 3703 772 3778; x_wconf 89' lang='lat' dir='ltr'>eciam</span> <span class='ocrx_word' id='word_1_184' title='bbox 793 3706 896 3808; x_wconf 92' lang='lat' dir='ltr'>quod</span> <span class='ocrx_word' id='word_1_185' title='bbox 914 3705 1035 3782; x_wconf 85' lang='lat' dir='ltr'>fuerat</span> <span class='ocrx_word' id='word_1_186' title='bbox 1054 3721 1245 3810; x_wconf 88' lang='lat' dir='ltr'>receptus,</span> <span class='ocrx_word' id='word_1_187' title='bbox 1271 3704 1366 3780; x_wconf 90' lang='lat' dir='ltr'>circa</span> <span class='ocrx_word' id='word_1_188' title='bbox 1386 3703 1523 3779; x_wconf 86' lang='lat' dir='ltr'>festum</span> <span class='ocrx_word' id='word_1_189' title='bbox 1546 3702 1761 3808; x_wconf 86' lang='lat' dir='ltr'>Magdalene</span> <span class='ocrx_word' id='word_1_190' title='bbox 1781 3702 1954 3807; x_wconf 82' lang='lat' dir='ltr'>proximo</span> 
     </span>
     <span class='ocr_line' id='line_1_25' title="bbox 537 3830 1955 3938; baseline -0.001 -31"><span class='ocrx_word' id='word_1_191' title='bbox 537 3833 760 3937; x_wconf 89' lang='lat' dir='ltr'>preteritum</span> <span class='ocrx_word' id='word_1_192' title='bbox 785 3832 938 3912; x_wconf 85' lang='lat' dir='ltr'>luerunt</span> <span class='ocrx_word' id='word_1_193' title='bbox 961 3864 1007 3914; x_wconf 76' lang='lat' dir='ltr'>xx</span> <span class='ocrx_word' id='word_1_194' title='bbox 1028 3837 1115 3912; x_wconf 90' lang='lat' dir='ltr'>anni</span> <span class='ocrx_word' id='word_1_195' title='bbox 1134 3836 1193 3911; x_wconf 86' lang='lat' dir='ltr'>vel</span> <span class='ocrx_word' id='word_1_196' title='bbox 1213 3835 1323 3922; x_wconf 87' lang='lat' dir='ltr'>cirea,</span> <span class='ocrx_word' id='word_1_197' title='bbox 1346 3836 1387 3909; x_wconf 93' lang='lat' dir='ltr'>in</span> <span class='ocrx_word' id='word_1_198' title='bbox 1410 3833 1550 3938; x_wconf 88' lang='lat' dir='ltr'>capella</span> <span class='ocrx_word' id='word_1_199' title='bbox 1576 3835 1713 3911; x_wconf 91' lang='lat' dir='ltr'>domus</span> <span class='ocrx_word' id='word_1_200' title='bbox 1734 3830 1889 3937; x_wconf 88' lang='lat' dir='ltr'>Templi</span> <span class='ocrx_word' id='word_1_201' title='bbox 1912 3831 1955 3906; x_wconf 88' lang='lat' dir='ltr'>de</span> 
     </span>
     <span class='ocr_line' id='line_1_26' title="bbox 538 3961 1954 4070; baseline -0.002 -33"><span class='ocrx_word' id='word_1_202' title='bbox 538 3965 635 4039; x_wconf 88' lang='lat' dir='ltr'>Font</span> <span class='ocrx_word' id='word_1_203' title='bbox 662 3965 859 4042; x_wconf 88' lang='lat' dir='ltr'>Lezentort</span> <span class='ocrx_word' id='word_1_204' title='bbox 888 3967 1161 4043; x_wconf 87' lang='lat' dir='ltr'>Lemovieensis</span> <span class='ocrx_word' id='word_1_205' title='bbox 1191 3966 1367 4051; x_wconf 84' lang='lat' dir='ltr'>diocesis,</span> <span class='ocrx_word' id='word_1_206' title='bbox 1397 3992 1465 4070; x_wconf 88' lang='lat' dir='ltr'>per</span> <span class='ocrx_word' id='word_1_207' title='bbox 1491 3963 1644 4041; x_wconf 86' lang='lat' dir='ltr'>fratrem</span> <span class='ocrx_word' id='word_1_208' title='bbox 1670 3965 1882 4040; x_wconf 79' lang='lat' dir='ltr'>iohannem</span> <span class='ocrx_word' id='word_1_209' title='bbox 1907 3961 1954 4036; x_wconf 86' lang='lat' dir='ltr'>las</span> 
     </span>
     <span class='ocr_line' id='line_1_27' title="bbox 538 4089 1955 4201; baseline -0.002 -33"><span class='ocrx_word' id='word_1_210' title='bbox 538 4092 752 4171; x_wconf 85' lang='lat' dir='ltr'>Cbausadas</span> <span class='ocrx_word' id='word_1_211' title='bbox 781 4095 972 4201; x_wconf 91' lang='lat' dir='ltr'>quondam</span> <span class='ocrx_word' id='word_1_212' title='bbox 998 4112 1258 4201; x_wconf 87' lang='lat' dir='ltr'>preceptorem</span> <span class='ocrx_word' id='word_1_213' title='bbox 1290 4095 1336 4172; x_wconf 91' lang='lat' dir='ltr'>de</span> <span class='ocrx_word' id='word_1_214' title='bbox 1371 4094 1585 4182; x_wconf 88' lang='lat' dir='ltr'>Paulhaco,</span> <span class='ocrx_word' id='word_1_215' title='bbox 1616 4091 1859 4198; x_wconf 88' lang='lat' dir='ltr'>presentibus</span> <span class='ocrx_word' id='word_1_216' title='bbox 1891 4089 1955 4165; x_wconf 83' lang='lat' dir='ltr'>ira-</span> 
     </span>
    </p>

    <p class='ocr_par' dir='ltr' id='par_1_6' title="bbox 508 4220 1954 4984">
     <span class='ocr_line' id='line_1_28' title="bbox 508 4220 1953 4334; baseline -0.003 -35"><span class='ocrx_word' id='word_1_217' title='bbox 508 4292 511 4299; x_wconf 93' lang='grc'><em>,</em></span> <span class='ocrx_word' id='word_1_218' title='bbox 537 4223 658 4300; x_wconf 87' lang='lat' dir='ltr'>tribus</span> <span class='ocrx_word' id='word_1_219' title='bbox 678 4224 860 4303; x_wconf 85' lang='lat' dir='ltr'>Gaulrido</span> <span class='ocrx_word' id='word_1_220' title='bbox 881 4226 928 4302; x_wconf 92' lang='lat' dir='ltr'>de</span> <span class='ocrx_word' id='word_1_221' title='bbox 951 4228 1121 4314; x_wconf 80' lang='lat' dir='ltr'>Brevesa,</span> <span class='ocrx_word' id='word_1_222' title='bbox 1144 4226 1339 4334; x_wconf 78' lang='lat' dir='ltr'>Aymerico</span> <span class='ocrx_word' id='word_1_223' title='bbox 1361 4224 1407 4300; x_wconf 88' lang='lat' dir='ltr'>de</span> <span class='ocrx_word' id='word_1_224' title='bbox 1428 4220 1639 4311; x_wconf 85' lang='lat' dir='ltr'>Masualier,</span> <span class='ocrx_word' id='word_1_225' title='bbox 1662 4241 1701 4302; x_wconf 87' lang='lat' dir='ltr'>et</span> <span class='ocrx_word' id='word_1_226' title='bbox 1720 4224 1891 4300; x_wconf 78' lang='lat' dir='ltr'>iohanne</span> <span class='ocrx_word' id='word_1_227' title='bbox 1912 4222 1953 4297; x_wconf 89' lang='lat' dir='ltr'>de</span> 
     </span>
     <span class='ocr_line' id='line_1_29' title="bbox 537 4350 1954 4459; baseline -0.002 -31"><span class='ocrx_word' id='word_1_228' title='bbox 537 4352 668 4430; x_wconf 88' lang='lat' dir='ltr'>Vriaco</span> <span class='ocrx_word' id='word_1_229' title='bbox 689 4354 951 4442; x_wconf 88' lang='lat' dir='ltr'>servientibus,</span> <span class='ocrx_word' id='word_1_230' title='bbox 972 4356 1078 4442; x_wconf 86' lang='lat' dir='ltr'>vivis,</span> <span class='ocrx_word' id='word_1_231' title='bbox 1100 4372 1142 4432; x_wconf 93' lang='lat' dir='ltr'>ut</span> <span class='ocrx_word' id='word_1_232' title='bbox 1161 4355 1295 4444; x_wconf 89' lang='lat' dir='ltr'>credit,</span> <span class='ocrx_word' id='word_1_233' title='bbox 1321 4371 1359 4430; x_wconf 90' lang='lat' dir='ltr'>et</span> <span class='ocrx_word' id='word_1_234' title='bbox 1385 4353 1465 4430; x_wconf 88' lang='lat' dir='ltr'>aliis</span> <span class='ocrx_word' id='word_1_235' title='bbox 1485 4353 1533 4428; x_wconf 92' lang='lat' dir='ltr'>de</span> <span class='ocrx_word' id='word_1_236' title='bbox 1552 4380 1718 4459; x_wconf 90' lang='lat' dir='ltr'>quorum</span> <span class='ocrx_word' id='word_1_237' title='bbox 1741 4350 1954 4429; x_wconf 87' lang='lat' dir='ltr'>nominibus</span> 
     </span>
     <span class='ocr_line' id='line_1_30' title="bbox 537 4481 1953 4577; baseline -0.002 -20"><span class='ocrx_word' id='word_1_238' title='bbox 537 4510 612 4558; x_wconf 92' lang='lat' dir='ltr'>non</span> <span class='ocrx_word' id='word_1_239' title='bbox 634 4487 861 4577; x_wconf 89' lang='lat' dir='ltr'>recordatur,</span> <span class='ocrx_word' id='word_1_240' title='bbox 883 4487 922 4561; x_wconf 92' lang='lat' dir='ltr'>in</span> <span class='ocrx_word' id='word_1_241' title='bbox 945 4487 1047 4562; x_wconf 91' lang='lat' dir='ltr'>bunc</span> <span class='ocrx_word' id='word_1_242' title='bbox 1071 4488 1254 4563; x_wconf 91' lang='lat' dir='ltr'>modum:</span> <span class='ocrx_word' id='word_1_243' title='bbox 1276 4513 1362 4561; x_wconf 91' lang='lat' dir='ltr'>nam</span> <span class='ocrx_word' id='word_1_244' title='bbox 1388 4485 1591 4562; x_wconf 86' lang='lat' dir='ltr'>instructus</span> <span class='ocrx_word' id='word_1_245' title='bbox 1610 4512 1631 4558; x_wconf 94' lang='lat' dir='ltr'>a</span> <span class='ocrx_word' id='word_1_246' title='bbox 1653 4483 1765 4559; x_wconf 90' lang='lat' dir='ltr'>dictis</span> <span class='ocrx_word' id='word_1_247' title='bbox 1785 4481 1953 4560; x_wconf 83' lang='lat' dir='ltr'>fratribus</span> 
     </span>
     <span class='ocr_line' id='line_1_31' title="bbox 537 4609 1952 4722; baseline -0.001 -36"><span class='ocrx_word' id='word_1_248' title='bbox 537 4611 727 4690; x_wconf 86' lang='lat' dir='ltr'>Gaulredo</span> <span class='ocrx_word' id='word_1_249' title='bbox 757 4633 795 4692; x_wconf 88' lang='lat' dir='ltr'>et</span> <span class='ocrx_word' id='word_1_250' title='bbox 823 4617 1011 4703; x_wconf 89' lang='lat' dir='ltr'>lobanne,</span> <span class='ocrx_word' id='word_1_251' title='bbox 1048 4615 1241 4722; x_wconf 84' lang='lat' dir='ltr'>requisivit</span> <span class='ocrx_word' id='word_1_252' title='bbox 1273 4615 1462 4692; x_wconf 89' lang='lat' dir='ltr'>caritatem</span> <span class='ocrx_word' id='word_1_253' title='bbox 1496 4629 1532 4689; x_wconf 90' lang='lat' dir='ltr'>et</span> <span class='ocrx_word' id='word_1_254' title='bbox 1562 4612 1783 4689; x_wconf 88' lang='lat' dir='ltr'>societatem</span> <span class='ocrx_word' id='word_1_255' title='bbox 1819 4609 1952 4691; x_wconf 90' lang='lat' dir='ltr'>ordinis</span> 
     </span>
     <span class='ocr_line' id='line_1_32' title="bbox 536 4740 1950 4852; baseline -0.001 -37"><span class='ocrx_word' id='word_1_256' title='bbox 536 4740 679 4845; x_wconf 90' lang='lat' dir='ltr'>pluries</span> <span class='ocrx_word' id='word_1_257' title='bbox 706 4744 946 4848; x_wconf 87' lang='lat' dir='ltr'>interpolate;</span> <span class='ocrx_word' id='word_1_258' title='bbox 980 4764 1017 4823; x_wconf 87' lang='lat' dir='ltr'>et</span> <span class='ocrx_word' id='word_1_259' title='bbox 1046 4746 1186 4823; x_wconf 90' lang='lat' dir='ltr'>cumei</span> <span class='ocrx_word' id='word_1_260' title='bbox 1209 4745 1426 4852; x_wconf 83' lang='lat' dir='ltr'>frequenter</span> <span class='ocrx_word' id='word_1_261' title='bbox 1452 4771 1674 4848; x_wconf 86' lang='lat' dir='ltr'>responsum</span> <span class='ocrx_word' id='word_1_262' title='bbox 1702 4742 1839 4820; x_wconf 87' lang='lat' dir='ltr'>suisset</span> <span class='ocrx_word' id='word_1_263' title='bbox 1858 4740 1950 4848; x_wconf 92' lang='lat' dir='ltr'>quod</span> 
     </span>
     <span class='ocr_line' id='line_1_33' title="bbox 535 4868 1948 4984; baseline -0.001 -38"><span class='ocrx_word' id='word_1_264' title='bbox 535 4868 633 4948; x_wconf 91' lang='lat' dir='ltr'>bene</span> <span class='ocrx_word' id='word_1_265' title='bbox 656 4869 898 4962; x_wconf 86' lang='lat' dir='ltr'>deliberaret,</span> <span class='ocrx_word' id='word_1_266' title='bbox 920 4876 1009 4981; x_wconf 91' lang='lat' dir='ltr'>quia</span> <span class='ocrx_word' id='word_1_267' title='bbox 1038 4877 1220 4984; x_wconf 85' lang='lat' dir='ltr'>grandem</span> <span class='ocrx_word' id='word_1_268' title='bbox 1248 4903 1329 4952; x_wconf 90' lang='lat' dir='ltr'>rem</span> <span class='ocrx_word' id='word_1_269' title='bbox 1356 4873 1528 4980; x_wconf 86' lang='lat' dir='ltr'>petebat,</span> <span class='ocrx_word' id='word_1_270' title='bbox 1568 4889 1607 4948; x_wconf 91' lang='lat' dir='ltr'>et</span> <span class='ocrx_word' id='word_1_271' title='bbox 1638 4889 1838 4978; x_wconf 89' lang='lat' dir='ltr'>oporteret</span> <span class='ocrx_word' id='word_1_272' title='bbox 1871 4897 1948 4949; x_wconf 88' lang='lat' dir='ltr'>eum</span> 
     </span>
    </p>
   </div>
   <div class='ocr_carea' id='block_1_4' title="bbox 0 0 2044 6052">
    <p class='ocr_par' dir='ltr' id='par_1_7' title="bbox 0 0 2044 6052">
     <span class='ocr_line' id='line_1_34' title="bbox 0 0 2044 6052; baseline 0 3"><span class='ocrx_word' id='word_1_273' title='bbox 0 0 2044 6052; x_wconf 95' lang='lat' dir='ltr'> </span> 
     </span>
    </p>
   </div>
  </div>
 </body>
</html>
