4080 6052
473 526 666 621 proces
692 546 787 619 oss
812 546 1111 621 rememsis.
1425 554 1495 626 551

84 710 216 800 genter
230 687 404 795 expositis
422 684 494 764 sibi
512 687 694 765 omnibus
709 704 748 765 et
767 685 924 795 siugulis
938 686 1120 778 eminulis,
1142 689 1300 792 repetita
1318 705 1500 794 protesta-

86 821 196 900 cione
220 846 288 926 per
312 846 401 896 eum
427 833 468 895 et
490 816 584 895 elios
603 815 697 894 lacta
724 816 877 924 quando
898 817 1052 925 juravit,
1079 817 1276 923 respondit
1300 819 1347 895 ad
1373 848 1437 897 eos
1463 852 1501 899 se

53 1045 55 1049 Α
86 950 229 1029 nescire
253 951 301 1028 de
324 947 512 1026 contentis
535 947 577 1023 in
595 947 685 1053 ipsis
711 946 877 1025 aniculis
903 948 975 1025 nisi
999 949 1104 1054 quod
1125 948 1308 1054 sequitur,
1330 949 1502 1028 videlicet

84 1081 189 1188 quod
206 1081 288 1186 ipse
304 1078 379 1156 fuit
393 1093 585 1184 receptus,
609 1077 807 1156 Dominica
830 1095 917 1156 ante
933 1079 1169 1156 Nativitatem
1189 1080 1360 1184 proximo
1380 1100 1501 1186 prete-

84 1211 199 1289 ritum
225 1209 463 1289 fuerentur
483 1208 572 1284 anni
598 1208 656 1284 vel
678 1209 791 1297 circa,
809 1236 876 1315 per
895 1208 1047 1286 fratrem
1074 1208 1268 1286 Nicolaum
1300 1210 1348 1287 de
1375 1229 1501 1288 sancto

86 1339 232 1418 Albano
263 1338 456 1445 qnondam
481 1354 757 1443 preceptorem,
779 1356 873 1415 tunc
896 1339 1035 1416 Montis
1062 1338 1358 1426 suessionensis,
1380 1340 1418 1415 in
1445 1371 1503 1416 ca·

85 1468 183 1575 pella
209 1471 347 1548 domus
377 1466 527 1572 Templi
552 1468 736 1571 predicte,
767 1467 1007 1572 presentibus
1036 1464 1211 1544 fratribus
1239 1468 1422 1547 Michaele
1452 1473 1501 1547 de

83 1598 343 1707 Bnllaynvilier
361 1595 481 1674 milite
505 1596 717 1701 quondam,
732 1600 873 1675 Joanne
905 1598 952 1674 de
973 1597 1143 1676 Vallibus
1172 1598 1354 1677 serviente
1377 1626 1501 1704 quon·-

84 1730 188 1815 dam,
208 1729 248 1804 in
263 1726 542 1807 hunomodum
564 1762 574 1807 z
597 1756 685 1806 nam
704 1754 791 1804 cum
814 1726 919 1804 flexis
937 1726 1096 1835 genibus
1116 1728 1290 1831 periisset
1306 1752 1442 1833 panem
1465 1747 1502 1807 et

83 1884 234 1964 aquam,
262 1858 477 1937 societatem
502 1877 541 1937 et
562 1885 767 1965 pauperem
798 1857 975 1933 vestitum
1000 1854 1145 1930 ordinis
1175 1882 1303 1933 amore
1332 1858 1401 1933 Dei
1430 1860 1500 1935 sibi

86 1987 260 2075 concedi,
277 2006 316 2065 et
326 2014 547 2094 responsum
560 1987 690 2066 suisset
701 1985 806 2091 quod
823 1984 1002 2092 grandem
1013 2012 1095 2062 rem
1107 1983 1275 2090 petebat,
1290 1986 1377 2091 quia
1392 2013 1502 2092 opor-

88 2133 185 2193 teret
212 2144 300 2192 eum
328 2117 502 2194 abdicare
527 2145 548 2192 a
577 2145 616 2193 se
645 2115 832 2222 propriam
862 2113 1113 2202 voluntatem,
1138 2132 1176 2191 et
1194 2115 1315 2191 molta
1344 2117 1436 2193 dura
1468 2135 1504 2193 et

64 2273 212 2352 aspera
227 2247 430 2338 sustinere,
450 2249 587 2354 etipse
606 2242 861 2353 respondisset
874 2245 980 2351 quod
998 2246 1126 2321 omnia
1135 2247 1353 2334 sustineret,
1375 2248 1503 2325 volue-

84 2393 174 2453 runt
193 2378 288 2455 scire
309 2377 357 2454 ab
384 2405 431 2454 eo
449 2376 480 2456 si
498 2395 579 2454 erat
600 2377 745 2455 servilis
770 2375 1023 2465 condicionis,
1047 2375 1292 2452 matrimonio
1313 2376 1372 2451 vel
1396 2378 1502 2454 alteri

84 2506 256 2612 religioni
271 2506 329 2583 vel
342 2506 481 2585 debitis
497 2509 603 2614 quod
617 2534 694 2583 non
709 2522 836 2613 posset
845 2504 992 2582 soluere
1009 2504 1211 2614 obligatus,
1238 2522 1276 2582 et
1294 2507 1324 2583 si
1341 2506 1502 2584 habebat

48 2654 49 2659 ’
84 2634 228 2741 aliquid
249 2637 565 2743 impedimentum
593 2636 823 2714 infirmitatis
844 2635 994 2713 latentis
1017 2636 1076 2712 vel
1099 2635 1218 2727 aliud;
1245 2664 1320 2742 qno
1347 2664 1501 2742 respon-

86 2767 199 2844 dente
222 2768 328 2871 quod
345 2793 442 2858 non,
459 2768 634 2845 diremnt
660 2768 693 2844 ei
718 2767 825 2874 quod
846 2781 994 2872 rogaret
1016 2765 1141 2844 Deum
1160 2783 1199 2843 et
1215 2766 1363 2844 beatam
1383 2769 1502 2874 Virgi-

84 2925 171 2974 nem
185 2896 292 3002 quod
309 2896 514 3004 dirigerent
533 2924 640 2988 eum,
667 2914 706 2973 et
725 2896 866 2973 diceret
880 2892 990 3005 Pater
1008 2912 1137 2972 noster
1156 2913 1195 2972 et
1214 2895 1288 2973 Ave
1309 2898 1443 2984 Maria,
1465 2915 1503 2973 et

83 3053 168 3102 cum
184 3026 258 3103 boc
271 3027 432 3114 lecisset,
446 3044 484 3102 et
494 3026 662 3103 tetidem
675 3026 779 3133 quod
788 3050 901 3131 supra
915 3025 1098 3133 periisset,
1113 3040 1152 3101 et
1164 3025 1267 3100 idem
1278 3050 1500 3131 responsum

83 3154 213 3233 luisset
236 3172 274 3232 et
296 3155 437 3232 dietum
460 3183 528 3260 per
548 3172 799 3261 receptorem,
817 3155 997 3233 fratribus
1016 3154 1239 3246 astantibus,
1261 3154 1418 3261 quodsi
1441 3159 1504 3234 sci-

82 3302 168 3361 rent
183 3285 501 3390 impedimentum
519 3287 559 3362 in
575 3314 637 3374 eo,
660 3286 869 3364 revelarent
887 3303 974 3363 ante
997 3286 1272 3391 recepcionem,
1294 3287 1383 3391 quia
1406 3306 1504 3389 post·

82 3416 241 3491 modum
266 3416 338 3492 hoc
356 3444 433 3492 non
459 3434 629 3522 possent,
658 3415 835 3507 finaliter,
857 3417 1015 3522 prestito
1033 3439 1102 3520 per
1120 3416 1377 3522 juramentum
1398 3417 1500 3520 quod

82 3573 158 3621 non
181 3564 288 3624 erant
308 3547 347 3622 in
373 3575 418 3624 eo
437 3546 603 3652 predicta
626 3547 915 3652 impedimenta,
938 3544 1108 3621 lecerunt
1129 3571 1216 3621 eum
1235 3571 1367 3619 rovere
1390 3558 1429 3619 et
1439 3545 1502 3649 ju-

81 3704 161 3753 rare
187 3704 299 3782 super
313 3678 518 3783 quemdam
538 3677 678 3754 librum
693 3693 882 3781 apertum,
902 3677 941 3749 in
962 3700 1039 3780 quo
1056 3691 1135 3750 erat
1156 3702 1289 3782 ymago
1307 3674 1499 3765 Crucifixi,
1553 3680 1557 3686 '

82 3805 303 3891 castitatem,
319 3805 439 3882 vivere
454 3807 534 3881 sine
553 3805 723 3910 proprio,
742 3822 780 3881 et
797 3803 952 3881 obedire
971 3804 1229 3907 superioribus
1248 3803 1379 3880 suiset
1397 3831 1502 3879 man-

83 3933 177 4009 datis
193 3962 343 4020 eorum,
362 3950 399 4010 et
415 3961 558 4011 servare
571 3935 694 4011 bonos
710 3950 858 4028 ususet
871 3933 989 4010 bonas
1004 3935 1298 4011 eonsuetudines
1315 3963 1391 4043 que
1412 3952 1502 4012 tunc

82 4080 187 4139 erant
196 4063 235 4139 in
246 4062 397 4155 ordine,
412 4080 450 4139 et
459 4091 533 4169 que
545 4061 583 4139 in
597 4080 788 4169 posterum
803 4064 1089 4169 imponerentur
1102 4091 1172 4169 per
1179 4065 1320 4169 probos
1330 4064 1503 4142 homines

83 4192 241 4283 ordinis,
264 4211 300 4271 et
317 4194 421 4300 quod
437 4222 514 4271 non
530 4194 730 4272 interesset
744 4193 830 4271 loco
849 4194 889 4269 in
904 4222 981 4300 quo
1001 4192 1141 4271 nobilis
1157 4193 1274 4270 homo
1294 4193 1352 4270 vel
1366 4194 1505 4272 nobilis

81 4324 230 4415 mulier,
244 4324 381 4414 orfani,
395 4325 506 4402 vidue
523 4324 580 4400 vel
593 4324 832 4402 miserabiles
842 4352 1003 4430 persone
1017 4324 1335 4401 exheredarentur
1347 4323 1501 4432 injuste;

81 4456 324 4562 postmodum
344 4457 524 4562 imposuit
541 4456 612 4533 sibi
633 4455 856 4533 mantellum
877 4469 915 4532 et
930 4456 1132 4546 birretum‚
1154 4472 1192 4532 et
1215 4455 1296 4560 ipse
1318 4473 1355 4531 et
1374 4456 1505 4532 fratres

11 4690 14 4697 ,
81 4602 242 4661 astantes
267 4586 422 4663 luerunt
444 4615 532 4663 eum
561 4586 717 4664 osculati
740 4586 780 4661 in
805 4613 883 4664 ore.
913 4585 1063 4663 Deinde
1090 4585 1266 4662 instruxit
1292 4613 1381 4662 eum
1412 4602 1506 4692 quot

81 4717 193 4790 Pater
207 4733 322 4794 noster
333 4717 476 4794 diceret
489 4745 559 4822 pro
580 4717 684 4794 horis
699 4716 795 4806 suis,
810 4715 914 4822 quod
923 4718 1066 4824 jaceret
1076 4743 1163 4792 cum
1179 4717 1311 4822 pannis
1327 4735 1365 4793 et
1378 4715 1504 4823 caligis

81 4844 210 4932 lineis,
239 4845 383 4924 cinctus
411 4873 486 4923 una
517 4845 672 4923 cordula
701 4872 816 4951 qoam
846 4845 940 4922 emit
968 4845 1047 4951 ipse
1078 4845 1182 4924 testis
1212 4845 1309 4923 diota
1335 4847 1397 4922 die
1418 4863 1503 4953 post
