4080 6052
316 572 388 645 sao
701 542 896 635 enonas
921 561 1016 632 uns
1042 558 1344 633 ravennas.

313 739 381 787 sua
391 708 523 817 gracia,
534 731 612 783 non
620 701 773 790 laceret,
782 702 876 779 dixit
886 701 921 778 ei
933 696 1038 807 quod
1046 699 1124 776 imo
1132 697 1286 789 faceret3
1299 718 1337 777 et
1346 718 1439 777 tunc
1448 701 1536 806 ipse
1547 703 1671 789 tastis,
1683 708 1744 811 qni

312 856 392 916 erat
402 837 549 946 juvenis
561 853 598 913 et
605 834 803 912 verebatur
813 861 917 920 eum,
934 847 978 907 ut
993 829 1102 917 dixit,
1119 831 1225 936 spuit
1236 858 1313 907 non
1328 858 1441 937 supra
1450 858 1544 908 eam
1552 833 1625 910 sed
1628 835 1739 942 juxta.

316 972 400 1062 Quo
415 969 527 1053 lacto,
546 966 668 1042 dictus
686 981 858 1069 receptor
873 961 965 1039 dixit
981 960 1016 1036 ei
1037 992 1045 1034 :
1066 960 1186 1051 Vade,
1209 959 1327 1051 latua,
1343 960 1580 1040 confitearis.
1600 963 1655 1040 De
1666 965 1737 1042 alio

316 1099 446 1174 illicito
467 1123 543 1174 non
562 1094 634 1171 luit
652 1096 799 1171 locutus
821 1093 962 1179 eidem,
982 1118 1052 1166 nec
1065 1090 1171 1197 quod
1190 1091 1357 1196 predicta
1379 1109 1510 1170 essent
1525 1093 1577 1170 de
1594 1098 1735 1201 punctis

313 1230 475 1314 ordinis3
497 1245 535 1302 et
555 1225 650 1301 infra
665 1241 750 1302 octo
767 1224 848 1300 dies
866 1250 910 1298 ex
929 1239 1039 1307 tunc,
1060 1220 1133 1297 suit
1147 1220 1249 1298 idem
1265 1222 1373 1298 testis
1388 1223 1437 1299 de
1458 1224 1536 1300 hoc
1550 1225 1735 1304 confessus

312 1360 414 1435 lratri
426 1356 608 1436 Garnerio
621 1356 669 1431 de
680 1355 881 1442 Ponfisara,
896 1352 944 1429 de
953 1350 1089 1428 ordine
1101 1349 1262 1429 fratrum
1274 1351 1470 1429 Minorum
1480 1356 1690 1460 quondam,
1701 1359 1734 1432 in

313 1489 452 1593 capella
479 1488 616 1563 domus
633 1483 782 1589 Templi
806 1483 853 1559 de
880 1483 1053 1588 Soysiaco
1073 1480 1276 1561 Meldensis
1299 1484 1478 1570 diocesis,
1496 1486 1566 1591 qui
1580 1487 1736 1565 absolvit

313 1648 418 1706 eum,
446 1635 484 1693 et
504 1616 595 1691 dixit
618 1614 725 1721 quod
748 1641 856 1690 causa
884 1612 1093 1718 temptandi
1121 1639 1168 1688 an
1187 1611 1391 1720 abnegaret
1408 1613 1537 1692 Deum
1567 1618 1597 1693 si
1623 1645 1731 1722 cape-

312 1767 416 1825 retur
435 1747 481 1822 ab
502 1742 721 1821 infidelibus
738 1742 838 1818 ultra
855 1769 974 1828 mare,
994 1741 1150 1819 forsitan
1168 1741 1335 1848 predicta
1354 1743 1450 1820 lacta
1472 1743 1633 1833 inerunt,
1655 1747 1726 1821 im·

311 1907 456 1987 ponens
486 1877 520 1953 ei
543 1875 647 1981 quod
669 1874 859 1981 jejunaret
882 1872 1005 1952 tribus
1026 1871 1162 1950 diebus
1185 1874 1342 1951 Veneris
1366 1875 1406 1950 in
1432 1902 1530 1980 pane
1556 1892 1594 1950 et
1621 1902 1725 1982 aqna.

311 2009 528 2114 Requisitus
552 2006 582 2083 si
607 2008 691 2094 scit,
713 2004 771 2080 vel
797 2002 955 2092 audivit,
985 2001 1043 2079 vel
1065 2002 1185 2079 credit
1210 2003 1314 2108 quod
1336 2004 1507 2108 predicta
1534 2003 1661 2081 illicita
1677 2009 1731 2084 vel

316 2140 384 2214 alia
396 2138 665 2215 intervenirent
679 2136 717 2211 in
730 2132 1015 2239 recepcionibus
1029 2133 1192 2254 aliorum
1209 2132 1366 2242 fratrum
1379 2134 1440 2211 vel
1454 2152 1563 2240 post,
1583 2164 1731 2243 respon-

315 2267 594 2373 ditquod‘non,
613 2266 684 2342 nisi
698 2266 738 2340 in
748 2262 1035 2368 recepcionibus
1045 2262 1200 2339 illorum
1215 2264 1280 2369 qni
1297 2265 1369 2340 hoc
1381 2264 1548 2370 confessi
1562 2285 1661 2344 sunt.

369 2401 483 2488 ltem,
497 2397 590 2473 dixit
606 2395 712 2502 quod
725 2394 824 2471 bene
840 2392 1018 2470 credebat
1032 2393 1287 2471 ecclesiasticis
1302 2397 1566 2483 sacramentis,
1580 2398 1730 2475 credens

311 2530 415 2635 quod
431 2526 648 2603 alii·lratres
668 2524 803 2602 eodem
823 2524 937 2601 modo
958 2524 1169 2611 crederent,
1189 2541 1227 2602 et
1244 2526 1350 2631 quod
1369 2552 1506 2602 eorum
1527 2529 1730 2607 sacerdotes

312 2660 440 2736 debite
458 2657 714 2745 celebrarent3
734 2683 804 2732 nec
819 2654 939 2731 credit
953 2655 1057 2760 quod
1072 2683 1205 2731 eorum
1222 2654 1306 2731 laici
1323 2654 1569 2735 absolverent
1582 2658 1639 2736 vel
1653 2688 1730 2765 pos

311 2809 394 2866 sent
414 2789 604 2865 absolvere
626 2786 840 2893 apeccatis,
871 2812 941 2862 nec
969 2785 1074 2891 quod
1101 2783 1236 2863 fierent
1264 2786 1391 2895 oscula
1420 2787 1636 2878 inhonesta,
1659 2818 1726 2866 nec

311 2921 416 3024 quod
441 2935 699 3025 perpetrarent
719 2917 860 2994 crimen
880 2915 1250 3004 sodomiticum,·nec
1269 2918 1375 3023 quod
1397 2919 1586 2997 haberent
1600 2920 1724 3026 ydola,

312 3079 381 3125 nee
407 3050 512 3154 quod
542 3049 696 3126 cordule
717 3049 856 3154 quibus
880 3046 1127 3155 cingebantur
1144 3065 1340 3155 tangerent
1369 3051 1490 3154 capita
1519 3051 1726 3159 ydolorum.

312 3181 585 3257 Promittebant
600 3209 673 3256 non
696 3181 794 3256 exire
814 3181 988 3256 ordinem
1003 3207 1073 3286 pro
1093 3179 1240 3257 meliori
1260 3181 1320 3256 vel
1338 3182 1472 3289 pejori.
1490 3182 1728 3261 Clandestine

309 3311 603 3415 recipiebantur,
624 3338 668 3385 ex
685 3310 901 3414 quocredit
920 3311 1024 3416 quod
1045 3328 1141 3388 esset
1159 3312 1322 3417 suspicio
1348 3313 1447 3390 inter
1468 3341 1543 3391 eos.

368 3442 582 3547 lnjunctunr
612 3439 741 3516 fuitei
767 3468 834 3544 per
855 3459 1128 3518 sacramentum
1156 3442 1260 3547 quod
1285 3472 1361 3520 non
1386 3444 1561 3520 revelaret
1585 3463 1724 3520 secreta

311 3573 583 3676 capitulorum3
611 3588 648 3647 et
668 3571 787 3648 eredit
807 3572 910 3674 quod
932 3572 1033 3647 idem
1055 3572 1291 3648 inhiberetur
1308 3573 1408 3660 aliis;
1427 3574 1456 3648 si
1479 3572 1720 3660 revelassent,

310 3705 427 3779 eredit
445 3704 549 3809 quod
571 3702 691 3807 puniti
712 3701 888 3789 luissent,
911 3704 977 3778 sed
998 3703 1115 3778 nescit
1134 3702 1307 3808 qualiter.
1333 3706 1415 3781 Non
1432 3702 1503 3779 luit
1519 3702 1725 3779 inhibitum

309 3836 346 3908 in
366 3833 515 3938 speciali
536 3832 640 3937 quod
661 3860 736 3907 non
753 3830 945 3907 revelleret
964 3833 1122 3908 modum
1143 3834 1391 3937 recepcionis,
1408 3861 1478 3910 nec
1492 3833 1596 3939 quod
1618 3836 1729 3910 conli-

307 3984 451 4041 teretur
464 3966 534 4041 nisi
549 3964 804 4076 sacerdotibus
817 3964 971 4038 ordinis.
990 3963 1029 4039 Si
1044 3963 1111 4068 qui
1129 3980 1234 4042 erant
1246 3963 1378 4041 iratres
1394 3965 1554 4042 scientes
1571 3993 1725 4046 errores.

307 4096 462 4172 suerunt
482 4095 713 4201 negligentes
735 4095 919 4199 quianon
940 4112 1180 4171 correxerunt
1204 4123 1286 4181 eos,
1312 4123 1383 4172 nec
1410 4096 1727 4173 denunciaverunt

306 4226 481 4302 Ecclesie.
502 4224 543 4301 In
558 4225 735 4302 domibus
751 4224 892 4301 ordinis
909 4224 946 4300 in
963 4226 1102 4330 quibus
1121 4225 1212 4311 luit,
1241 4225 1332 4302 vidit
1357 4226 1588 4304 elemosinas
1609 4244 1646 4302 et
1665 4227 1728 4304 ho·

306 4355 545 4458 spitalitatem
563 4356 828 4432 convenienter
848 4356 994 4432 servari.
1016 4356 1169 4432 Audivit
1188 4356 1260 4432 dici
1284 4357 1404 4463 quod,
1427 4357 1723 4443 factosermone,

307 4486 401 4561 clam
427 4516 558 4564 corum
581 4488 755 4593 capitulla
779 4489 1015 4564 tenebantur.
1039 4488 1169 4566 Credit
1189 4490 1292 4593 quod
1313 4506 1417 4565 totns
1437 4490 1533 4567 ordo
1555 4506 1725 4565 servasset

310 4617 412 4716 quod
428 4648 585 4724 magnus
599 4620 773 4725 Magister
791 4649 877 4694 curn
893 4637 1077 4697 conventu
1097 4620 1299 4705 statuisset,
1323 4637 1362 4696 et
1378 4621 1483 4725 quod
1502 4649 1609 4699 nnnc
1625 4649 1722 4727 gran·

308 4743 366 4817 dia
386 4748 570 4833 scandala,
595 4752 755 4854 suspicio
778 4769 814 4826 ot
832 4750 982 4826 infamia
1003 4753 1076 4827 sint
1091 4768 1216 4827 exorta
1234 4768 1361 4827 contra
1380 4752 1581 4841 ordinem,
1604 4752 1650 4828 ad
1665 4781 1721 4826 cn-

300 4876 363 4981 jus
385 4875 656 4952 deffensionem
679 4908 717 4954 se
739 4881 936 4958 obtulerat.
