4080 6052
486 532 680 626 raucas
706 551 802 622 uas
828 550 1124 625 renarrans
1440 549 1512 623 555

97 696 355 800 juramentum
382 692 487 797 quod
519 719 596 768 non
628 689 792 767 habebat
821 688 1077 768 infirmitatem
1104 691 1301 775 latentem,
1325 714 1402 764 'nec
1431 709 1515 766 erat

102 822 243 900 servilis
260 821 507 909 condicionis,
522 821 766 898 matrimonio
781 819 840 895 vel
860 820 966 897 alteri
984 821 1172 928 religioni,
1195 837 1260 897 aut
1284 818 1421 895 debitis
1441 847 1514 923 que

102 981 180 1029 non
214 969 339 1057 posset
369 951 511 1029 solvere
551 949 753 1056 obligatus,
773 948 863 1025 lecit
895 976 984 1026 eum
1018 967 1221 1028 vovere-et
1248 950 1376 1055 jurare
1406 976 1516 1052 supra

101 1081 305 1185 quemdam
325 1080 466 1157 librum
486 1080 710 1168 castitatem,
733 1079 1012 1168 obedienciam,
1033 1081 1154 1157 vivere
1179 1081 1258 1157 sine
1283 1079 1453 1184 proprio,
1480 1074 1528 1154 et‘
1628 1162 1632 1169 ,

102 1239 247 1288 servare
280 1211 401 1288 bonos
425 1238 524 1287 usus
554 1228 592 1288 et
619 1211 737 1287 bonas
760 1211 1071 1288 consuetudines¹
1087 1210 1239 1286 ordinis.
1272 1207 1515 1284 Postmodum

103 1340 282 1445 imposuit
304 1338 376 1415 sibi
399 1338 638 1428 mantellum,
664 1339 803 1444 etipse
828 1356 866 1414 et
887 1356 1046 1415 astantes
1067 1338 1223 1414 suerunt
1250 1364 1338 1413 eum
1365 1337 1516 1413 osculati

103 1470 143 1545 in
168 1498 245 1546 ore.
266 1467 415 1544 Deinde
441 1469 615 1545 instruxit
648 1496 737 1544 erun
762 1485 856 1572 qum
879 1469 993 1544 Pater
1012 1484 1129 1544 ’ωπον
1151 1467 1295 1542 diceret
1320 1490 1389 1570 pro
1417 1465 1519 1542 boris

102 1599 197 1688 suis,
217 1614 255 1674 et
269 1597 374 1705 quod
380 1596 522 1703 jaceret
538 1626 623 1673 cum
635 1597 768 1701 pannis
783 1612 820 1671 et
839 1596 966 1702 caligis
979 1595 1089 1672 lineis
1103 1623 1179 1673 uua
1191 1595 1348 1673 cordula
1356 1594 1516 1684 ainata,

104 1743 141 1802 et
159 1726 321 1830 qualiter
338 1742 485 1832 regeret
503 1753 542 1802 se
563 1727 604 1801 iu
619 1726 770 1803 ordine.
792 1725 881 1800 Post
899 1751 986 1829 que,
1001 1724 1268 1801 recedentibus
1288 1724 1386 1816 aliis,
1413 1742 1520 1829 portu

103 1855 243 1960 capelle
274 1873 401 1960 aperta
427 1871 662 1943 remanente,
687 1853 814 1929 dictus
840 1869 1012 1957 receptor
1040 1853 1133 1928 dixit
1158 1854 1287 1930 eidem
1314 1855 1400 1929 testi
1433 1855 1519 1930 satis

104 2011 221 2088 prope
238 1985 350 2061 altare
371 1983 542 2059 existenti
562 1983 667 2087 quod
686 1980 887 2087 abnegaret
905 1999 964 2058 ter
981 1982 1123 2072 Deum;
1150 1984 1189 2059 et
1207 1983 1295 2059 curn
1313 1983 1391 2087 ipse
1414 1983 1519 2060 testis

105 2113 479 2218 responderet-quod
496 2112 568 2188 boc
586 2110 692 2187 nullo
716 2110 832 2188 modu
850 2109 1003 2200 faceret,
1027 2128 1066 2189 et
1085 2113 1214 2203 fleret,
1241 2112 1333 2189 dixit
1357 2112 1391 2188 ei
1415 2112 1520 2218 quod
1551 2190 1556 2201 ,

106 2271 182 2318 non
200 2260 360 2331 curaret,
384 2242 472 2347 quia
492 2239 689 2345 oportebat
708 2267 796 2317 eum
813 2242 886 2318 boc
903 2241 1042 2329 fucare,
1061 2243 1166 2319 etde
1186 2243 1259 2319 boc
1276 2259 1403 2348 posset
1420 2257 1521 2348 post·

106 2373 264 2449 modum
289 2372 477 2459 confiteri,
504 2389 544 2448 et
560 2370 665 2447 Deus
680 2370 780 2449 bene
799 2371 1014 2478 indulgeret
1034 2373 1087 2461 εἰς
1108 2389 1198 2449 tunc
1220 2373 1299 2479 ipse
1322 2372 1427 2449 testis
1454 2371 1520 2447 ab·

105 2503 251 2607 negavit
264 2503 389 2581 Deum
406 2520 464 2581 ter
478 2530 543 2580 ore
559 2529 637 2578 uon
651 2502 778 2578 corde.
791 2503 880 2578 Post
895 2530 972 2608 que
988 2503 1158 2607 precepit
1176 2501 1210 2577 ei
1223 2501 1329 2607 quod
1340 2517 1398 2576 ter
1417 2518 1521 2605 spue

106 2649 164 2706 ret
194 2660 306 2737 supra
336 2632 538 2737 quamdam
561 2660 709 2708 crucem
733 2632 896 2738 ligneam
919 2631 1038 2708 nescit
1066 2631 1171 2708 unde
1198 2630 1379 2720 ablatam,
1406 2657 1520 2735 quam

104 2760 256 2837 tenebat
282 2761 320 2836 in
352 2790 483 2853 manu,
511 2763 551 2838 in
578 2790 653 2867 qua
680 2791 758 2839 non
786 2763 919 2840 recolit
947 2792 987 2841 se
1016 2762 1201 2868 picturam
1224 2759 1282 2836 vel
1302 2759 1520 2867 ¹ymaginem

106 2889 268 2996 aliquam
287 2892 441 2981 vidisse,
465 2894 591 2998 etipse
609 2893 714 2970 testis
731 2895 832 2999 spuit
850 2911 909 2971 ter
926 2921 1003 2970 non
1021 2921 1132 2998 supra
1150 2892 1325 2997 sedjuxta
1345 2918 1438 2966 eam.
1465 2889 1520 2966 De

106 3020 244 3097 osculis
262 3021 472 3100 inhonestis
498 3040 537 3099 et
562 3023 718 3100 crimine
738 3024 960 3100 sodomitico
980 3051 1056 3100 non
1077 3021 1203 3099 fuitei
1222 3020 1372 3097 locutus
1400 3019 1522 3095 dictus

106 3166 277 3254 receptor
290 3152 480 3255 nec-alius,
503 3181 571 3229 nec
590 3155 695 3259 quod
713 3154 881 3259 predicta
896 3171 1021 3231 essent
1041 3154 1087 3229 de
1103 3152 1254 3257 punctis
1272 3150 1430 3238 ordinis,
1452 3174 1522 3225 nec

106 3278 175 3354 scit
195 3307 265 3357 nec
279 3282 425 3359 audivit
445 3283 517 3360 dici
537 3312 606 3360 nec
632 3285 751 3361 credit
772 3268 877 3390 quod
904 3284 1000 3361 dicta
1023 3282 1151 3359 illicita
1172 3281 1309 3358 fierent
1334 3280 1374 3354 in
1401 3305 1524 3383 recep
1640 3262 1646 3275 ’

107 3408 279 3488 tionibus
301 3411 482 3506 aliorum,
508 3443 580 3492 nec
603 3415 767 3521 aliquem
793 3414 911 3493 alium
939 3414 1034 3491 vidit
1063 3412 1178 3519 recipi
1198 3412 1238 3488 in
1264 3409 1416 3499 ordine,
1450 3436 1523 3484 nec
1555 3492 1559 3499 ,

106 3538 277 3617 interluit
286 3543 457 3647 capitulis
468 3573 618 3637 eorum;
634 3564 672 3622 et
687 3548 893 3652 paucascit,
907 3563 952 3621 ut
972 3543 1075 3632 dixit,
1084 3544 1132 3618 de
1145 3542 1249 3619 lacus
1263 3540 1418 3629 ordinis,
1435 3538 1524 3645 quia

107 3685 185 3743 erat
204 3671 375 3778 agricola.
397 3675 567 3778 Precepit
592 3676 626 3750 ei
647 3675 770 3751 dictus
790 3692 963 3778 receptor
995 3672 1099 3780 quod
1125 3701 1203 3749 non
1229 3671 1412 3750 revelaret
1438 3695 1524 3774 pre-

107 3796 215 3871 dicta.
234 3799 346 3889 Item,
364 3800 457 3878 dixit
475 3829 514 3877 se
529 3801 641 3878 luisse
662 3803 874 3880 consessum
890 3803 936 3881 de
952 3803 1131 3909 predictis
1153 3798 1342 3879 erroribus
1366 3800 1405 3876 in
1427 3826 1523 3874 cras-

106 3927 246 4015 tinum,
260 3928 298 4003 in
313 3930 445 4007 eadem
455 3931 612 4038 capella,
625 3933 726 4011 dicto
737 3933 972 4042 presbytero,
989 3933 1224 4040 quiabsolrit
1237 3961 1340 4024 eum,
1352 3929 1523 4036 imposita

107 4057 316 4162 penitencia
349 4062 453 4165 quod
478 4062 667 4169 jejunaret
702 4091 764 4141 ruu
796 4064 931 4141 diebus
962 4063 1118 4143 Veneris
1145 4062 1184 4138 in
1210 4088 1307 4169 pane
1342 4079 1380 4139 et
1408 4087 1522 4167 uque,

107 4190 211 4291 quod
231 4207 269 4266 et
284 4189 384 4268 lecit.

162 4318 275 4407 Item,
298 4320 391 4398 dixit
415 4323 519 4429 quod
544 4351 695 4400 crucem
720 4342 885 4402 sanctam
904 4324 1039 4400 devote
1056 4323 1261 4400 adorabant
1279 4322 1342 4398 die
1366 4319 1523 4399 Veneris
1568 4348 1572 4356 ·

108 4465 245 4536 sancta,
269 4467 307 4527 et
321 4453 427 4556 quod
440 4452 540 4530 bene
557 4453 676 4531 credit
692 4455 948 4532 ecclesiasticis
962 4454 1217 4545 sacramentis,
1234 4468 1273 4528 et
1286 4450 1405 4528 credit
1420 4448 1526 4556 quod

109 4574 169 4650 alii
200 4575 332 4655 fratres
355 4581 493 4657 eodem
523 4584 638 4659 modo
659 4586 870 4671 crederent,
894 4601 932 4659 et
947 4583 1054 4690 qdod
1074 4610 1206 4659 eorum
1226 4580 1437 4658 sacerdotes
1459 4580 1526 4656 de·

108 4703 186 4779 bite
207 4705 454 4799 celebrarem
472 4740 550 4788 non
571 4713 690 4791 credit
708 4715 812 4820 quod
832 4738 965 4791 eorum
974 4713 1057 4790 laici
1076 4729 1227 4819 possent
1247 4709 1527 4787 absolverenec

109 4834 342 4918 absolverent
364 4867 384 4913 a
400 4843 569 4944 peccatis.
592 4844 732 4921 Juravit
745 4844 918 4922 ordinem
932 4872 1009 4920 non
1027 4842 1148 4932 exire,
1164 4841 1320 4918 credens
1338 4841 1444 4947 quod
1463 4837 1525 4914 alii

1372 5014 1418 5076 70.
