4080 6052
314 563 386 632 ses
697 539 1013 632 raocbsnns
1040 554 1340 628 rnurmnrs.

312 729 462 788 eorum,
490 700 529 775 in
554 699 692 804 capella
703 686 848 777 'domus
873 700 921 775 de
938 698 1138 804 Moysiaco,
1156 699 1222 803 qui
1247 695 1405 774 absolvit
1424 723 1535 784 eum,
1558 697 1734 802 imposita

311 831 521 934 penitencia
539 829 643 936 quod
662 830 852 937 jejunaret
867 846 1013 935 septem
1025 828 1142 905 sextis
1167 827 1284 916 feriis3
1306 845 1344 904 et
1363 828 1630 933 postmodum,
1650 846 1735 934 post

312 960 524 1065 capciouein
549 977 676 1036 tamen
699 989 847 1049 eorum,
876 959 949 1036 fuit
977 957 1170 1037 confessus
1199 960 1315 1035 eciam
1346 959 1393 1036 de
1421 957 1601 1064 predictis
1623 957 1726 1035 fratri

310 1091 470 1183 lobanni
490 1090 600 1166 Pedis
619 1092 774 1197 Leporis
796 1090 972 1167 canonico
989 1089 1168 1195 regulari,
1193 1089 1442 1166 commoranti
1463 1118 1553 1165 cum
1573 1089 1724 1165 domino

310 1223 483 1327 episcopo
497 1221 729 1310 Camotensi,
747 1223 794 1297 de
810 1220 917 1327 cujus
931 1220 1004 1295 vita
1014 1219 1072 1296 vel
1086 1235 1207 1295 morte
1220 1247 1300 1295 non
1315 1219 1431 1296 habet
1442 1218 1725 1306 certitudinem,

307 1352 417 1457 plura
437 1351 529 1428 dixit
549 1378 588 1426 se
609 1351 750 1426 nescire
771 1351 818 1426 de
838 1350 1024 1427 contentis
1043 1350 1083 1424 in
1104 1348 1213 1425 dictis
1232 1376 1294 1425 xm
1314 1348 1494 1449 articulis.

367 1485 476 1570 Item,
500 1481 702 1586 requisitus
721 1508 835 1587 super
854 1480 1039 1557 contentis
1058 1479 1097 1555 in
1117 1505 1177 1556 xiv
1198 1497 1236 1556 et
1255 1479 1434 1556 omnibus
1460 1483 1725 1586 sequentibus,

310 1613 503 1717 respoudit
526 1638 567 1689 se
593 1612 709 1689 nichil
739 1612 833 1689 scire
850 1611 948 1687 ultra
965 1611 1071 1716 quod
1099 1637 1212 1714 supra
1242 1610 1433 1715 deposuit,
1471 1610 1548 1688 boc
1578 1632 1723 1720 excepto

221 1770 225 1777 ·
311 1744 415 1848 quod
437 1743 538 1820 bene
568 1743 744 1820 credebat
769 1741 1024 1821 ecclesiasticis
1043 1741 1296 1829 sacramentis,
1323 1757 1360 1817 et
1387 1740 1514 1817 credit
1540 1744 1640 1848 quod
1662 1745 1722 1820 alii

310 1875 446 1950 eodem
475 1874 590 1951 modo
620 1873 831 1963 crederent,
865 1890 904 1949 et
931 1873 1037 1977 quod
1063 1899 1195 1948 eorum
1228 1872 1439 1949 sacerdotes
1479 1872 1608 1950 debite
1636 1875 1724 1952 cele·

309 2005 476 2092 brarent,
494 2005 581 2108 quia
596 2003 803 2110 presbyteri
814 2001 999 2080 seculares
1011 2002 1228 2108 frequenter
1238 2001 1420 2107 juvabant
1429 2030 1513 2094 eos,
1530 2032 1603 2081 nec
1615 2007 1728 2083 eredit
1795 2070 1800 2077 .

308 2135 413 2240 quod
428 2162 558 2211 eorum
588 2133 670 2210 laici
695 2150 848 2239 possent
865 2132 1056 2211 absolvere
1077 2161 1099 2208 a
1117 2133 1286 2238 peccatis.
1308 2133 1441 2209 Statim
1463 2161 1535 2238 pro
1556 2136 1728 2240 professis

308 2266 559 2355 habebantur,
582 2265 767 2341 utstatim
782 2281 936 2371 possent
952 2263 1051 2340 mitti
1071 2261 1169 2339 ultra
1186 2292 1307 2351 mare;
1328 2264 1562 2342 clandestine
1583 2254 1729 2374 recipie

308 2397 465 2484 bantur,
483 2424 527 2472 ex
542 2423 619 2501 quo
631 2395 750 2472 credit
761 2394 865 2501 quod
877 2410 975 2473 esset
992 2395 1154 2501 suspicio
1171 2409 1298 2471 contra
1318 2421 1400 2484 eos,
1420 2395 1592 2473 cordulis
1610 2398 1729 2507 cinge-

308 2530 455 2619 bantur,
483 2527 552 2603 sed
581 2527 698 2604 nescit
721 2527 825 2634 quod
847 2544 1045 2635 tangerent
1070 2526 1189 2631 capita
1214 2526 1428 2632 ydolorum.
1459 2528 1730 2636 lnjungebatur

305 2659 410 2764 quod
440 2687 516 2734 non
543 2657 750 2734 revelarent
777 2675 917 2735 secreta
949 2658 1220 2763 capitulorum;
1241 2658 1271 2735 si
1303 2657 1548 2747 revelassent,
1575 2659 1727 2738 luissent

307 2790 537 2894 reprehensi,
558 2788 626 2866 sed
647 2788 764 2866 nescit
780 2788 942 2896 qualiter
960 2788 1100 2893 puniti3
1122 2789 1263 2894 absque
1288 2789 1444 2864 licencia
1466 2817 1546 2867 non
1558 2806 1723 2896 poterant

308 2921 377 2995 nisi
404 2919 658 2997 sacerdotibus
676 2920 819 2997 ordinis
843 2917 1025 2997 confiteri.
1041 2917 1100 2997 llli
1120 2920 1184 3026 qui
1206 2918 1373 2996 sciebant
1396 2947 1546 2997 errores
1572 2920 1722 2997 laterum

307 3049 547 3156 negligentes,
565 3051 670 3155 quod
685 3077 762 3128 non
773 3067 1014 3127 correxerunt
1028 3077 1104 3138 eos,
1122 3078 1192 3126 nec
1207 3050 1533 3128 denunciaverunt
1545 3050 1722 3142 Ecclesie,

307 3181 371 3255 sed
403 3168 521 3253 credit
547 3179 651 3284 quod
679 3197 831 3284 propter
855 3180 1033 3257 timorem
1059 3182 1287 3257 omitterent.
1311 3183 1353 3256 ln
1375 3182 1556 3259 domibus
1584 3182 1726 3260 ordinis

308 3312 343 3383 in
369 3309 508 3414 quibus
535 3309 606 3384 fuit
627 3327 895 3396 commoratus,
916 3311 1010 3388 vidit
1030 3311 1252 3387 elemosinas
1270 3328 1308 3386 et
1328 3311 1620 3417 hospitalitatem
1641 3343 1727 3389 con·

307 3441 495 3517 venienter
515 3441 649 3516 servari
675 3458 713 3516 et
739 3441 982 3518 elemosinam
1007 3440 1088 3518 lieri
1114 3461 1171 3518 ter
1202 3443 1238 3517 in
1266 3443 1474 3519 ebdomada
1487 3442 1717 3548 generalem,

202 3576 205 3583 '
307 3590 342 3645 et
363 3573 478 3647 eciam
499 3573 675 3649 omnibus
697 3572 979 3649 transeuntibus
1001 3573 1105 3648 omni
1132 3573 1211 3661 die,
1231 3589 1403 3679 tempore
1421 3591 1541 3648 tamen
1563 3574 1715 3647 carastie

307 3704 625 3810 restringebantur
643 3705 845 3782 elemosine
867 3722 1019 3810 propter
1040 3704 1326 3780 multitudinem
1344 3732 1548 3810 pauperum
1566 3732 1722 3779 concur-

306 3835 485 3908 rencium.
517 3834 623 3911 Clam
654 3834 826 3940 capitalia
859 3836 1097 3911 tenebantur.
1136 3837 1255 3911 Totus
1285 3836 1380 3912 ordo
1406 3851 1583 3911 servasset
1619 3835 1722 3938 quod

305 3994 458 4071 magnus
480 3966 653 4071 Magister
677 3995 763 4040 cum
785 3982 969 4041 conventu
989 3965 1188 4040 statuisset.
1211 3964 1377 4041 Grandia
1398 3963 1571 4038 scandala
1596 3981 1722 4038 contra

303 4094 476 4189 ordinem
497 4113 584 4171 sunt
605 4112 745 4182 exorta,
772 4110 923 4198 propter
942 4093 1007 4168 illa
1029 4093 1076 4168 de
1096 4093 1235 4198 quibus
1262 4095 1385 4200 agitur
1404 4111 1535 4170 contra
1558 4123 1667 4178 eum,
1690 4113 1723 4169 et

306 4225 444 4300 audivit
466 4223 538 4300 dici
555 4224 658 4331 quod
681 4253 835 4330 magnus
855 4225 1030 4333 Magister
1054 4240 1090 4300 et
1109 4224 1171 4300 alii
1197 4241 1284 4300 sunt
1304 4225 1450 4331 aliquos
1471 4253 1620 4302 errores
1641 4254 1725 4301 con-

303 4354 386 4428 fessi
403 4373 529 4431 contra
550 4355 741 4440 ordinem,
760 4354 807 4429 ad
828 4353 934 4458 cujus
956 4353 1213 4430 defensionem
1235 4383 1273 4431 se
1294 4353 1501 4442 obtulerat,
1524 4356 1613 4460 quia
1634 4356 1721 4430 vidit

307 4485 411 4586 quod
428 4486 490 4561 alii
511 4515 550 4563 se
571 4462 788 4563 offerebant.
1293 4470 1294 4473 Ἴ

360 4616 575 4720 Requisitus
589 4618 618 4692 si
633 4618 684 4692 sic
700 4616 924 4721 deposuerat
934 4647 1060 4723 prece,
1078 4637 1269 4724 precepto,
1284 4619 1437 4706 timore,
1456 4646 1601 4707 amore,
1622 4619 1718 4705 odio,

305 4741 359 4815 vel
387 4745 584 4847 temporali
612 4749 773 4825 comodo
801 4748 928 4825 habito
953 4747 1012 4824 vel
1039 4750 1234 4839 babendo,
1264 4749 1461 4855 respondit
1488 4750 1599 4854 quod
1630 4777 1717 4833 non,

301 4872 367 4948 sed
395 4900 462 4977 pro
489 4873 641 4950 veritate
666 4877 837 4954 dicenda.
867 4879 938 4956 Cui
966 4879 1038 4957 luit
1064 4881 1275 4988 injunctum
1300 4881 1405 4986 quod
1434 4908 1511 4955 non
1538 4880 1719 4958 revelaret
