4080 6052
327 556 402 633 510
712 538 909 631 esocis
934 556 1360 633 uus-rummeins.

321 701 442 791 tibus,
457 693 674 790 deffunctis,
694 698 734 777 in
748 701 850 777 hune
865 699 1045 777 modum:
1061 727 1149 775 nam
1162 718 1275 807 peeut
1283 718 1347 778 ter
1363 699 1600 807 interpolate
1615 730 1753 807 panem

323 850 362 910 et
375 854 512 938 nqttam
529 847 569 906 et
585 828 802 907 societatem
821 829 964 907 ordinis
979 856 1107 907 amore
1125 829 1215 918 Dei,
1236 848 1275 907 et
1292 847 1352 907 ter
1372 830 1407 909 ei
1428 827 1506 909 luit
1524 856 1751 937 respousm

321 963 426 1072 quod
445 962 545 1039 bene
557 958 800 1053 deliberaret,
822 960 910 1067 quia
930 956 1050 1037 multa
1068 960 1164 1037 dura
1183 977 1374 1067 oporteret
1390 988 1484 1039 eum
1502 961 1595 1067 pati,
1610 980 1649 1039 et
1662 990 1743 1041 uon

322 1095 478 1174 haberet
504 1091 658 1170 forsitan
680 1114 801 1198 equos
822 1108 863 1168 et
880 1106 1000 1169 vestes
1019 1119 1118 1197 quos
1140 1090 1292 1168 videbat
1309 1120 1375 1171 eos
1397 1090 1561 1180 hebere,
1581 1111 1620 1171 et
1635 1095 1741 1201 quod

322 1241 471 1332 rogaret
489 1224 612 1300 Deum
634 1238 676 1298 ut
689 1250 777 1298 eum
788 1222 985 1330 dirigeret,
1006 1238 1044 1298 et
1064 1250 1150 1298 cum
1167 1221 1240 1299 hoc
1259 1220 1423 1312 fecisset,
1449 1239 1488 1300 et
1507 1223 1581 1330 ipsi
1601 1223 1741 1303 delibe-

321 1373 465 1434 rassent
483 1354 531 1431 ad
557 1354 716 1430 invicem
741 1354 908 1459 recipere
931 1380 1041 1441 eum,
1066 1352 1271 1431 voluerunt
1289 1353 1386 1432 seire
1409 1353 1459 1432 ab
1482 1382 1532 1433 eo
1556 1383 1627 1462 per
1642 1355 1743 1463 jure·

321 1502 492 1566 mentum
507 1486 537 1563 si
554 1502 632 1563 erat
649 1484 792 1564 servilis
802 1484 1050 1576 condicionis,
1062 1485 1416 1575 excommunicatus,
1427 1486 1541 1565 alteri
1557 1486 1739 1597 religioni,

319 1617 561 1696 maiomenis
578 1616 637 1695 vel
661 1615 800 1694 debitis
819 1614 1024 1724 obligetis,
1045 1632 1083 1693 et
1101 1616 1133 1693 si
1156 1616 1320 1695 habebat
1339 1617 1607 1696 infirmitatem
1625 1618 1737 1697 bren-

318 1770 417 1839 tem;
438 1776 516 1856 quo
535 1747 786 1853 respondente
805 1745 911 1854 quod
932 1772 1027 1839 non,
1040 1743 1129 1824 feeit
1146 1772 1236 1824 eum
1252 1776 1387 1826 vovere
1399 1765 1441 1827 et
1452 1748 1588 1856 jurare
1602 1750 1735 1827 uatiu-

317 1902 413 1973 tem,
430 1878 709 1965 obedienciam,
726 1879 847 1954 vivere
866 1878 946 1957 sine
965 1879 1131 1985 proprio,
1147 1908 1289 1958 servare
1310 1880 1433 1958 bonos
1453 1907 1551 1959 usus
1570 1897 1610 1959 et
1624 1879 1734 1958 bonas

319 2010 613 2090 consuetudines
643 2008 799 2086 ordinis.
829 2009 1076 2087 Postmodum
1108 2008 1291 2117 imposuit
1317 2009 1393 2087 sibi
1423 2010 1676 2100 mantellum,
1704 2028 1737 2089 et

318 2145 397 2249 ipse
417 2158 456 2218 et
470 2140 603 2218 fratres
622 2158 782 2219 temutes
802 2140 959 2219 osculati
978 2141 1134 2219 fixerunt
1152 2169 1242 2219 eum
1260 2143 1300 2220 in
1319 2170 1403 2231 ore,
1423 2159 1466 2221 et
1482 2143 1738 2221 instruxerunt

318 2298 405 2351 eum
433 2289 527 2381 quot
550 2273 663 2350 Pater
686 2288 802 2349 notter
825 2271 979 2349 deberet
1004 2299 1074 2379 pm
1099 2271 1205 2350 horis
1234 2272 1312 2351 suis
1339 2272 1489 2364 dicere,
1515 2289 1558 2351 et
1581 2273 1739 2381 qualiter

317 2405 474 2482 deberet
485 2426 524 2482 se
543 2405 582 2480 in
603 2401 736 2481 urdine
754 2429 896 2511 regere.
914 2402 1014 2481 Cum
1030 2419 1159 2483 rutam
1176 2403 1418 2495 resederant,
1440 2419 1480 2481 et
1494 2421 1623 2483 esseut
1639 2404 1738 2513 quoni

315 2538 355 2613 in
374 2533 505 2614 medio
529 2535 702 2626 ecclesie,
727 2535 852 2613 dietus
873 2550 1046 2641 receptor
1066 2534 1158 2612 dixit
1178 2535 1213 2611 ei
1234 2535 1341 2642 quod
1364 2535 1492 2614 adhue
1515 2536 1684 2615 babebat
1705 2535 1738 2613 ei

314 2667 458 2776 aliquid
483 2668 624 2758 diuers,
653 2683 692 2743 et
715 2667 796 2773 ipso
819 2682 915 2743 teste
935 2654 1191 2771 respondente
1210 2694 1303 2773 qus,
1325 2666 1420 2745 dixit
1437 2685 1612 2773 reseptos·
1633 2667 1737 2773 quod

314 2799 512 2905 oportebat
537 2824 625 2875 eum
656 2796 839 2907 abnegare
864 2798 989 2874 Deum
1013 2812 1053 2873 et
1078 2823 1213 2903 spuere
1239 2817 1353 2903 super
1382 2824 1548 2887 oruuemr
1575 2813 1614 2873 et
1644 2824 1731 2873 cum

313 2930 392 3034 ipse
411 2928 516 3006 testis
536 2929 678 3006 diceret
697 2930 801 3035 quod
822 2929 896 3006 boo
915 2927 1022 3006 nullo
1041 2927 1159 3006 modo
1178 2927 1333 3016 feneret,
1358 2928 1478 3005 metus
1493 2925 1614 3005 buter
1635 2928 1732 3034 Ray-

314 3059 461 3136 naudus
478 3058 571 3135 dixit
590 3059 714 3135 eidem
730 3060 893 3138 ridendo
908 3088 918 3136 t
936 3060 1019 3138 Non
1032 3087 1159 3152 eures,
1180 3059 1270 3165 quie
1290 3059 1364 3137 hoc
1381 3087 1462 3138 uon
1479 3075 1536 3137 est
1552 3057 1628 3136 uisi
1645 3086 1732 3165 que

313 3188 400 3265 dam
420 3187 543 3265 truffa.
566 3190 765 3294 Postque,
787 3189 836 3264 ad
856 3206 1075 3295 preceptum
1095 3189 1186 3266 dicti
1211 3188 1436 3295 recepturis,
1459 3216 1551 3267 cum
1572 3189 1733 3295 eliquan-

311 3319 436 3397 tulum
455 3337 710 3427 repugnasset,
731 3319 894 3396 finaliter
908 3319 1102 3427 abnegavit
1117 3320 1241 3396 Deum
1261 3348 1339 3410 ore,
1359 3348 1441 3399 nou
1458 3320 1586 3399 eorde.
1602 3322 1730 3398 Postea

311 3453 477 3557 precepit
506 3453 540 3529 ei
570 3452 672 3552 quod
693 3467 844 3557 spueret
864 3478 975 3556 supra
994 3451 1197 3556 quamdam
1222 3480 1371 3528 crucem
1391 3453 1573 3559 ligneam,
1598 3453 1636 3528 in
1655 3480 1726 3557 qua

311 3582 412 3657 nulla
437 3600 514 3659 erat
534 3583 677 3688 pictura
697 3610 767 3659 nec
787 3606 937 3689 ymago,
961 3582 1181 3660 existentem
1200 3583 1241 3658 in
1260 3583 1425 3689 quadam
1449 3582 1607 3661 fenestra
1625 3581 1723 3658 dicte

310 3713 468 3820 capelle,
498 3731 534 3791 et
559 3715 638 3821 ipse
662 3714 766 3791 testis
792 3714 917 3791 noluit
937 3741 1072 3820 spuere
1099 3742 1223 3820 super,
1249 3714 1316 3790 sed
1335 3716 1453 3822 juxta.
1481 3716 1581 3794 Cum
1603 3728 1723 3791 autern

310 3846 478 3923 exivisset
498 3846 635 3926 dictam
653 3844 834 3951 capellam
846 3844 948 3922 idem
966 3846 1088 3938 testis,
1105 3847 1219 3951 peciit
1232 3876 1253 3923 a
1268 3847 1369 3923 dieto
1383 3846 1497 3925 fratre
1513 3847 1722 3955 Raynaudo.

307 3977 336 4051 si
363 3977 529 4082 predicte
555 3977 757 4083 abnegaeio
784 3995 822 4053 et
850 3977 993 4081 spuieio
1017 3976 1209 4055 debebant
1235 3974 1318 4053 fieri
1344 3977 1559 4085 secundum
1587 3976 1726 4086 religio

307 4132 395 4182 nem
418 4130 567 4197 eorum,
592 4124 629 4185 et
654 4108 775 4184 dietus
795 4106 1020 4214 llaynaudus
1045 4107 1138 4184 dixit
1155 4107 1261 4214 qnod
1281 4135 1377 4195 non,
1405 4109 1474 4186 sed
1501 4109 1613 4216 quod
1635 4137 1724 4186 rese

306 4253 390 4340 ptor
406 4239 596 4317 dixerat‘ei
607 4264 676 4344 pro
697 4237 812 4327 trufa3
832 4254 871 4314 et
883 4238 913 4316 si
928 4237 1080 4315 dixisset
1100 4239 1134 4314 ei
1151 4240 1256 4344 quod
1273 4240 1485 4317 secuudum
1501 4240 1722 4348 religionem

306 4393 437 4446 eorum
452 4354 641 4449 debebant
652 4368 818 4474 predicta
834 4368 936 4457 lieri,
954 4369 1117 4447 habebat
1137 4370 1216 4477 ipse
1235 4371 1340 4449 testis
1359 4389 1450 4448 tunc
1470 4373 1723 4478 propositum,

304 4517 346 4573 ut
373 4499 481 4593 dixit,
504 4500 550 4577 ab
575 4528 621 4578 eo
645 4500 845 4577 recedendi
865 4518 905 4578 et
919 4501 1045 4578 statim
1072 4502 1245 4579 habitum
1266 4502 1485 4608 abjiciendir
1509 4478 1723 4581 nichilouii·

304 4654 377 4703 nus
405 4646 532 4706 tamen
561 4633 668 4737 petiit
694 4659 713 4707 a
751 4631 851 4707 dicto
881 4629 993 4708 fratre
1024 4631 1251 4719 laurenci0,
1278 4632 1411 4708 eadem
1439 4632 1503 4709 die
1528 4662 1575 4710 ec
1599 4649 1720 4719 nocte.

303 4758 367 4861 qui
390 4736 585 4863 respondit
604 4764 637 4837 ei
658 4763 763 4868 quod
778 4756 988 4840 trullatorie
1010 4780 1114 4840 erant
1133 4762 1206 4839 sibi
1225 4763 1339 4854 dicta,
1357 4781 1396 4841 et
1412 4765 1521 4872 quod
1534 4791 1721 4845 nouem

301 4905 369 4981 ret,
386 4891 480 4996 quia
507 4892 627 4967 dictus
652 4909 821 4996 receptor
841 4910 919 4969 erat
938 4893 1094 4999 quidam
1116 4893 1300 4984 trullator,
1330 4897 1395 4998 qui
1420 4896 1476 4972 sie
1498 4895 1721 4975 trullebetur
