4080 6052
576 625 588 647 ,
688 521 885 616 procas
911 542 1006 612 nas
1032 498 1331 612 raurmeas.
1409 514 1412 518 ’
1669 546 1718 641 aa

307 684 441 792 seopeli
460 682 885 788 Parisiuspersonaliter
910 681 1097 757 adducant
1120 680 1291 768 eosdem,
1315 697 1359 756 ut
1377 681 1417 754 in
1436 680 1591 797 negocio
1603 683 1720 761 nobis

306 813 502 892 commisso
517 814 753 918 procedatur,
769 806 884 918 prout¹
901 811 1016 888 fuerit
1034 809 1203 887 racionis.
1225 812 1301 888 Nec
1317 808 1492 887 volumus
1507 836 1573 887 vos
1591 811 1718 900 latere,

304 945 407 1052 quod
430 961 558 1022 contra
576 942 707 1021 fratres
721 943 928 1049 singulares
948 923 1036 1017 dicti
1052 939 1212 1026 ordinis,
1228 957 1267 1016 et
1289 942 1335 1017 de
1350 940 1424 1017 hiis
1438 965 1513 1045 que
1527 939 1627 1045 ipsos
1640 958 1723 1017 tan-

304 1102 418 1183 quam
432 1074 641 1180 singulares
654 1102 831 1179 personas
845 1087 1020 1178 tangunt,
1037 1097 1114 1147 nou
1134 1070 1367 1147 intendimus
1382 1069 1574 1175 inquirere
1594 1088 1720 1148 eontra

305 1229 386 1293 eos,
408 1204 476 1281 sed
497 1203 673 1280 duntaxat
692 1221 818 1283 contra
843 1202 1017 1280 ordinem
1041 1199 1314 1305 supradictum,
1331 1200 1436 1307 juxta
1459 1200 1634 1277 traditam
1653 1227 1721 1278 no-

304 1332 365 1410 bis
382 1331 553 1409 formam.
574 1334 648 1410 Nec
666 1332 739 1409 fuit
756 1350 883 1411 nostre
904 1329 1142 1417 intensionis,
1163 1355 1233 1406 uec
1255 1346 1327 1415 est,
1349 1329 1454 1435 quod
1473 1328 1588 1436 aliqui
1608 1331 1721 1408 exeis

306 1460 432 1538 venire
458 1479 636 1568 cogantur
662 1488 730 1539 seu
755 1479 967 1547 teneantur,
993 1461 1060 1536 sed
1082 1459 1206 1537 solum
1225 1459 1256 1535 si
1276 1459 1342 1564 qui
1362 1458 1570 1538 voluntarie
1594 1460 1720 1538 venire

305 1588 506 1678 voluerint,
527 1591 655 1667 venire
674 1589 820 1667 valeant
836 1618 905 1696 pro
925 1589 1127 1695 premissis.
1150 1589 1192 1700 ln
1212 1614 1377 1694 quorum
1395 1589 1654 1669 testimonium
1680 1590 1722 1667 si-

304 1718 393 1825 gilla
406 1736 532 1796 nostra
543 1720 782 1827 presentibus
797 1719 930 1798 litteris
946 1720 1122 1796 duximus
1137 1718 1369 1825 apponenda.
1384 1716 1520 1796 Actum
1535 1737 1573 1798 et
1592 1720 1722 1802 datum

303 1848 482 1937 Parisius,
508 1851 548 1927 in
578 1851 676 1928 dicta
702 1850 787 1928 aula
816 1849 1033 1957 episcopali,
1059 1864 1165 1929 avaut
1186 1849 1248 1927 die
1272 1848 1506 1937 Novembris,
1528 1873 1627 1927 anno
1645 1849 1722 1930 Do·

304 1979 397 2055 mini
414 1995 455 2057 ιθ
469 1993 550 2058 ccc⁰
563 2008 682 2067 nono,
699 1980 903 2058 indictione
919 1997 1060 2067 octava,
1082 1979 1321 2085 pontificatus
1346 1979 1566 2074 sanctissimi
1590 1982 1720 2087 patris,

307 2108 450 2186 domini
479 2111 786 2199 nostr'i,·domini
811 2111 1029 2189 Clementis
1046 2110 1170 2188 diviua
1198 2109 1436 2217 providencia
1458 2111 1556 2217 Pape
1580 2111 1720 2218 quinti,

308 2263 406 2316 anno
424 2241 569 2346 quinto.

362 2498 450 2575 Post
464 2498 545 2590 hec,
563 2501 661 2576 dicta
676 2500 739 2579 die
754 2499 892 2591 Sabati,
909 2530 983 2608 que
995 2502 1067 2580 suit
1080 2504 1272 2580 vicessima
1285 2504 1450 2579 secunda
1464 2502 1568 2608 diels]
1586 2507 1724 2580 mensis

306 2627 526 2708 Novembris
549 2630 723 2735 predicti,
741 2633 886 2707 domini
902 2633 1146 2706 commissarii
1163 2648 1201 2705 et
1214 2632 1455 2734 inquisitores
1469 2650 1724 2710 convenerunt
1785 2643 1789 2649 “

307 2758 354 2834 ad
373 2757 497 2834 aulam
516 2759 675 2863 predicti
696 2758 840 2835 domini
855 2756 1070 2834 Parisiensis
1085 2755 1260 2862 episcopi.
1278 2757 1355 2849 Qui
1375 2756 1532 2862 quidem
1548 2760 1724 2838 dominus

306 2887 520 2964 Parisiensis
535 2888 747 2993 episcopus,
763 2887 858 2963 inibi
872 2887 1024 2962 veniens
1038 2869 1295 2990 personaliter,
1312 2867 1360 2961 ad
1375 2886 1528 2963 eosdem
1549 2889 1721 2975 msernit,

304 3007 420 3122 prout
434 3016 524 3092 dicti
537 3016 681 3093 domini
695 3016 938 3093 commissarii
952 3032 1081 3119 postea
1094 3015 1284 3101 dixerunt,
1301 3041 1340 3092 se
1355 3015 1601 3120 personaliter
1615 3016 1723 3095 ivisse

307 3146 357 3222 ad
379 3145 460 3221 loca
483 3147 524 3220 in
548 3138 688 3250 quibus
716 3146 891 3252 Magister
914 3146 1033 3252 major
1058 3146 1147 3222 dicti
1173 3145 1316 3224 ordinis
1340 3145 1660 3252 Templariorum,
1687 3167 1724 3225 et

306 3273 421 3350 irater
443 3275 552 3380 Hugo
578 3275 625 3351 de
649 3276 842 3383 Payraudo
865 3276 1032 3354 visitator
1052 3276 1142 3354 dicti
1165 3275 1308 3352 ordinis
1330 3275 1369 3350 iu
1389 3277 1556 3363 Francia,
1576 3293 1621 3352 ‘et
1639 3277 1724 3383 qui-

307 3403 394 3481 dam
414 3403 476 3480 alii
497 3433 541 3482 ex
554 3404 731 3483 fratribus
751 3406 841 3483 dicti
861 3407 1021 3498 ordinis,
1042 3406 1398 3511 tenebanturcapti,
1425 3421 1463 3481 et
1481 3406 1585 3511 quod
1605 3406 1659 3482 eis
1677 3404 1726 3481 se-

306 3552 404 3610 cerat
429 3533 504 3640 legi
533 3535 573 3610 in
597 3534 746 3628 Latino,
768 3553 807 3614 et
831 3538 966 3642 exponi
992 3565 1079 3612 cum
1111 3534 1308 3641 diligencia
1332 3535 1372 3610 in
1394 3535 1554 3641 vulgari,
1582 3534 1725 3613 litteras

307 3662 505 3769 originales
533 3664 750 3772 apostolicas
778 3664 955 3753 bullatas,
981 3665 1121 3773 quibus
1148 3665 1395 3743 mandabatur
1423 3665 1532 3742 dictis
1561 3664 1724 3742 dominis

307 3794 584 3885 commissoriis,
610 3797 714 3901 quod
736 3794 973 3900 inquirerent
996 3795 1285 3872 contradictum
1306 3794 1479 3872 ordinem
1499 3792 1666 3899 Templi,
1686 3808 1726 3868 et

309 3919 427 3993 eciam
445 3920 586 3997 litteras
601 3923 788 4000 dictorum
804 3920 1047 4001 dominorum
1067 3925 1425 4012 commissariorum,
1443 3925 1483 3998 in
1497 3922 1637 4028 quibus
1659 3946 1726 4026 per

308 4047 523 4155 predictum
536 4048 903 4127 citacionisedictum
923 4054 1123 4129 citaverant
1135 4053 1350 4156 predictum
1369 4052 1544 4127 ordinem
1558 4049 1722 4155 Templi,
1771 4148 1774 4155 ¹

308 4176 438 4254 fratres
458 4175 631 4283 ejusdem
656 4194 694 4254 et
717 4204 849 4254 omnes
873 4179 964 4254 alios
988 4178 1195 4254 evocandos
1219 4177 1267 4251 ad
1289 4178 1451 4282 primam
1470 4177 1571 4254 diem
1585 4174 1724 4285 juridi-

310 4336 389 4383 cam
404 4323 491 4413 post
512 4303 651 4383 festum
669 4306 770 4383 beati
791 4307 939 4383 Martini
964 4331 1090 4411 nuper-
1109 4304 1272 4410 lapsnm,
1296 4323 1334 4382 et
1353 4307 1393 4381 in
1411 4305 1550 4412 quibus
1570 4307 1726 4384 mauda-

311 4454 410 4518 verat
429 4435 714 4543 archiepiscopis
729 4453 768 4512 et
782 4436 966 4544 episeopis
979 4435 1084 4542 regni
1100 4435 1271 4524 Francie,
1287 4436 1429 4513 vicariis
1449 4453 1486 4512 et
1505 4433 1728 4513 officialibus

312 4559 549 4652 eorumdem,
570 4566 675 4673 quod
697 4566 934 4673 publicarent
956 4554 1147 4644 citacionis
1164 4592 1303 4643 eorum
1327 4565 1493 4643 ediotnm
1511 4566 1551 4640 in
1574 4565 1666 4643 locis
1684 4566 1724 4641 in

311 4694 451 4804 quibus
469 4693 600 4771 fratres
619 4695 737 4801 ipsius
751 4696 896 4774 ordinis
909 4697 1005 4803 capti
1019 4693 1257 4781 tenebantur,
1274 4712 1312 4772 et
1329 4695 1369 4770 in
1390 4694 1472 4771 aliis
1488 4695 1597 4772 certis
1615 4694 1723 4780 locis,

314 4842 351 4903 et
362 4826 480 4906 eciam
496 4824 584 4902 alias
595 4825 737 4904 litteras
754 4827 979 4905 eorumdem
995 4827 1238 4906 dominorum
1252 4826 1594 4906 commissariorum
1613 4848 1725 4932 supra

396 4959 502 5025 raonis
524 4982 575 5025 aas
597 4982 845 5025 ratarum-r.
1598 4963 1618 5027 lt
