4080 6052
345 552 417 627 scs
730 532 927 625 esoces
946 550 1045 623 »eus
1072 549 1373 623 reuerentes.

340 700 480 783 vivere,
496 693 737 802 presentibus
758 690 936 771 frutribus
955 694 1085 782 Petro,
1111 710 1199 771 nato
1219 693 1267 771 de
1286 692 1517 779 Gustinecio.
1536 710 1640 769 tuuc
1657 693 1774 771 colle·

343 846 443 902 ctore
461 825 657 902 redituum
673 822 821 930 Templi
840 823 929 900 ville
944 821 1176 910 Parisiensis,
1196 821 1428 912 Guillelmo‚·
1440 821 1723 929 cognominato
1735 825 1770 902 le

341 960 535 1045 Nerulum,
558 973 602 1032 ut
620 954 690 1033 sibi
711 955 870 1044 videtur,
887 971 979 1031 tunc
999 969 1219 1060 preceptore
1239 953 1341 1068 dicte
1367 954 1506 1031 domus
1525 953 1764 1046 Purisientis,

344 1088 555 1163 detinentis.
583 1087 737 1192 Recepit
749 1086 871 1162 eciem
892 1085 931 1159 in
947 1083 1088 1190 capelle
1100 1084 1238 1162 domm
1252 1082 1404 1189 Templi
1423 1085 1472 1162 de
1494 1084 1681 1191 sumpt,
1700 1115 1764 1163 cu-

337 1219 400 1323 jus
428 1215 577 1291 bellivie
606 1233 684 1292 erut
713 1230 1046 1320 mncqueoeptom
1061 1213 1227 1291 tranem
1248 1213 1501 1292 Gnillelmum
1528 1213 1582 1291 de
1604 1214 1761 1294 Gbslcto

341 1347 480 1454 Regino
496 1345 737 1423 Carnotensis
754 1344 929 1432 diocesis,
947 1345 1188 1433 servientem,
1206 1343 1254 1420 de
1270 1343 1377 1451 cujus
1388 1344 1464 1419 vita
1476 1344 1537 1421 vel
1550 1363 1679 1425 morte
1691 1373 1763 1422 non

342 1474 768 1565 habet‘certitudinem,
794 1472 1236 1579 presentibustmm'bus
1263 1473 1463 1579 ernulpho
1496 1475 1546 1552 dc
1578 1476 1762 1582 Climpe

340 1605 455 1683 nelbe
485 1618 703 1710 preceptore
734 1603 833 1680 dicte
860 1603 1001 1680 domus
1027 1603 1075 1678 de
1092 1604 1284 1710 sumpts,
1319 1621 1357 1681 et
1380 1604 1585 1711 Arnulpbo
1610 1607 1659 1683 de
1683 1609 1761 1685 Do·

342 1754 450 1813 mont
478 1734 695 1813 Parisientis
722 1733 880 1811 diocesis
900 1732 1168 1823 servientibus,
1188 1734 1244 1810 de
1262 1760 1431 1839 quorum
1457 1736 1529 1813 vita
1552 1736 1608 1813 vel
1630 1757 1758 1815 morte

339 1886 416 1941 non
443 1866 559 1942 hebet
579 1863 860 1952 certitudinem.
879 1864 931 1939 ts
951 1861 1087 1968 elapsis
1107 1881 1191 1942 outo
1216 1863 1353 1969 diebus
1375 1893 1396 1939 u
1419 1864 1518 1943 dictu
1538 1868 1758 1974 recepcione

339 1996 460 2073 lintris
478 1995 675 2073 Guillelrni
697 1995 744 2072 de
762 1995 940 2084 Chalcus,
964 1993 1129 2100 recepit-e
1147 1994 1190 2070 in
1216 1993 1358 2100 capelle
1377 1995 1516 2073 domus
1541 1997 1693 2102 Templi
1715 1999 1757 2075 de

339 2127 501 2202 Chalote
518 2125 677 2230 begine,
694 2124 846 2201 fratrem
866 2124 1076 2201 Jobtunem
1098 2123 1304 2230 d’Ansergis
1321 2125 1568 2217 servientem,
1587 2128 1636 2204 de
1656 2128 1757 2234 cujus

339 2259 410 2334 vita
429 2257 487 2333 vel
511 2273 632 2334 morte
659 2282 736 2331 uon
767 2255 879 2332 habet
902 2254 1190 2345 certitudinem,
1210 2271 1383 2360 presente
1410 2256 1516 2334 dicto
1538 2275 1755 2364 preceptore

339 2406 376 2463 et
401 2387 511 2464 fratre
532 2387 714 2490 Michaele
735 2389 783 2465 de
803 2387 970 2495 Cheynei
988 2387 1213 2494 gedrigsrio‚
1239 2387 1444 2464 deffuneto.
1464 2390 1624 2495 Recepit
1644 2391 1755 2467 eciam

335 2518 488 2595 fratrem
508 2519 723 2595 dohennem
751 2518 798 2594 de
820 2519 849 2594 F
850 2517 986 2624 olheyo
1005 2517 1102 2625 juris
1120 2517 1306 2623 peritum,
1334 2518 1375 2592 in
1400 2518 1548 2623 capella
1571 2549 1682 2625 parus
1704 2550 1755 2597 su·

335 2649 475 2754 periuri
486 2648 589 2755 juxta
606 2649 876 2726 thesaurarium
891 2647 1041 2754 Templi
1050 2648 1234 2735 Perisius,
1255 2648 1439 2753 perduct
1451 2667 1581 2726 nunes
1594 2650 1650 2727 vel
1664 2650 1754 2728 circe

335 2796 421 2854 unte
442 2779 656 2884 cepe-ionem
679 2795 833 2870 eorum,
854 2777 1093 2884 presentibus
1114 2777 1292 2856 fratribus
1311 2780 1426 2854 :Petro
1445 2778 1649 2858 collectore
1667 2781 1752 2856 red·

337 2911 485 2985 dituum
501 2908 650 3014 Tlempli
667 2909 898 2997 Perinthus,
920 2935 1032 3015 supra
1047 2909 1264 2999 nominato,
1285 2909 1459 2986 iohanne
1475 2911 1527 2989 de
1543 2911 1683 2998 Fumo,
1701 2910 1751 2985 ele

337 3040 546 3117 Gastinesio
569 3058 606 3115 et
631 3039 815 3146 Raynerio
844 3041 891 3117 de
906 3039 1100 3117 <berchem
1124 3039 1394 3127 servientibus,
1421 3058 1459 3117 et
1485 3042 1682 3148 Raynerdo
1707 3041 1752 3116 de

336 3167 562 3272 Trembleyo
589 3168 825 3274 presbytero,
854 3170 918 3274 qui
944 3171 1139 3275 presbyter
1166 3187 1206 3245 et
1227 3171 1435 3273 vlluynerius
1464 3170 1626 3247 fuerunt
1649 3197 1752 3274 supra

337 3298 546 3374 examinati.
571 3300 724 3402 Recepit
743 3299 858 3374 eciam
883 3298 974 3374 ulios
996 3327 1058 3375 sex
1072 3299 1131 3372 vel
1151 3315 1255 3385 octo,
1283 3299 1329 3373 de
1352 3328 1518 3403 quorum
1539 3300 1752 3377 nominibus

338 3448 372 3504 et
389 3429 697 3534 cognominibus
719 3428 810 3503 locis
827 3444 864 3502 et
884 3428 1119 3530 presentibus
1138 3427 1230 3502 dixit
1245 3456 1284 3502 se
1305 3455 1381 3502 non
1403 3431 1602 3505 recordari.

390 3560 606 3665 Requisitus
627 3558 656 3633 si
678 3559 833 3633 servavit
848 3558 1026 3634 eumdem
1047 3557 1205 3632 medum
1224 3557 1261 3632 in
1280 3557 1557 3663 reeepcionibus
1574 3559 1748 3632 omnium

335 3690 590 3794 predictorum
613 3704 849 3792 receptorum
874 3717 941 3792 per
957 3714 1063 3774 eum,
1086 3687 1284 3792 respondit
1308 3689 1413 3792 quod
1432 3688 1495 3764 sic.

391 3820 605 3925 ilequisitns
633 3846 746 3924 quem
776 3819 934 3894 modurn
958 3835 1163 3894 snvuverat
1191 3817 1231 3893 in
1256 3816 1539 3922 receptionibus
1567 3817 1750 3921 predicto

336 3980 435 4037 rum,
453 3950 647 4053 respendit
666 3950 769 4055 quod
792 3946 900 4024 illum
919 3949 1080 4023 ‘modum
1103 3976 1217 4053 quem
1237 3948 1413 4053 deposuit
1433 3965 1622 4025 servatum
1642 3947 1747 4024 luisse

335 4084 372 4155 itt
387 4083 604 4187 receptione
619 4098 706 4167 sue,
730 4079 889 4185 exceptis
908 4076 1048 4155 illicitis
1067 4079 1288 4184 supradictis
1307 4106 1381 4184 que
1398 4079 1579 4184 deposuit
1597 4079 1748 4155 interve

336 4214 431 4287 nisse
456 4214 494 4287 in
513 4214 836 4318 receptione1³suu3
858 4237 931 4316 que
952 4209 1108 4316 quidem
1129 4209 1261 4287 illicita
1283 4239 1361 4285 uon
1380 4210 1685 4299 intervenerunt,
1707 4238 1745 4284 co

335 4343 472 4417 sciente
489 4344 547 4418 vel
568 4346 787 4426 mandente,
810 4343 848 4418 in
866 4341 1152 4446 receptionibus
1172 4343 1427 4445 predictorum
1452 4369 1521 4416 nec
1543 4358 1641 4445 post.

389 4474 603 4577 Requisitns
624 4474 652 4547 si
668 4474 737 4549 scit
752 4473 808 4547 vel
825 4472 945 4547 credit
960 4472 1065 4576 quod
1083 4470 1197 4575 eliqui
1212 4500 1255 4546 ex
1272 4471 1449 4547 tratribus
1467 4472 1533 4576 qui
1551 4471 1744 4547 adfuerunt

336 4601 442 4678 dictis
456 4602 739 4708 recepcionibus
752 4602 810 4678 vel
832 4603 893 4678 alii
910 4602 1082 4692 fecerint,
1104 4603 1258 4678 absente
1279 4603 1358 4705 ipse
1372 4618 1485 4691 teste,
1510 4603 1569 4677 vel
1586 4628 1744 4706 preceps

335 4730 409 4805 rint
424 4733 566 4836 aliquid
584 4734 758 4810 illicitum
773 4736 810 4810 in
822 4733 1106 4839 receptionibus
1127 4734 1382 4837 predictorum
1396 4732 1455 4808 vel
1473 4751 1579 4837 post,
1598 4760 1741 4837 respen-

336 4858 392 4934 dit
411 4889 449 4935 se
476 4863 633 4950 nescire3
658 4882 779 4969 potest
803 4883 928 4940 tamen
953 4892 1032 4941 esse
1057 4866 1159 4968 quod
1182 4862 1369 4969 aliquibus
1392 4863 1571 4939 eudictis
1598 4861 1740 4965 receptis
