4080 6052
523 540 592 611 ιιι
767 538 817 587 -·
903 517 1553 619 anomacus-rauranum..

518 698 642 758 ratum
666 677 863 757 habebunt
885 694 925 755 et
951 676 1107 759 firmum
1129 676 1310 786 quioquid
1333 708 1400 786 per
1423 682 1523 787 ipaoa
1547 679 1932 763 dicta-dieanditum
1958 738 1964 747 -

518 809 633 887 suerit
651 820 777 886 cora'm
797 807 959 886 dominis
978 808 1240 887 camerariis
1265 809 1562 916 supradictiapet
1579 827 1715 917 petunt
1732 812 1930 891 muntium

517 939 774 1047 predictorum
788 937 945 1017 fratrum
960 940 1003 1015 Rc
1014 938 1073 1017 ·de
1093 937 1234 1031 Prnino
1244 955 1294 1017 et
1308 939 1349 1015 P.
1367 941 1420 1018 de
1439 941 1619 1018 Bononia.
1740 1008 1743 1015 .

523 1162 527 1167 Ι
573 1201 757 1291 Posthac,
772 1198 905 1276 eadem
920 1199 982 1276 die
997 1198 1122 1283 sabati
1133 1138 1439 1282 aceeieimus'ad
1456 1200 1603 1281 dietam-
1615 1202 1932 1283 domumJohana

375 1373 381 1384 ·
517 1331 576 1406 nis
595 1327 770 1416 Roacelli,
792 1327 858 1403 ubi
880 1327 1262 1431 detinebanturaxvu
1279 1327 1412 1407 fratrea
1428 1328 1725 1436 preterlratrem
1740 1329 1929 1410 amelium

518 1463 564 1538 de
587 1458 756 1547 Pratimi,
780 1456 919 1562 quihus
939 1457 1129 1549 diximus,
1145 1476 1206 1539 ut
1213 1458 1295 1537 aliia
1319 1459 1489 1564 proximo
1508 1460 1812 1567 precedentibus
1834 1462 1927 1556 Qui,

517 1589 645 1666 habito
665 1584 809 1664 simul
800 1601 897 1662 mter
919 1614 958 1663 se
981 1586 1131 1692 aliquali
1152 1587 1322 1679 consilio,
1341 1589 1581 1668 tradiderunt
1598 1589 1708 1667 nobie
1723 1592 1928 1761 qnamdam

517 1719 705 1808 cedulam
728 1715 835 1822 cujus
853 1732 963 1795 tenor
981 1717 1153 1821 sequitur
1168 1717 1206 1793 in
1226 1718 1296 1795 hec
1315 1717 1451 1795 uerba:
1601 1725 1604 1729 ’

572 1847 681 1926 Che
701 1861 787 1925 sont
805 1845 860 1922 lea
874 1843 1046 1923 delentes
1065 1861 1104 1922 et
1122 1844 1179 1923 lea
1195 1863 1391 1952 reqneatee
1408 1874 1482 1952 que
1495 1847 1523 1924 li
1535 1846 1614 1925 frea
1628 1849 1688 1924 du
1685 1849 1846 1954 Temple
1860 1854 1926 1956 qui

516 1996 601 2056 sont
624 1979 663 2054 in
683 1974 803 2055 l’oatel
822 1974 941 2053 Jehan
968 1976 1140 2062 Rosciae,
1164 1976 1385 2082 eatgrientt
1409 1993 1534 2055 nostre
1561 1986 1650 2082 pere
1672 1978 1709 2053 le
1728 1980 1825 2084 Pape
1847 1997 1886 2056 et
1907 1989 1929 2059 a

515 2125 640 2184 nostre
661 2133 797 2212 segnor
816 2103 851 2180 le
871 2104 940 2181 Rei
961 2121 999 2180 et
1019 2133 1088 2182 nos
1108 2133 1265 2212 segnurs
1284 2107 1339 2184 les
1357 2106 1498 2213 prelas,
1526 2125 1564 2183 et
1582 2106 1664 2184 font
1681 2110 1928 2213 protestacinn

517 2241 564 2315 de
587 2252 712 2314 toutes
732 2234 833 2313 leurs
847 2234 995 2313 bonnas
1018 2262 1170 2343 rayaone
1188 2245 1210 2316 1
1230 2238 1314 2315 dire
1337 2265 1384 2314 en
1404 2236 1498 2324 lieu,
1519 2265 1571 2315 en
1590 2254 1690 2323 tens,
1711 2257 1749 2315 et
1767 2240 1874 2316 nient
1892 2259 1928 2318 et

516 2367 719 2446 defendent
737 2383 862 2444 toutea
879 2366 935 2443 lea
949 2366 1155 2446 malvestea
1151 2376 1313 2449 arreum
1337 2374 1406 2476 qui
1395 2369 1483 2447 lor
1499 2387 1589 2511 aunt
1607 2387 1781 2476 cppoates
1799 2388 1927 2448 contre

513 2516 599 2576 tous
619 2523 706 2575 caua
725 2526 790 2604 qur
780 2496 867 2575 lea
880 2496 1075 2575 dovreient
1093 2499 1304 2576 maintenir.

570 2631 710 2718 Item,
726 2627 754 2704 il
773 2642 976 2734 requerent
993 2626 1021 2703 ti
1039 2626 1137 2706 frere
1153 2627 1206 2703 du
1220 2627 1378 2731 Temple
1390 2628 1426 2703 la
1440 2654 1546 2732 graue
1563 2628 1629 2703 dea
1642 2628 1789 2731 prisone
1809 2648 1846 2705 et
1862 2634 1930 2707 de-

514 2760 672 2836 livrance
693 2760 740 2836 de
756 2758 857 2834 leurs
876 2783 958 2833 cors
978 2771 1016 2831 et
1036 2756 1083 2832 de
1101 2754 1205 2831 leurs
1222 2754 1369 2833 biens-

570 2889 709 2975 «,Item
735 2887 763 2962 il
782 2885 976 2991 requirent
994 2884 1030 2961 le
1051 2902 1257 2962 sacrament
1280 2887 1327 2963 de
1343 2903 1469 2963 cancta
1487 2887 1650 2993 Egliese.
1669 2889 1780 2977 Item,
1807 2892 1928 2994 requi

513 3034 598 3092 rent
616 3017 694 3093 veir
717 3015 753 3093 le
772 3014 922 3093 Maistre
943 3012 996 3090 du
1015 3014 1190 3121 Temple,
1207 3033 1246 3092 et
1264 3013 1360 3095 frere
1380 3017 1489 3124 Hugo
1513 3016 1560 3093 de
1579 3016 1715 3093 Pcraut
1738 3042 1928 3094 comman-

515 3147 610 3223 deur
626 3148 672 3224 de
689 3146 839 3232 France,
856 3160 894 3221 et
906 3154 994 3220 tous
1008 3143 1064 3221 les
1077 3146 1242 3251 preudea
1254 3147 1430 3224 hommes
1444 3146 1560 3224 freres
1576 3148 1628 3223 du
1643 3147 1812 3252 Temple,
1829 3176 1926 3253 pour

514 3277 614 3351 avoir
629 3274 773 3365 consel,
790 3281 810 3349 a
825 3300 907 3361 eus,
926 3291 963 3350 et
983 3299 1021 3349 se
1042 3301 1082 3350 ce
1098 3302 1146 3351 ne
1166 3303 1263 3353 nous
1283 3295 1338 3353 est
1357 3277 1450 3365 lare,
1471 3303 1541 3352 nos
1555 3303 1603 3352 ne
1619 3304 1741 3352 semes
1754 3306 1819 3380 pas
1839 3306 1924 3354 con-

513 3407 637 3484 seilles
658 3408 704 3486 de
720 3404 796 3483 lere
815 3433 1051 3511 procuratum.
1072 3406 1119 3482 Et
1138 3406 1168 3483 ai
1191 3407 1246 3483 les
1265 3435 1335 3485 nos
1353 3404 1536 3492 relucent,
1558 3434 1626 3482 nos
1646 3434 1714 3482 nos
1733 3407 1923 3511 appellens

514 3536 734 3613 deconsilies
754 3552 791 3615 et
819 3536 911 3612 deve
939 3536 986 3612 de
1006 3534 1124 3637 droit,
1145 3553 1183 3613 et
1207 3565 1254 3612 en
1267 3535 1473 3642 appellans
1494 3534 1629 3613 lDieu
1655 3553 1780 3612 nostre
1800 3564 1920 3640 segtu,

514 3694 657 3743 comme
676 3665 723 3742 cil
742 3664 808 3771 qui
828 3692 952 3742 eomes
969 3665 1048 3769 pria
1066 3673 1216 3743 tacit.»
1290 3708 1293 3717 ·

568 3799 615 3872 Et
637 3796 832 3902 pecierunt
857 3795 962 3899 quod
980 3795 1124 3899 possint
1142 3794 1253 3902 loqui
1267 3826 1355 3872 cum
1375 3794 1550 3873 fratribus
1565 3798 1619 3872 11.
1651 3796 1698 3872 de
1722 3796 1860 3872 Pruino
1887 3813 1924 3871 et

512 3929 551 4003 Ρ.
574 3927 622 4002 de
644 3926 812 4004 Bononia
836 3924 1046 4012 antedictis,
1069 3942 1107 4001 et
1132 3925 1307 4003 dixerunt
1334 3927 1440 4032 quod
1466 3925 1734 4032 suplicaremus
1763 3924 1923 4000 dominis

514 4057 774 4134 commissariia
792 4054 896 4162 quod
919 4071 1072 4160 possent
1095 4056 1201 4160 loqui
1224 4084 1311 4132 cuin
1341 4056 1532 4161 predictis3
1559 4056 1768 4160 ellegerunt
1792 4053 1923 4129 fratrea

513 4187 744 4289 Stephanum
761 4187 808 4264 de
822 4185 989 4291 lliperria
1003 4185 1163 4264 militem
1183 4206 1221 4263 et
1239 4187 1417 4267 Anticum
1437 4188 1484 4263 de
1496 4186 1691 4274 Onerello,
1712 4185 1758 4259 ad
1770 4183 1923 4288 loquen-

513 4316 605 4391 dum
619 4333 657 4392 et
671 4317 946 4394 consulendum
961 4345 1046 4393 eum
1068 4317 1169 4423 ipsis.
1191 4320 1264 4396 Noa
1284 4335 1410 4394 autem
1430 4315 1726 4423 signifficavimus
1746 4314 1799 4390 eis
1818 4313 1922 4419 quod¹

512 4447 655 4523 domini
680 4446 920 4523 commissarii
944 4446 1191 4551 procederent
1212 4449 1252 4524 in
1279 4449 1378 4525 dicto
1401 4448 1558 4553 negocio
1583 4448 1643 4524 die
1668 4445 1842 4523 Mercurii
1867 4446 1922 4520 in-

512 4576 639 4663 stanti,
661 4592 699 4650 et
718 4592 852 4651 extunc
866 4576 905 4651 in
923 4590 1046 4662 antea,
1061 4593 1175 4680 prout
1188 4576 1303 4655 suerit
1320 4578 1488 4655 racionis.

568 4832 754 4920 Posthac,
772 4831 903 4908 eadem
916 4836 979 4912 die
994 4834 1118 4913 Sabati
1133 4852 1220 4940 post
1232 4837 1433 4943 prandium
1458 4837 1677 4915 accessimus
1696 4835 1742 4911 ad
1765 4836 1919 4912 domum
