4080 6052
528 568 597 636 uo
910 549 1105 642 nnocts
1130 567 1225 639 ons
1251 566 1553 640 enuntians.

519 706 651 785 fratres
667 709 833 815 Templi,
863 710 928 817 qui
956 710 1131 787 dixerunt
1159 708 1228 786 ista
1253 706 1447 784 mendacia
1476 733 1556 784 esse
1584 730 1686 794 vera,
1715 706 1774 783 vel
1798 726 1944 814 partem
1993 698 2004 719 ’

518 867 666 928 eorum,
696 841 843 917 mentiti
873 859 962 919 sunt
986 858 1024 918 et
1053 839 1190 917 falsum
1222 837 1416 926 dixerunt,
1443 854 1569 914 tamen
1597 835 1729 913 dicunt
1755 865 1835 915 non
1863 866 1942 919 case

518 969 806 1074 imponendum,
821 971 910 1077 quia
920 971 1056 1048 timore
1072 969 1204 1047 mortis
1214 996 1257 1046 ea
1268 967 1459 1060 dixerunt,
1474 994 1544 1043 nec
1556 965 1698 1043 debent
1707 967 1940 1076 prejudicare

518 1097 688 1203 religioni
706 1099 764 1176 vel
782 1100 898 1176 eciam
915 1100 1085 1207 personis
1103 1126 1257 1192 eorum,
1277 1098 1365 1205 quia
1386 1116 1493 1176 metu
1514 1082 1646 1174 mortis
1663 1113 1701 1172 et
1720 1125 1791 1203 per
1808 1101 1942 1205 gravis·

519 1229 611 1305 sima
623 1247 813 1308 tormenta
829 1259 904 1337 que
926 1231 1024 1336 passi
1047 1246 1136 1308 sunt
1156 1230 1227 1306 hec
1250 1228 1384 1306 dixisse
1402 1245 1621 1316 noscuntur,
1640 1244 1679 1303 et
1694 1227 1726 1305 si
1742 1228 1811 1334 qui
1828 1256 1870 1307 cx
1887 1233 1939 1311 eis

518 1386 595 1436 non
607 1357 762 1469 luerunt
773 1360 883 1466 positi
899 1362 939 1436 in
956 1359 1169 1452 tormentis,
1190 1375 1318 1436 tamen
1334 1357 1534 1435 timoribus
1549 1374 1827 1436 tormentorum
1845 1377 1940 1439 exte-

517 1490 599 1578 riti,
616 1491 792 1569 ‚videntes
816 1465 906 1568 alios
928 1491 980 1569 sic
1000 1490 1186 1597 torqueri,
1211 1489 1386 1567 dixerunt
1407 1486 1638 1567 voluntatem
1654 1491 1937 1595 torquentium,

518 1620 622 1725 quod
639 1622 693 1698 eis
710 1620 886 1726 imputari
903 1648 980 1697 non
998 1621 1127 1710 debet,
1146 1622 1236 1727 quia
1253 1648 1350 1727 pena
1366 1621 1481 1697 unius
1496 1619 1706 1697 multorum
1723 1638 1781 1699 cst
1798 1642 1935 1715 metus,

518 1765 555 1826 et
578 1751 666 1857 quia
692 1751 867 1828 videbant
892 1752 997 1857 quod
1022 1751 1094 1828 alio
1118 1753 1233 1828 modo
1259 1751 1416 1828 transire
1444 1777 1521 1827 non
1545 1767 1718 1856 poterant
1740 1779 1857 1857 penas
1880 1755 1938 1833 vel

516 1880 670 1959 timores
688 1883 820 1960 mortis
838 1881 908 1959 nisi
927 1879 1155 1988 opiltnllante
1174 1881 1388 1972 mendacio;
1407 1878 1466 1959 vel
1486 1880 1641 1985 quidem
1659 1879 1753 1959 sorte
1770 1885 1935 1991 corrupti

515 2010 670 2089 suerunt
686 2040 812 2119 prece,
831 2012 975 2117 precio,
993 2008 1279 2100 blandimentis,
1297 2012 1356 2089 vel
1373 2009 1517 2118 magnis
1532 2010 1860 2118 promissionibus,
1877 2014 1936 2092 vel

515 2169 638 2219 llllnls.
1879 2222 1882 2227 .

569 2273 681 2363 ltem,
710 2274 814 2380 qnod
837 2276 908 2353 hec
929 2274 1055 2351 omnia
1082 2292 1171 2351 sunt
1194 2275 1245 2350 ita
1267 2272 1418 2379 publica
1444 2290 1484 2349 et
1508 2273 1671 2363 notoria,
1699 2272 1806 2380 quod
1834 2273 1933 2353 nulla

512 2420 670 2507 possunt
692 2404 1000 2510 tergiversacione
1028 2404 1160 2493 celari,
1188 2422 1226 2482 et
1252 2403 1462 2510 supplicant
1482 2431 1550 2509 pro
1578 2403 1650 2481 Dei
1679 2402 1933 2483 misericordia

511 2534 615 2638 quod
639 2535 784 2627 liatois
803 2536 967 2643 justicia,
998 2536 1064 2642 qui
1090 2552 1168 2613 tam
1192 2534 1306 2641 longo
1329 2551 1500 2640 tempore
1535 2533 1702 2611 indebite
1732 2552 1771 2611 et
1796 2535 1931 2644 injuste

510 2662 665 2740 fuerunt
683 2665 851 2771 oppressi
871 2683 909 2742 et
928 2681 1034 2756 sunt,
1057 2682 1095 2740 et
1113 2682 1304 2770 tamquam
1323 2663 1414 2741 boni
1436 2681 1474 2741 et
1496 2663 1629 2741 fideles
1649 2663 1869 2755 Christiani,
1891 2683 1932 2744 ut

511 2793 698 2883 dicebant,
723 2795 919 2899 pecierunt
943 2794 997 2872 eis
1020 2794 1221 2871 ministrari
1254 2793 1496 2872 ecclesiastica
1524 2811 1764 2871 sacramenta.
1791 2795 1838 2871 Et
1862 2796 1931 2873 hcc

511 2922 636 2998 omnia
653 2924 1039 3028 supradicta'suerunt
1059 2925 1172 3002 verba
1195 2924 1338 3030 prolata
1362 2951 1407 3002 er
1423 2952 1487 3002 ore
1509 2923 1668 3030 predicti
1685 2924 1809 3003 fratris
1825 2927 1865 3004 P.
1884 2926 1929 3004 de

509 3053 687 3129 Bononia.
710 3053 784 3145 Qui
805 3053 1073 3132 nichilominus
1102 3056 1229 3134 dicens
1249 3084 1288 3134 se
1309 3082 1389 3133 esse
1414 3072 1694 3161 procuratorem
1718 3056 1928 3162 generalem

510 3181 597 3258 dicti
618 3182 761 3260 ordinis
780 3183 928 3289 Templi
957 3184 1075 3260 eciam
1100 3185 1140 3261 in
1165 3186 1268 3262 curia
1293 3189 1476 3275 Romana,
1498 3185 1539 3261 in
1560 3214 1635 3293 qua
1659 3186 1762 3262 curia
1786 3186 1931 3265 dicebat

508 3341 620 3390 suum
639 3331 920 3419 procuratorem
945 3315 1119 3404 existere,
1138 3317 1335 3422 respondit
1356 3316 1462 3423 quod
1482 3344 1552 3393 suo
1571 3333 1609 3394 et
1624 3316 1777 3393 nomine
1794 3344 1930 3421 procu-

506 3445 645 3521 ratorio
660 3445 782 3521 tocius
806 3445 950 3522 ordinis
971 3446 1172 3550 supradicti
1197 3465 1234 3523 et
1251 3448 1322 3524 sibi
1341 3424 1611 3524 adherencium
1628 3447 1668 3522 in
1683 3446 1752 3521 hac
1767 3463 1873 3550 parte
1891 3465 1928 3523 et

507 3575 687 3651 adherere
711 3576 923 3652 volencium
942 3593 1101 3654 nuncet
1124 3578 1164 3653 in
1187 3577 1381 3666 futurum,
1403 3596 1606 3685 tamquam.
1622 3576 1816 3682 conjuncta
1839 3603 1926 3683 per-

505 3735 622 3784 sonna
651 3724 689 3783 et
716 3705 829 3783 frater
855 3708 944 3783 dicti
969 3707 1128 3797 ordinis,
1161 3708 1303 3787 dictum
1329 3709 1502 3789 ordinem
1530 3705 1673 3787 volebat
1700 3703 1908 3785 defendere

505 3856 618 3942 prout
634 3838 770 3915 melius
786 3838 924 3944 poterit
941 3855 980 3914 et
997 3837 1161 3916 debebit.

559 3970 647 4047 Post
662 3970 733 4047 hec
754 3968 975 4045 accessimus
992 3968 1093 4072 apud
1110 3984 1278 4045 sanctum
1299 3960 1502 4049 Maltinum
1524 3970 1573 4047 de
1590 3969 1740 4073 Campis
1756 3967 1806 4045 dc
1828 3970 1927 4049 Pari-

504 4099 595 4186 sius,
624 4100 691 4177 ubi
715 4100 941 4177 tenebantur
970 4098 1065 4205 capti
1102 4126 1166 4177 snt
1189 4097 1320 4177 iratres
1350 4101 1567 4207 subscripti,
1593 4099 1766 4178 videlicet
1794 4096 1924 4178 fratres

503 4228 714 4336 Raynaldus
738 4232 785 4308 de
814 4230 988 4310 Cuneriis
1011 4229 1138 4320 miles,
1161 4230 1318 4337 Egidius
1343 4228 1922 4340 Botengni·presbyter,·llober-

501 4376 562 4437 tus
594 4360 630 4437 le
655 4361 820 4439 Cavalier
848 4361 1059 4468 presbyter,
1088 4362 1274 4440 Rohertus
1306 4363 1352 4476 de
1382 4364 1592 4451 Corenllos,
1611 4359 1848 4447 2Guillehnus
1877 4361 1922 4443 de

500 4490 638 4581 Platea,
657 4494 840 4570 Henricus
857 4494 905 4571 de
922 4490 1174 4596 Compendio,
1196 4495 1384 4572 lohannes
1403 4495 1451 4572 de
1470 4494 1708 4583 Bolencuria,
1727 4490 1923 4611 Bhilippus

502 4621 548 4697 de
576 4622 686 4708 Mini,
713 4623 941 4699 Bertrandus
973 4623 1020 4697 de
1047 4622 1274 4714 'Somorens,
1307 4625 1490 4703 Martinus
1507 4624 1569 4702 'de
1600 4620 1791 4710 Manena,
1813 4622 1855 4698 P.
1885 4621 1919 4701 le

500 4749 601 4836 Gris,
627 4751 815 4829 lohannes
837 4752 883 4828 de
911 4769 1037 4830 sancto
1062 4754 1168 4830 lusto
1194 4771 1231 4832 et
1251 4755 1412 4834 Michael
1437 4757 1552 4835 Musti
1578 4730 1625 4832 de
1647 4752 1850 4831 Ambianis.
1872 4751 1917 4827 Et

453 4908 458 4916 ·
498 4880 687 4988 requisiti,
707 4899 751 4959 ut
767 4880 827 4959 alii
845 4909 972 4985 supra,
996 4909 1064 4985 per
1084 4909 1154 4962 nos
1170 4887 1333 4966 notarios
1340 4924 1353 4978 ,·
1377 4886 1554 4985 dixerunt
1577 4883 1680 4992 quod
1692 4896 1916 4988 procurato-
