4080 6052
310 558 383 630 ero
701 530 1337 627 rnocrsnrsrsnrrnrs.

308 694 448 804 quibus
464 686 729 802 singonensis-‚³
738 709 936 802 tangerent
953 684 1073 796 nepita
1089 687 1306 798 ydolorum.
1328 688 1540 768 Disebstnr
1560 688 1620 766 eis
1642 692 1745 796 qnod

247 818 251 827 ’
309 814 1246 932 nors¹potersnt1eiielsreeecreusiplselorumr
1275 819 1309 897 si
1340 820 1596 908 revelassent,
1625 822 1742 899 eredit

309 958 415 1064 quod
434 955 686 1061 perdidissent
702 944 932 1062 tdentdlmn
950 972 1020 1057 per
1037 974 1200 1040 annum,
1220 967 1260 1027 et
1279 950 1385 1056 quod
1406 972 1479 1057 per
1503 950 1648 1029 ditum
1670 981 1736 1029 an-

311 1102 403 1169 nuus
418 1068 829 1189 eomedissent'penem
849 1098 887 1158 et
905 1100 1054 1187 uqntm.
1071 1081 1164 1158 lion
1182 1079 1327 1157 audivit
1343 1078 1515 1158 inhiberi
1535 1081 1642 1187 quod
1656 1106 1732 1159 non

310 1216 588 1295 confiterentur
606 1211 954 1293 nistssterdoeibus
972 1202 1139 1302 'ordinise
1163 1227 1203 1288 et
1223 1208 1319 1287 infre
1344 1228 1430 1288 octo
1456 1210 1547 1289 dies
1571 1238 1593 1287 ι
1612 1239 1734 1318 resep

311 1347 417 1423 sione
437 1360 520 1433 sun,
538 1343 761 1450 priusquam*
776 1341 998 1430 celebraret,
1015 1336 1096 1449 ipse
1114 1340 1221 1418 testis
1231 1337 1356 1417 ,fueret
1373 1338 1575 1418 confessus
1593 1342 1641 1419 de
1659 1368 1736 1447 pre

312 1475 420 1551 distis
438 1460 647 1562 erroribus,
665 1473 705 1550 in
724 1471 867 1579 sepelis
891 1463 1197 1576 dotntts·'l'empli
1218 1471 1267 1548 de
1284 1470 1513 1548 &scissum
1538 1469 1737 1549 Belnoen·

259 1698 266 1707 ,
311 1598 361 1681 sis'
385 1594 560 1693 diocesis,
584 1592 635 1680 ed
659 1622 773 1709 quern
798 1603 957 1680 denium
983 1610 1055 1708 pru
1078 1594 1350 1680 'commonendo
1372 1599 1504 1678 fueret
1525 1600 1731 1679 destiwm

311 1736 411 1812 irrui
432 1735 593 1811 iohanni
616 1726 665 1811 do
690 1734 824 1811 ordine
840 1733 1003 1810 fratrum
1032 1728 1239 1821 Minorem,
1260 1733 1369 1841 eujus
1393 1732 1601 1840 oognunen
1619 1732 1729 1839 igno·

310 1881 384 1954 int,
405 1868 629 1954 conventus,
646 1849 691 1942 ut
707 1865 842 1955 eredit,
860 1858 1138 1954 Ambitnensis,
1157 1864 1206 1942 de
1220 1858 1330 1972 eujus
1341 1864 1417 1940 rite
1430 1863 1633 1941 νεὶ-’ωηο
1649 1890 1726 1940 non

311 1998 425 2073 hebet
453 1996 736 2083 certitudinem,
768 1996 834 2101 qui
858 1993 1018 2073 ubsoltit
1040 2016 1154 2083 'eorn,
1183 1994 1357 2101 imposita
1384 1992 1604 2101 penitencia
1630 1993 1730 2100 qnod

311 2140 475 2202 renunes
488 2140 564 2202 tres
579 2124 726 2214 misses,
744 2116 862 2202 untttt¹
871 2125 1071 2204 destricto
1088 2118 1249 2232 Spiritu,
1265 2124 1376 2202 aliam
1392 2125 1442 2202 de
1456 2123 1572 2215 besto
1582 2125 1729 2233 Virgine

312 2273 349 2332 et
380 2255 490 2331 aliern
517 2238 770 2344 demortuis,
797 2256 939 2366 legeret
968 2248 1092 2334 semel·
1112 2252 1349 2362 psalterium,
1376 2253 1576 2363 jejunaret
1602 2254 1730 2333 diebtrs

310 2386 432 2463 tribus
453 2385 491 2459 in
510 2402 607 2491 pene
624 2398 671 2462 'et
690 2404 802 2492 aqut,
828 2402 868 2463 et
889 2406 968 2464 non
987 2380 1184 2465 interesset
1205 2386 1291 2465 loeo
1312 2386 1352 2463 in
1374 2408 1455 2493 quo
1475 2386 1649 2493 predicte
1666 2385 1730 2463 iie·

309 2530 404 2592 rens
427 2515 612 2592 Ultimum
631 2532 758 2593 samen
776 2530 856 2594 non
871 2507 1043 2606 nosve,
1060 2518 1149 2624 qnia
1168 2515 1443 2595 emundabat.
1455 2517 1726 2602 sermnem,

310 2664 353 2722 ut
370 2646 478 2738 dixit,
498 2662 536 2721 et
549 2643 1226 2753 nichilominus-postse'ooniitebatur
1239 2646 1288 2727 de
1306 2648 1390 2725 boo.
1407 2647 1563 2725 Fratres
1577 2647 1728 2726 seientes

309 2794 455 2852 errores
473 2774 628 2851 inerunt
647 2774 894 2882 negligentes,
916 2776 1006 2882 quie
1023 2796 1100 2854 nou
1122 2793 1367 2855 sumserunt
1385 2802 1472 2867 eos,
1495 2806 1568 2856 nee
1585 2778 1724 2855 denun—

309 2905 499 2980 ciaverunt
509 2904 684 2981 Eeolesie,
699 2903 831 2982 Credit
841 2904 947 3011 quod
960 2902 1102 3013 ubique
1118 2907 1385 3012 reciperentur,
1403 2908 1615 2985 seeundum
1627 2933 1723 2983 eune

310 3033 396 3108 dem
423 3034 581 3109 modum
602 3033 851 3113 consessurum
875 3058 945 3142 per
972 3060 1073 3114 etun.
1104 3037 1338 3125 Elemosinns
1363 3055 1425 3115 ter
1451 3039 1494 3115 in
1519 3037 1723 3117 ebdomade

308 3161 402 3236 vidit
421 3160 502 3235 deri
521 3162 559 3236 in
579 3162 755 3240 domibus
775 3165 921 3242 ordinis
941 3165 1145 3274 inquibus
1164 3166 1237 3245 fuit
1262 3186 1445 3257 moratus,
1475 3188 1517 3246 et
1538 3166 1726 3275 hospitali·

307 3306 422 3364 tatem
446 3290 712 3368 convenienter
738 3294 889 3381 serveri3
916 3318 987 3372 nee
1015 3298 1158 3374 audivit
1182 3295 1256 3374 dici
1282 3300 1388 3405 quod
1412 3300 1581 3405 predicta
1604 3314 1726 3376 essent

308 3421 484 3496 restricta.
519 3421 671 3497 Audivit
701 3422 772 3498 dici
804 3424 908 3529 quod
939 3422 1126 3532 generalis
1156 3428 1332 3534 capitulis
1361 3430 1453 3506 elem
1484 3430 1721 3506 tenebantur.

306 3551 437 3628 Credit
462 3550 566 3657 qnod
590 3569 692 3628 totus
710 3553 806 3629 ordo
831 3573 1009 3632 servesset
1033 3559 1137 3664 qnod
1159 3584 1317 3668 magnus
1338 3559 1505 3668 Magister
1524 3586 1610 3634 cum
1631 3572 1722 3634 con·

306 3698 419 3757 ventu
434 3682 650 3758 ordinasset.
670 3683 775 3759 Nunc
789 3682 942 3790 grandia
959 3687 1129 3764 scandale
1145 3708 1233 3766 sunt
1248 3708 1372 3766 exorte
1390 3706 1512 3767 onnus
1527 3687 1719 3775 ordinerm

306 3810 424 3888 credit
453 3814 557 3918 quod
578 3814 665 3889 dicti
690 3834 835 3892 errores
858 3816 1053 3896 confesseti
1076 3848 1144 3926 per
1173 3844 1263 3899 eum
1295 3842 1419 3901 essent
1443 3824 1523 3901 noti
1547 3822 1723 3903 iratribus

305 3943 460 4019 ordinis.
489 3944 640 4020 Audivit
665 3945 737 4021 dici
762 3974 942 4054 magnum
972 3950 1191 4057 Magistrum
1218 3971 1256 4030 et
1279 3954 1373 4032 alios
1397 3955 1594 4032 confessos
1612 3955 1721 4032 luisse

303 4074 450 4179 aliquos
461 4092 626 4164 errores,
643 4078 762 4152 nescit
776 4096 888 4183 quos,
907 4098 1034 4158 contra
1047 4083 1238 4172 ordinem,
1250 4084 1506 4162 oreditturnen
1520 4086 1627 4193 quod
1641 4084 1720 4162 illos

304 4230 399 4307 quos
420 4205 496 4309 ipse
518 4205 708 4283 confessus
729 4224 796 4284 est.
822 4209 1036 4315 Requisitus
1055 4213 1085 4290 si
1106 4206 1296 4291 obtulerat
1322 4240 1361 4291 se
1386 4212 1615 4293 deffensioni
1637 4215 1719 4294 dicti

304 4334 446 4409 ordinis
478 4358 623 4442 exque
652 4336 791 4415 sciebat
816 4341 856 4415 in
885 4368 931 4417 eo
956 4342 1076 4422 dictos
1104 4372 1183 4421 esse
1209 4360 1368 4433 errores,
1395 4347 1595 4452 respondit
1621 4346 1718 4454 quod

300 4463 521 4542 intendebat
550 4464 768 4585 deffendere
797 4470 969 4548 ordinem
1001 4474 1048 4551 eb
1074 4474 1156 4551 eliis
1186 4475 1376 4554 erroribus
1414 4476 1486 4554 sibi
1520 4480 1713 4586 impositis.

301 4614 395 4695 quos
418 4616 493 4670 non
511 4599 631 4674 credit
654 4625 732 4675 esse
753 4618 878 4688 veros,
901 4603 1063 4681 sednon
1085 4606 1131 4681 de
1152 4605 1369 4683 confessuris
1388 4633 1458 4713 per
1479 4636 1584 4686 eum.

357 4723 569 4825 Requisitus
584 4728 614 4802 si
629 4728 683 4804 sie
697 4726 921 4834 deposirerat
934 4760 1062 4839 prece,
1079 4753 1270 4842 precepto,
1288 4738 1441 4829 timore,
1452 4766 1603 4828 amore,
1616 4739 1709 4816 odio.

299 4850 355 4926 vel
367 4855 573 4955 temporali
594 4859 753 4934 comodo
774 4861 903 4937 habito
918 4866 976 4941 vel
991 4865 1183 4956 babendo,
1204 4868 1396 4976 respondit
1411 4871 1518 4976 quod
1537 4898 1632 4957 non,
1650 4867 1708 4944 sed
