<?xml version="1.0" encoding="UTF-8"?>
<!DOCTYPE html PUBLIC "-//W3C//DTD XHTML 1.0 Transitional//EN"
    "http://www.w3.org/TR/xhtml1/DTD/xhtml1-transitional.dtd">
<html xmlns="http://www.w3.org/1999/xhtml" xml:lang="en" lang="en">
 <head>
  <title>
</title>
<meta http-equiv="Content-Type" content="text/html;charset=utf-8" />
  <meta name='ocr-system' content='tesseract 3.04.00' />
  <meta name='ocr-capabilities' content='ocr_page ocr_carea ocr_par ocr_line ocrx_word'/>
</head>
<body>
  <div class='ocr_page' id='page_1' title='image "./procsdestemplie02defegoog_0111.png"; bbox 0 0 4080 6052; ppageno 0'>
   <div class='ocr_carea' id='block_1_1' title="bbox 686 549 1714 646">
    <p class='ocr_par' dir='ltr' id='par_1_1' title="bbox 686 549 1714 646">
     <span class='ocr_line' id='line_1_1' title="bbox 686 549 1714 646; baseline 0.007 -7"><span class='ocrx_word' id='word_1_1' title='bbox 686 549 883 641; x_wconf 74' lang='lat' dir='ltr'>enecas</span> <span class='ocrx_word' id='word_1_2' title='bbox 909 568 1003 640; x_wconf 82' lang='lat' dir='ltr'>nas</span> <span class='ocrx_word' id='word_1_3' title='bbox 1030 569 1328 641; x_wconf 76' lang='lat' dir='ltr'>ratramnus.</span> <span class='ocrx_word' id='word_1_4' title='bbox 1667 576 1714 646; x_wconf 78' lang='lat' dir='ltr'>es</span> 
     </span>
    </p>
   </div>
   <div class='ocr_carea' id='block_1_2' title="bbox 304 707 1718 1858">
    <p class='ocr_par' dir='ltr' id='par_1_2' title="bbox 304 707 1718 946">
     <span class='ocr_line' id='line_1_2' title="bbox 359 707 1718 816; baseline 0.005 -34"><span class='ocrx_word' id='word_1_5' title='bbox 359 708 464 797; x_wconf 88' lang='lat' dir='ltr'>Item,</span> <span class='ocrx_word' id='word_1_6' title='bbox 487 707 592 813; x_wconf 90' lang='lat' dir='ltr'>quod</span> <span class='ocrx_word' id='word_1_7' title='bbox 613 709 679 815; x_wconf 92' lang='lat' dir='ltr'>qui</span> <span class='ocrx_word' id='word_1_8' title='bbox 703 708 883 786; x_wconf 88' lang='lat' dir='ltr'>nolebant</span> <span class='ocrx_word' id='word_1_9' title='bbox 902 708 1066 814; x_wconf 86' lang='lat' dir='ltr'>predicta</span> <span class='ocrx_word' id='word_1_10' title='bbox 1092 710 1131 784; x_wconf 92' lang='lat' dir='ltr'>in</span> <span class='ocrx_word' id='word_1_11' title='bbox 1155 709 1223 787; x_wconf 87' lang='lat' dir='ltr'>sui.</span> <span class='ocrx_word' id='word_1_12' title='bbox 1239 711 1457 815; x_wconf 89' lang='lat' dir='ltr'>recepcione</span> <span class='ocrx_word' id='word_1_13' title='bbox 1483 710 1539 787; x_wconf 90' lang='lat' dir='ltr'>vel</span> <span class='ocrx_word' id='word_1_14' title='bbox 1564 731 1648 816; x_wconf 90' lang='lat' dir='ltr'>post</span> <span class='ocrx_word' id='word_1_15' title='bbox 1667 714 1685 788; x_wconf 86' lang='lat' dir='ltr'>I</span> <span class='ocrx_word' id='word_1_16' title='bbox 1702 757 1718 772; x_wconf 85' lang='lat'><strong>·</strong></span> 
     </span>
     <span class='ocr_line' id='line_1_3' title="bbox 304 835 1341 946; baseline 0.003 -34"><span class='ocrx_word' id='word_1_17' title='bbox 304 864 402 924; x_wconf 87' lang='lat' dir='ltr'>cere,</span> <span class='ocrx_word' id='word_1_18' title='bbox 424 835 754 927; x_wconf 87' lang='lat' dir='ltr'>interficiebantur,</span> <span class='ocrx_word' id='word_1_19' title='bbox 774 839 834 916; x_wconf 87' lang='lat' dir='ltr'>vel</span> <span class='ocrx_word' id='word_1_20' title='bbox 854 839 991 917; x_wconf 89' lang='lat' dir='ltr'>carceri</span> <span class='ocrx_word' id='word_1_21' title='bbox 1010 840 1341 946; x_wconf 87' lang='lat' dir='ltr'>mancipiabantur.</span> 
     </span>
    </p>

    <p class='ocr_par' dir='ltr' id='par_1_3' title="bbox 358 969 878 1077">
     <span class='ocr_line' id='line_1_4' title="bbox 358 969 878 1077; baseline 0.002 -32"><span class='ocrx_word' id='word_1_22' title='bbox 358 969 468 1055; x_wconf 90' lang='lat' dir='ltr'>Item,</span> <span class='ocrx_word' id='word_1_23' title='bbox 489 969 595 1075; x_wconf 90' lang='lat' dir='ltr'>quod</span> <span class='ocrx_word' id='word_1_24' title='bbox 613 970 729 1077; x_wconf 86' lang='lat' dir='ltr'>aliqui</span> <span class='ocrx_word' id='word_1_25' title='bbox 750 998 794 1046; x_wconf 84' lang='lat' dir='ltr'>ex</span> <span class='ocrx_word' id='word_1_26' title='bbox 813 971 878 1048; x_wconf 87' lang='lat' dir='ltr'>eis.</span> 
     </span>
    </p>

    <p class='ocr_par' dir='ltr' id='par_1_4' title="bbox 359 1099 847 1208">
     <span class='ocr_line' id='line_1_5' title="bbox 359 1099 847 1208; baseline 0.006 -34"><span class='ocrx_word' id='word_1_27' title='bbox 359 1099 469 1187; x_wconf 83' lang='lat' dir='ltr'>Item,</span> <span class='ocrx_word' id='word_1_28' title='bbox 491 1100 596 1205; x_wconf 91' lang='lat' dir='ltr'>quod</span> <span class='ocrx_word' id='word_1_29' title='bbox 615 1101 734 1208; x_wconf 87' lang='lat' dir='ltr'>major</span> <span class='ocrx_word' id='word_1_30' title='bbox 751 1129 847 1207; x_wconf 89' lang='lat' dir='ltr'>pars.</span> 
     </span>
    </p>

    <p class='ocr_par' dir='ltr' id='par_1_5' title="bbox 304 1229 1718 1435">
     <span class='ocr_line' id='line_1_6' title="bbox 358 1229 1718 1338; baseline 0.001 -35"><span class='ocrx_word' id='word_1_31' title='bbox 358 1229 468 1316; x_wconf 90' lang='lat' dir='ltr'>Item,</span> <span class='ocrx_word' id='word_1_32' title='bbox 494 1230 598 1335; x_wconf 92' lang='lat' dir='ltr'>quod</span> <span class='ocrx_word' id='word_1_33' title='bbox 621 1230 870 1338; x_wconf 81' lang='lat' dir='ltr'>injungebant</span> <span class='ocrx_word' id='word_1_34' title='bbox 885 1230 954 1318; x_wconf 91' lang='lat' dir='ltr'>eis,</span> <span class='ocrx_word' id='word_1_35' title='bbox 974 1258 1044 1336; x_wconf 88' lang='lat' dir='ltr'>per</span> <span class='ocrx_word' id='word_1_36' title='bbox 1072 1248 1361 1319; x_wconf 87' lang='lat' dir='ltr'>sacramentum,</span> <span class='ocrx_word' id='word_1_37' title='bbox 1388 1246 1432 1306; x_wconf 89' lang='lat' dir='ltr'>ut</span> <span class='ocrx_word' id='word_1_38' title='bbox 1452 1229 1616 1336; x_wconf 89' lang='lat' dir='ltr'>predicta</span> <span class='ocrx_word' id='word_1_39' title='bbox 1641 1258 1718 1318; x_wconf 89' lang='lat' dir='ltr'>non</span> 
     </span>
     <span class='ocr_line' id='line_1_7' title="bbox 304 1356 521 1435; baseline 0.009 -2"><span class='ocrx_word' id='word_1_40' title='bbox 304 1356 521 1435; x_wconf 80' lang='lat' dir='ltr'>revelarent.</span> 
     </span>
    </p>

    <p class='ocr_par' dir='ltr' id='par_1_6' title="bbox 360 1489 1231 1597">
     <span class='ocr_line' id='line_1_8' title="bbox 360 1489 1231 1597; baseline 0.002 -33"><span class='ocrx_word' id='word_1_41' title='bbox 360 1489 468 1577; x_wconf 87' lang='lat' dir='ltr'>Item,</span> <span class='ocrx_word' id='word_1_42' title='bbox 490 1490 595 1595; x_wconf 92' lang='lat' dir='ltr'>quod</span> <span class='ocrx_word' id='word_1_43' title='bbox 613 1490 683 1567; x_wconf 93' lang='lat' dir='ltr'>sub</span> <span class='ocrx_word' id='word_1_44' title='bbox 702 1515 800 1597; x_wconf 90' lang='lat' dir='ltr'>pena</span> <span class='ocrx_word' id='word_1_45' title='bbox 820 1491 967 1579; x_wconf 90' lang='lat' dir='ltr'>mortis,</span> <span class='ocrx_word' id='word_1_46' title='bbox 987 1489 1046 1567; x_wconf 91' lang='lat' dir='ltr'>vel</span> <span class='ocrx_word' id='word_1_47' title='bbox 1066 1491 1231 1568; x_wconf 86' lang='lat' dir='ltr'>carceris.</span> 
     </span>
    </p>

    <p class='ocr_par' dir='ltr' id='par_1_7' title="bbox 360 1619 1553 1729">
     <span class='ocr_line' id='line_1_9' title="bbox 360 1619 1553 1729; baseline 0.001 -35"><span class='ocrx_word' id='word_1_48' title='bbox 360 1619 469 1707; x_wconf 87' lang='lat' dir='ltr'>Item,</span> <span class='ocrx_word' id='word_1_49' title='bbox 491 1620 596 1725; x_wconf 90' lang='lat' dir='ltr'>quod</span> <span class='ocrx_word' id='word_1_50' title='bbox 614 1644 739 1729; x_wconf 88' lang='lat' dir='ltr'>neque</span> <span class='ocrx_word' id='word_1_51' title='bbox 758 1622 917 1698; x_wconf 91' lang='lat' dir='ltr'>modum</span> <span class='ocrx_word' id='word_1_52' title='bbox 936 1622 1165 1726; x_wconf 73' lang='lat' dir='ltr'>receptionis</span> <span class='ocrx_word' id='word_1_53' title='bbox 1185 1648 1319 1698; x_wconf 90' lang='lat' dir='ltr'>eorum</span> <span class='ocrx_word' id='word_1_54' title='bbox 1336 1620 1553 1697; x_wconf 83' lang='lat' dir='ltr'>revelarent.</span> 
     </span>
    </p>

    <p class='ocr_par' dir='ltr' id='par_1_8' title="bbox 358 1748 1468 1858">
     <span class='ocr_line' id='line_1_10' title="bbox 358 1748 1468 1858; baseline 0.004 -35"><span class='ocrx_word' id='word_1_55' title='bbox 358 1748 468 1837; x_wconf 88' lang='lat' dir='ltr'>Item,</span> <span class='ocrx_word' id='word_1_56' title='bbox 491 1751 595 1856; x_wconf 90' lang='lat' dir='ltr'>quod</span> <span class='ocrx_word' id='word_1_57' title='bbox 615 1780 685 1828; x_wconf 94' lang='lat' dir='ltr'>nec</span> <span class='ocrx_word' id='word_1_58' title='bbox 704 1752 751 1829; x_wconf 92' lang='lat' dir='ltr'>de</span> <span class='ocrx_word' id='word_1_59' title='bbox 771 1751 947 1858; x_wconf 85' lang='lat' dir='ltr'>predictis</span> <span class='ocrx_word' id='word_1_60' title='bbox 967 1753 1065 1828; x_wconf 86' lang='lat' dir='ltr'>inter</span> <span class='ocrx_word' id='word_1_61' title='bbox 1083 1781 1124 1829; x_wconf 89' lang='lat' dir='ltr'>se</span> <span class='ocrx_word' id='word_1_62' title='bbox 1143 1752 1248 1856; x_wconf 92' lang='lat' dir='ltr'>loqui</span> <span class='ocrx_word' id='word_1_63' title='bbox 1266 1750 1468 1828; x_wconf 88' lang='lat' dir='ltr'>audebant.</span> 
     </span>
    </p>
   </div>
   <div class='ocr_carea' id='block_1_3' title="bbox 284 1876 1719 1990">
    <p class='ocr_par' dir='ltr' id='par_1_9' title="bbox 284 1876 1719 1990">
     <span class='ocr_line' id='line_1_11' title="bbox 284 1876 1719 1990; baseline 0 -36"><span class='ocrx_word' id='word_1_64' title='bbox 284 1876 290 1883; x_wconf 73' lang='grc'><em>’</em></span> <span class='ocrx_word' id='word_1_65' title='bbox 358 1879 469 1967; x_wconf 84' lang='lat' dir='ltr'>Item,</span> <span class='ocrx_word' id='word_1_66' title='bbox 489 1880 641 1985; x_wconf 88' lang='lat' dir='ltr'>quodsi</span> <span class='ocrx_word' id='word_1_67' title='bbox 659 1883 725 1988; x_wconf 92' lang='lat' dir='ltr'>qui</span> <span class='ocrx_word' id='word_1_68' title='bbox 743 1881 983 1988; x_wconf 80' lang='lat' dir='ltr'>capiebantur</span> <span class='ocrx_word' id='word_1_69' title='bbox 998 1882 1104 1990; x_wconf 92' lang='lat' dir='ltr'>quod</span> <span class='ocrx_word' id='word_1_70' title='bbox 1120 1881 1342 1968; x_wconf 84' lang='lat' dir='ltr'>revelarent,</span> <span class='ocrx_word' id='word_1_71' title='bbox 1361 1899 1483 1959; x_wconf 88' lang='lat' dir='ltr'>morte</span> <span class='ocrx_word' id='word_1_72' title='bbox 1499 1879 1558 1956; x_wconf 93' lang='lat' dir='ltr'>vel</span> <span class='ocrx_word' id='word_1_73' title='bbox 1576 1907 1719 1957; x_wconf 89' lang='lat' dir='ltr'>carcere</span> 
     </span>
    </p>
   </div>
   <div class='ocr_carea' id='block_1_4' title="bbox 304 2006 1723 3023">
    <p class='ocr_par' dir='ltr' id='par_1_10' title="bbox 304 2006 573 2114">
     <span class='ocr_line' id='line_1_12' title="bbox 304 2006 573 2114; baseline 0.022 -34"><span class='ocrx_word' id='word_1_74' title='bbox 304 2006 573 2114; x_wconf 87' lang='lat' dir='ltr'>affligebantur.</span> 
     </span>
    </p>

    <p class='ocr_par' dir='ltr' id='par_1_11' title="bbox 305 2137 1720 2375">
     <span class='ocr_line' id='line_1_13' title="bbox 361 2137 1720 2248; baseline 0.002 -35"><span class='ocrx_word' id='word_1_75' title='bbox 361 2137 470 2226; x_wconf 90' lang='lat' dir='ltr'>Item,</span> <span class='ocrx_word' id='word_1_76' title='bbox 508 2140 612 2244; x_wconf 92' lang='lat' dir='ltr'>quod</span> <span class='ocrx_word' id='word_1_77' title='bbox 641 2140 886 2248; x_wconf 84' lang='lat' dir='ltr'>injungebant</span> <span class='ocrx_word' id='word_1_78' title='bbox 913 2141 968 2218; x_wconf 82' lang='lat' dir='ltr'>eis</span> <span class='ocrx_word' id='word_1_79' title='bbox 996 2142 1102 2248; x_wconf 91' lang='lat' dir='ltr'>quod</span> <span class='ocrx_word' id='word_1_80' title='bbox 1130 2171 1208 2219; x_wconf 92' lang='lat' dir='ltr'>non</span> <span class='ocrx_word' id='word_1_81' title='bbox 1236 2141 1513 2233; x_wconf 38' lang='lat' dir='ltr'>confiterentur,</span> <span class='ocrx_word' id='word_1_82' title='bbox 1533 2140 1720 2247; x_wconf 87' lang='lat' dir='ltr'>aliquibus</span> 
     </span>
     <span class='ocr_line' id='line_1_14' title="bbox 305 2266 933 2375; baseline 0.006 -33"><span class='ocrx_word' id='word_1_83' title='bbox 305 2267 375 2343; x_wconf 88' lang='lat' dir='ltr'>nisi</span> <span class='ocrx_word' id='word_1_84' title='bbox 395 2266 570 2345; x_wconf 82' lang='lat' dir='ltr'>fratribus</span> <span class='ocrx_word' id='word_1_85' title='bbox 590 2268 760 2375; x_wconf 88' lang='lat' dir='ltr'>ejusdem</span> <span class='ocrx_word' id='word_1_86' title='bbox 780 2270 933 2346; x_wconf 85' lang='lat' dir='ltr'>ordinis.</span> 
     </span>
    </p>

    <p class='ocr_par' dir='ltr' id='par_1_12' title="bbox 305 2396 1720 2634">
     <span class='ocr_line' id='line_1_15' title="bbox 361 2396 1720 2505; baseline 0.001 -33"><span class='ocrx_word' id='word_1_87' title='bbox 361 2396 472 2485; x_wconf 88' lang='lat' dir='ltr'>Item,</span> <span class='ocrx_word' id='word_1_88' title='bbox 495 2397 599 2503; x_wconf 91' lang='lat' dir='ltr'>quod</span> <span class='ocrx_word' id='word_1_89' title='bbox 618 2396 749 2476; x_wconf 86' lang='lat' dir='ltr'>fratres</span> <span class='ocrx_word' id='word_1_90' title='bbox 769 2398 858 2474; x_wconf 88' lang='lat' dir='ltr'>dicti</span> <span class='ocrx_word' id='word_1_91' title='bbox 884 2397 1028 2474; x_wconf 85' lang='lat' dir='ltr'>ordinis</span> <span class='ocrx_word' id='word_1_92' title='bbox 1053 2399 1211 2476; x_wconf 90' lang='lat' dir='ltr'>scientes</span> <span class='ocrx_word' id='word_1_93' title='bbox 1235 2399 1354 2477; x_wconf 88' lang='lat' dir='ltr'>dictos</span> <span class='ocrx_word' id='word_1_94' title='bbox 1373 2426 1518 2476; x_wconf 89' lang='lat' dir='ltr'>errores</span> <span class='ocrx_word' id='word_1_95' title='bbox 1537 2400 1720 2505; x_wconf 83' lang='lat' dir='ltr'>corrigere</span> 
     </span>
     <span class='ocr_line' id='line_1_16' title="bbox 305 2526 561 2634; baseline 0.008 -33"><span class='ocrx_word' id='word_1_96' title='bbox 305 2526 561 2634; x_wconf 84' lang='lat' dir='ltr'>neglexerunt.</span> 
     </span>
    </p>

    <p class='ocr_par' dir='ltr' id='par_1_13' title="bbox 359 2656 1526 2765">
     <span class='ocr_line' id='line_1_17' title="bbox 359 2656 1526 2765; baseline 0 -32"><span class='ocrx_word' id='word_1_97' title='bbox 359 2657 469 2744; x_wconf 88' lang='lat' dir='ltr'>Item,</span> <span class='ocrx_word' id='word_1_98' title='bbox 491 2656 596 2763; x_wconf 92' lang='lat' dir='ltr'>quod</span> <span class='ocrx_word' id='word_1_99' title='bbox 615 2675 738 2734; x_wconf 89' lang='lat' dir='ltr'>sancte</span> <span class='ocrx_word' id='word_1_100' title='bbox 758 2658 867 2733; x_wconf 89' lang='lat' dir='ltr'>matri</span> <span class='ocrx_word' id='word_1_101' title='bbox 887 2656 1053 2733; x_wconf 86' lang='lat' dir='ltr'>Ecclesia</span> <span class='ocrx_word' id='word_1_102' title='bbox 1073 2657 1251 2733; x_wconf 89' lang='lat' dir='ltr'>nunciare</span> <span class='ocrx_word' id='word_1_103' title='bbox 1271 2657 1526 2765; x_wconf 84' lang='lat' dir='ltr'>neglexerunt.</span> 
     </span>
    </p>

    <p class='ocr_par' dir='ltr' id='par_1_14' title="bbox 305 2784 1723 3023">
     <span class='ocr_line' id='line_1_18' title="bbox 358 2784 1721 2891; baseline 0.001 -30"><span class='ocrx_word' id='word_1_104' title='bbox 358 2786 467 2875; x_wconf 89' lang='lat' dir='ltr'>Item,</span> <span class='ocrx_word' id='word_1_105' title='bbox 489 2786 595 2891; x_wconf 91' lang='lat' dir='ltr'>quod</span> <span class='ocrx_word' id='word_1_106' title='bbox 611 2815 687 2864; x_wconf 91' lang='lat' dir='ltr'>non</span> <span class='ocrx_word' id='word_1_107' title='bbox 704 2801 940 2864; x_wconf 88' lang='lat' dir='ltr'>recesserunt</span> <span class='ocrx_word' id='word_1_108' title='bbox 956 2784 1003 2862; x_wconf 88' lang='lat' dir='ltr'>ab</span> <span class='ocrx_word' id='word_1_109' title='bbox 1022 2784 1259 2863; x_wconf 89' lang='lat' dir='ltr'>observancia</span> <span class='ocrx_word' id='word_1_110' title='bbox 1274 2786 1531 2891; x_wconf 84' lang='lat' dir='ltr'>predictorum</span> <span class='ocrx_word' id='word_1_111' title='bbox 1551 2815 1721 2865; x_wconf 91' lang='lat' dir='ltr'>errorum</span> 
     </span>
     <span class='ocr_line' id='line_1_19' title="bbox 305 2914 1723 3023; baseline 0.001 -31"><span class='ocrx_word' id='word_1_112' title='bbox 305 2932 341 2993; x_wconf 92' lang='lat' dir='ltr'>et</span> <span class='ocrx_word' id='word_1_113' title='bbox 369 2917 635 2994; x_wconf 90' lang='lat' dir='ltr'>communione</span> <span class='ocrx_word' id='word_1_114' title='bbox 662 2916 920 3023; x_wconf 89' lang='lat' dir='ltr'>predictorum</span> <span class='ocrx_word' id='word_1_115' title='bbox 944 2915 1118 3007; x_wconf 80' lang='lat' dir='ltr'>fratrum,</span> <span class='ocrx_word' id='word_1_116' title='bbox 1150 2915 1238 2992; x_wconf 87' lang='lat' dir='ltr'>licet</span> <span class='ocrx_word' id='word_1_117' title='bbox 1265 2914 1478 2995; x_wconf 82' lang='lat' dir='ltr'>facultatem</span> <span class='ocrx_word' id='word_1_118' title='bbox 1505 2915 1723 2995; x_wconf 88' lang='lat' dir='ltr'>habuissent</span> 
     </span>
    </p>
   </div>
   <div class='ocr_carea' id='block_1_5' title="bbox 303 3042 1722 3513">
    <p class='ocr_par' dir='ltr' id='par_1_15' title="bbox 304 3042 939 3152">
     <span class='ocr_line' id='line_1_20' title="bbox 304 3042 939 3152; baseline -0.002 -31"><span class='ocrx_word' id='word_1_119' title='bbox 304 3046 505 3124; x_wconf 85' lang='lat' dir='ltr'>recedendi</span> <span class='ocrx_word' id='word_1_120' title='bbox 526 3063 563 3123; x_wconf 93' lang='lat' dir='ltr'>et</span> <span class='ocrx_word' id='word_1_121' title='bbox 581 3047 748 3152; x_wconf 85' lang='lat' dir='ltr'>predicta</span> <span class='ocrx_word' id='word_1_122' title='bbox 767 3042 939 3123; x_wconf 85' lang='lat' dir='ltr'>faciendi.</span> 
     </span>
    </p>

    <p class='ocr_par' dir='ltr' id='par_1_16' title="bbox 303 3174 1722 3513">
     <span class='ocr_line' id='line_1_21' title="bbox 362 3174 1722 3283; baseline 0.002 -31"><span class='ocrx_word' id='word_1_123' title='bbox 362 3177 471 3264; x_wconf 90' lang='lat' dir='ltr'>Item,</span> <span class='ocrx_word' id='word_1_124' title='bbox 497 3176 602 3283; x_wconf 91' lang='lat' dir='ltr'>quod</span> <span class='ocrx_word' id='word_1_125' title='bbox 624 3176 790 3282; x_wconf 87' lang='lat' dir='ltr'>predicta</span> <span class='ocrx_word' id='word_1_126' title='bbox 814 3175 956 3253; x_wconf 87' lang='lat' dir='ltr'>fiebant</span> <span class='ocrx_word' id='word_1_127' title='bbox 980 3193 1018 3252; x_wconf 89' lang='lat' dir='ltr'>et</span> <span class='ocrx_word' id='word_1_128' title='bbox 1041 3174 1281 3253; x_wconf 84' lang='lat' dir='ltr'>servabantur</span> <span class='ocrx_word' id='word_1_129' title='bbox 1304 3176 1403 3254; x_wconf 90' lang='lat' dir='ltr'>ultra</span> <span class='ocrx_word' id='word_1_130' title='bbox 1427 3204 1544 3265; x_wconf 88' lang='lat' dir='ltr'>mare,</span> <span class='ocrx_word' id='word_1_131' title='bbox 1568 3179 1606 3253; x_wconf 95' lang='lat' dir='ltr'>in</span> <span class='ocrx_word' id='word_1_132' title='bbox 1632 3177 1722 3255; x_wconf 87' lang='lat' dir='ltr'>locis</span> 
     </span>
     <span class='ocr_line' id='line_1_22' title="bbox 305 3305 1721 3417; baseline 0.004 -37"><span class='ocrx_word' id='word_1_133' title='bbox 305 3306 344 3380; x_wconf 91' lang='lat' dir='ltr'>in</span> <span class='ocrx_word' id='word_1_134' title='bbox 364 3305 502 3412; x_wconf 88' lang='lat' dir='ltr'>quibus</span> <span class='ocrx_word' id='word_1_135' title='bbox 521 3306 696 3414; x_wconf 89' lang='lat' dir='ltr'>Magister</span> <span class='ocrx_word' id='word_1_136' title='bbox 714 3306 897 3417; x_wconf 86' lang='lat' dir='ltr'>generalis</span> <span class='ocrx_word' id='word_1_137' title='bbox 918 3324 956 3383; x_wconf 90' lang='lat' dir='ltr'>et</span> <span class='ocrx_word' id='word_1_138' title='bbox 975 3323 1177 3383; x_wconf 90' lang='lat' dir='ltr'>conventus</span> <span class='ocrx_word' id='word_1_139' title='bbox 1196 3306 1285 3382; x_wconf 90' lang='lat' dir='ltr'>dicti</span> <span class='ocrx_word' id='word_1_140' title='bbox 1305 3306 1447 3385; x_wconf 86' lang='lat' dir='ltr'>ordinis</span> <span class='ocrx_word' id='word_1_141' title='bbox 1464 3335 1536 3411; x_wconf 92' lang='lat' dir='ltr'>pro</span> <span class='ocrx_word' id='word_1_142' title='bbox 1552 3325 1721 3414; x_wconf 88' lang='lat' dir='ltr'>tempore</span> 
     </span>
     <span class='ocr_line' id='line_1_23' title="bbox 303 3452 556 3513; baseline -0.004 0"><span class='ocrx_word' id='word_1_143' title='bbox 303 3453 392 3513; x_wconf 91' lang='lat' dir='ltr'>sunt</span> <span class='ocrx_word' id='word_1_144' title='bbox 410 3452 556 3512; x_wconf 80' lang='lat' dir='ltr'>morati.</span> 
     </span>
    </p>
   </div>
   <div class='ocr_carea' id='block_1_6' title="bbox 303 3563 1723 4451">
    <p class='ocr_par' dir='ltr' id='par_1_17' title="bbox 303 3563 1721 3803">
     <span class='ocr_line' id='line_1_24' title="bbox 359 3563 1721 3673; baseline 0.001 -32"><span class='ocrx_word' id='word_1_145' title='bbox 359 3566 469 3654; x_wconf 92' lang='lat' dir='ltr'>Item,</span> <span class='ocrx_word' id='word_1_146' title='bbox 489 3564 601 3672; x_wconf 80' lang='lat' dir='ltr'>-quod</span> <span class='ocrx_word' id='word_1_147' title='bbox 629 3564 829 3672; x_wconf 89' lang='lat' dir='ltr'>aliquando</span> <span class='ocrx_word' id='word_1_148' title='bbox 853 3564 1020 3671; x_wconf 86' lang='lat' dir='ltr'>predicta</span> <span class='ocrx_word' id='word_1_149' title='bbox 1045 3563 1246 3673; x_wconf 89' lang='lat' dir='ltr'>abnegacio</span> <span class='ocrx_word' id='word_1_150' title='bbox 1272 3565 1410 3644; x_wconf 82' lang='lat' dir='ltr'>Christi</span> <span class='ocrx_word' id='word_1_151' title='bbox 1436 3564 1550 3642; x_wconf 83' lang='lat' dir='ltr'>fiebat</span> <span class='ocrx_word' id='word_1_152' title='bbox 1574 3566 1612 3639; x_wconf 93' lang='lat' dir='ltr'>in</span> <span class='ocrx_word' id='word_1_153' title='bbox 1636 3594 1721 3670; x_wconf 90' lang='lat' dir='ltr'>pre-</span> 
     </span>
     <span class='ocr_line' id='line_1_25' title="bbox 303 3696 1179 3803; baseline 0 -30"><span class='ocrx_word' id='word_1_154' title='bbox 303 3696 427 3773; x_wconf 89' lang='lat' dir='ltr'>sencia</span> <span class='ocrx_word' id='word_1_155' title='bbox 445 3696 611 3803; x_wconf 86' lang='lat' dir='ltr'>Magistri</span> <span class='ocrx_word' id='word_1_156' title='bbox 633 3712 670 3772; x_wconf 88' lang='lat' dir='ltr'>et</span> <span class='ocrx_word' id='word_1_157' title='bbox 689 3713 892 3773; x_wconf 89' lang='lat' dir='ltr'>conventus</span> <span class='ocrx_word' id='word_1_158' title='bbox 911 3696 1179 3802; x_wconf 87' lang='lat' dir='ltr'>predictorum.</span> 
     </span>
    </p>

    <p class='ocr_par' dir='ltr' id='par_1_18' title="bbox 360 3825 1458 3933">
     <span class='ocr_line' id='line_1_26' title="bbox 360 3825 1458 3933; baseline 0.001 -33"><span class='ocrx_word' id='word_1_159' title='bbox 360 3825 471 3912; x_wconf 91' lang='lat' dir='ltr'>Item,</span> <span class='ocrx_word' id='word_1_160' title='bbox 492 3825 596 3928; x_wconf 91' lang='lat' dir='ltr'>quod</span> <span class='ocrx_word' id='word_1_161' title='bbox 613 3826 780 3930; x_wconf 89' lang='lat' dir='ltr'>predicta</span> <span class='ocrx_word' id='word_1_162' title='bbox 799 3825 940 3902; x_wconf 87' lang='lat' dir='ltr'>[iebant</span> <span class='ocrx_word' id='word_1_163' title='bbox 959 3841 997 3902; x_wconf 91' lang='lat' dir='ltr'>et</span> <span class='ocrx_word' id='word_1_164' title='bbox 1015 3825 1255 3903; x_wconf 88' lang='lat' dir='ltr'>servabantur</span> <span class='ocrx_word' id='word_1_165' title='bbox 1274 3827 1313 3902; x_wconf 92' lang='lat' dir='ltr'>in</span> <span class='ocrx_word' id='word_1_166' title='bbox 1333 3826 1458 3933; x_wconf 86' lang='lat' dir='ltr'>Cipro.</span> 
     </span>
    </p>

    <p class='ocr_par' dir='ltr' id='par_1_19' title="bbox 305 3938 1722 4189">
     <span class='ocr_line' id='line_1_27' title="bbox 360 3938 1722 4065; baseline 0.002 -38"><span class='ocrx_word' id='word_1_167' title='bbox 360 3952 470 4042; x_wconf 92' lang='lat' dir='ltr'>Item,</span> <span class='ocrx_word' id='word_1_168' title='bbox 493 3953 597 4059; x_wconf 93' lang='lat' dir='ltr'>quod</span> <span class='ocrx_word' id='word_1_169' title='bbox 620 3954 791 4032; x_wconf 90' lang='lat' dir='ltr'>similiter</span> <span class='ocrx_word' id='word_1_170' title='bbox 816 3957 906 4032; x_wconf 88' lang='lat' dir='ltr'>citra</span> <span class='ocrx_word' id='word_1_171' title='bbox 929 3984 1033 4033; x_wconf 89' lang='lat' dir='ltr'>mare</span> <span class='ocrx_word' id='word_1_172' title='bbox 1058 3958 1098 4033; x_wconf 93' lang='lat' dir='ltr'>in</span> <span class='ocrx_word' id='word_1_173' title='bbox 1123 3957 1301 4034; x_wconf 91' lang='lat' dir='ltr'>omnibus</span> <span class='ocrx_word' id='word_1_174' title='bbox 1325 3958 1449 4065; x_wconf 90' lang='lat' dir='ltr'>regnis</span> <span class='ocrx_word' id='word_1_175' title='bbox 1470 3972 1507 4031; x_wconf 89' lang='lat' dir='ltr'>et</span> <span class='ocrx_word' id='word_1_176' title='bbox 1525 3938 1620 4031; x_wconf 88' lang='lat' dir='ltr'>locis</span> <span class='ocrx_word' id='word_1_177' title='bbox 1642 3954 1722 4030; x_wconf 88' lang='lat' dir='ltr'>aliis</span> 
     </span>
     <span class='ocr_line' id='line_1_28' title="bbox 305 4080 1389 4189; baseline 0.002 -31"><span class='ocrx_word' id='word_1_178' title='bbox 305 4085 343 4159; x_wconf 94' lang='lat' dir='ltr'>in</span> <span class='ocrx_word' id='word_1_179' title='bbox 363 4081 505 4188; x_wconf 88' lang='lat' dir='ltr'>quibus</span> <span class='ocrx_word' id='word_1_180' title='bbox 524 4080 666 4158; x_wconf 78' lang='lat' dir='ltr'>{iebant</span> <span class='ocrx_word' id='word_1_181' title='bbox 684 4084 920 4189; x_wconf 87' lang='lat' dir='ltr'>recepciones</span> <span class='ocrx_word' id='word_1_182' title='bbox 938 4085 1098 4162; x_wconf 77' lang='lat' dir='ltr'>fratrum</span> <span class='ocrx_word' id='word_1_183' title='bbox 1118 4086 1389 4189; x_wconf 89' lang='lat' dir='ltr'>predictorum.</span> 
     </span>
    </p>

    <p class='ocr_par' dir='ltr' id='par_1_20' title="bbox 305 4203 1723 4451">
     <span class='ocr_line' id='line_1_29' title="bbox 360 4203 1723 4319; baseline 0.003 -32"><span class='ocrx_word' id='word_1_184' title='bbox 360 4212 470 4300; x_wconf 92' lang='lat' dir='ltr'>Item,</span> <span class='ocrx_word' id='word_1_185' title='bbox 494 4203 601 4317; x_wconf 88' lang='lat' dir='ltr'>quod</span> <span class='ocrx_word' id='word_1_186' title='bbox 623 4211 788 4319; x_wconf 87' lang='lat' dir='ltr'>predicta</span> <span class='ocrx_word' id='word_1_187' title='bbox 812 4211 1104 4290; x_wconf 87' lang='lat' dir='ltr'>observabantur</span> <span class='ocrx_word' id='word_1_188' title='bbox 1125 4214 1165 4288; x_wconf 92' lang='lat' dir='ltr'>in</span> <span class='ocrx_word' id='word_1_189' title='bbox 1187 4231 1268 4290; x_wconf 91' lang='lat' dir='ltr'>toto</span> <span class='ocrx_word' id='word_1_190' title='bbox 1287 4212 1419 4290; x_wconf 89' lang='lat' dir='ltr'>ordine</span> <span class='ocrx_word' id='word_1_191' title='bbox 1444 4213 1665 4318; x_wconf 87' lang='lat' dir='ltr'>generaliter</span> <span class='ocrx_word' id='word_1_192' title='bbox 1686 4232 1723 4291; x_wconf 91' lang='lat' dir='ltr'>et</span> 
     </span>
     <span class='ocr_line' id='line_1_30' title="bbox 305 4342 1718 4451; baseline 0.003 -34"><span class='ocrx_word' id='word_1_193' title='bbox 305 4342 565 4418; x_wconf 90' lang='lat' dir='ltr'>communiter.</span> <span class='ocrx_word' id='word_1_194' title='bbox 581 4342 744 4431; x_wconf 91' lang='lat' dir='ltr'>-Item,</span> <span class='ocrx_word' id='word_1_195' title='bbox 760 4343 865 4448; x_wconf 90' lang='lat' dir='ltr'>quod</span> <span class='ocrx_word' id='word_1_196' title='bbox 882 4370 927 4419; x_wconf 82' lang='lat' dir='ltr'>ex</span> <span class='ocrx_word' id='word_1_197' title='bbox 943 4342 1181 4420; x_wconf 88' lang='lat' dir='ltr'>observancia</span> <span class='ocrx_word' id='word_1_198' title='bbox 1192 4342 1358 4451; x_wconf 88' lang='lat' dir='ltr'>generali</span> <span class='ocrx_word' id='word_1_199' title='bbox 1374 4359 1412 4419; x_wconf 90' lang='lat' dir='ltr'>et</span> <span class='ocrx_word' id='word_1_200' title='bbox 1422 4343 1543 4449; x_wconf 90' lang='lat' dir='ltr'>longa.</span> <span class='ocrx_word' id='word_1_201' title='bbox 1557 4387 1600 4402; x_wconf 92' lang='lat'>—-</span> <span class='ocrx_word' id='word_1_202' title='bbox 1610 4344 1718 4432; x_wconf 90' lang='lat' dir='ltr'>Item,</span> 
     </span>
    </p>
   </div>
   <div class='ocr_carea' id='block_1_7' title="bbox 241 4472 1718 4579">
    <p class='ocr_par' dir='ltr' id='par_1_21' title="bbox 241 4472 1718 4579">
     <span class='ocr_line' id='line_1_31' title="bbox 241 4472 1718 4579; baseline 0.001 -32"><span class='ocrx_word' id='word_1_203' title='bbox 241 4550 254 4577; x_wconf 33' lang='grc' dir='ltr'><strong>μ</strong></span> <span class='ocrx_word' id='word_1_204' title='bbox 304 4472 408 4578; x_wconf 91' lang='lat' dir='ltr'>quod</span> <span class='ocrx_word' id='word_1_205' title='bbox 416 4472 462 4547; x_wconf 87' lang='lat' dir='ltr'>de</span> <span class='ocrx_word' id='word_1_206' title='bbox 475 4473 745 4549; x_wconf 90' lang='lat' dir='ltr'>consuetudine</span> <span class='ocrx_word' id='word_1_207' title='bbox 760 4472 1075 4579; x_wconf 78' lang='lat' dir='ltr'>antiqua-Item,</span> <span class='ocrx_word' id='word_1_208' title='bbox 1087 4473 1191 4579; x_wconf 91' lang='lat' dir='ltr'>quod</span> <span class='ocrx_word' id='word_1_209' title='bbox 1205 4473 1718 4579; x_wconf 84' lang='lat' dir='ltr'>exstatutoordinispredicti.</span> 
     </span>
    </p>
   </div>
   <div class='ocr_carea' id='block_1_8' title="bbox 231 4578 274 4659">
    <p class='ocr_par' dir='ltr' id='par_1_22' title="bbox 231 4578 274 4659">
     <span class='ocr_line' id='line_1_32' title="bbox 244 4578 270 4605; baseline 0 0"><span class='ocrx_word' id='word_1_210' title='bbox 244 4578 270 4605; x_wconf 62' lang='lat' dir='ltr'>‘b</span> 
     </span>
     <span class='ocr_line' id='line_1_33' title="bbox 231 4607 274 4659; baseline -0.023 0"><span class='ocrx_word' id='word_1_211' title='bbox 231 4607 274 4659; x_wconf 43' lang='grc' dir='ltr'>Μ’</span> 
     </span>
    </p>
   </div>
   <div class='ocr_carea' id='block_1_9' title="bbox 303 4601 1722 4940">
    <p class='ocr_par' dir='ltr' id='par_1_23' title="bbox 303 4601 1722 4940">
     <span class='ocr_line' id='line_1_34' title="bbox 360 4601 1722 4709; baseline 0.002 -32"><span class='ocrx_word' id='word_1_212' title='bbox 360 4601 470 4691; x_wconf 91' lang='lat' dir='ltr'>Item,</span> <span class='ocrx_word' id='word_1_213' title='bbox 491 4602 595 4708; x_wconf 93' lang='lat' dir='ltr'>quod</span> <span class='ocrx_word' id='word_1_214' title='bbox 613 4602 779 4709; x_wconf 90' lang='lat' dir='ltr'>predicte</span> <span class='ocrx_word' id='word_1_215' title='bbox 800 4602 1054 4692; x_wconf 88' lang='lat' dir='ltr'>observancie,</span> <span class='ocrx_word' id='word_1_216' title='bbox 1075 4603 1383 4694; x_wconf 88' lang='lat' dir='ltr'>consuetudines,</span> <span class='ocrx_word' id='word_1_217' title='bbox 1405 4603 1664 4683; x_wconf 84' lang='lat' dir='ltr'>ordinacionee</span> <span class='ocrx_word' id='word_1_218' title='bbox 1684 4622 1722 4680; x_wconf 92' lang='lat' dir='ltr'>et</span> 
     </span>
     <span class='ocr_line' id='line_1_35' title="bbox 304 4732 1720 4823; baseline 0.001 -15"><span class='ocrx_word' id='word_1_219' title='bbox 304 4749 438 4810; x_wconf 89' lang='lat' dir='ltr'>statuta</span> <span class='ocrx_word' id='word_1_220' title='bbox 457 4732 496 4809; x_wconf 95' lang='lat' dir='ltr'>in</span> <span class='ocrx_word' id='word_1_221' title='bbox 515 4749 595 4810; x_wconf 90' lang='lat' dir='ltr'>toto</span> <span class='ocrx_word' id='word_1_222' title='bbox 614 4733 764 4823; x_wconf 92' lang='lat' dir='ltr'>ordine,</span> <span class='ocrx_word' id='word_1_223' title='bbox 786 4733 883 4811; x_wconf 90' lang='lat' dir='ltr'>ultra</span> <span class='ocrx_word' id='word_1_224' title='bbox 902 4762 1005 4811; x_wconf 86' lang='lat' dir='ltr'>mare</span> <span class='ocrx_word' id='word_1_225' title='bbox 1026 4751 1064 4811; x_wconf 89' lang='lat' dir='ltr'>et</span> <span class='ocrx_word' id='word_1_226' title='bbox 1082 4733 1173 4811; x_wconf 88' lang='lat' dir='ltr'>citra</span> <span class='ocrx_word' id='word_1_227' title='bbox 1192 4763 1311 4823; x_wconf 87' lang='lat' dir='ltr'>mare,</span> <span class='ocrx_word' id='word_1_228' title='bbox 1333 4734 1474 4813; x_wconf 88' lang='lat' dir='ltr'>fiebant</span> <span class='ocrx_word' id='word_1_229' title='bbox 1493 4752 1531 4812; x_wconf 89' lang='lat' dir='ltr'>et</span> <span class='ocrx_word' id='word_1_230' title='bbox 1549 4735 1720 4814; x_wconf 89' lang='lat' dir='ltr'>observa-</span> 
     </span>
     <span class='ocr_line' id='line_1_36' title="bbox 303 4861 450 4940; baseline 0 -2"><span class='ocrx_word' id='word_1_231' title='bbox 303 4861 450 4940; x_wconf 87' lang='lat' dir='ltr'>bantur.</span> 
     </span>
    </p>
   </div>
   <div class='ocr_carea' id='block_1_10' title="bbox 0 0 2048 6052">
    <p class='ocr_par' dir='ltr' id='par_1_24' title="bbox 0 0 2048 6052">
     <span class='ocr_line' id='line_1_37' title="bbox 0 0 2048 6052; baseline 0 0"><span class='ocrx_word' id='word_1_232' title='bbox 0 0 2048 6052; x_wconf 95' lang='lat' dir='ltr'> </span> 
     </span>
    </p>
   </div>
  </div>
 </body>
</html>
