4080 6052
485 507 682 599 aaoets
708 527 802 598 oss
829 527 1130 602 'sauctitas
1446 530 1516 604 tor
1593 579 1595 583 ν

102 685 225 757 natus,
246 666 549 743 deliberaverunt
567 667 705 742 iterum
722 695 766 743 eo
782 669 936 744 sedente
959 670 1007 745 ad
1019 689 1177 777 partem.
1195 673 1283 746 Post
1302 698 1376 774 que
1398 672 1519 750 dictus

100 816 280 903 receptor,
314 813 440 872 vocato
472 824 537 884 eo,
571 797 751 902 imposuit
770 797 841 874 sibi
865 800 1104 890 mantellum,
1129 818 1167 878 et
1186 800 1307 877 dictus
1326 800 1520 908 presbyter

99 929 237 1033 primo,
259 912 502 1032 postmodum
527 943 698 1032 receptor
721 944 760 1003 et
786 928 919 1007 exinde
943 930 1002 1006 alii
1028 929 1159 1007 fratres
1184 946 1343 1006 astantes
1365 929 1520 1007 fuerunt

100 1087 187 1134 eum
209 1057 364 1135 osculati
385 1057 423 1131 in
443 1084 520 1146 ore,
539 1075 576 1133 et
595 1056 718 1135 dictus
736 1058 931 1167 presbyter
951 1060 1042 1137 dixit
1060 1062 1242 1169 quasdam
1259 1061 1460 1152 oraciones,
1482 1080 1520 1138 et

99 1189 253 1293 aspersit
287 1216 421 1294 aquam
454 1187 692 1265 benedictam
729 1217 843 1295 super
877 1218 978 1267 euna.
1015 1193 1205 1299 Postque
1236 1190 1405 1266 fecerunt
1431 1221 1518 1268 eum
1641 1272 1648 1284 ‚

98 1348 230 1396 vovere
250 1336 287 1394 et
301 1319 429 1426 jurare
450 1319 671 1409 castitatem,
694 1320 972 1413 obedienciam,
997 1324 1117 1399 vivere
1142 1324 1221 1399 sine
1244 1323 1417 1427 proprio,
1445 1353 1520 1398 ser-

98 1479 181 1531 vare
202 1451 323 1527 bonos
343 1479 433 1526 usus
461 1467 498 1525 et
527 1450 645 1527 bonas
677 1452 986 1540 consuetudines,
1010 1453 1126 1529 malas
1145 1452 1364 1557 reprobare,
1386 1469 1424 1528 et
1443 1482 1518 1529 non

98 1582 259 1658 revelare
275 1598 416 1658 secreta
431 1580 706 1685 capitoliorum.
726 1584 876 1671 Postea,
893 1584 1026 1660 ceteris
1043 1582 1221 1659 fratribus
1238 1584 1517 1674 recedentibus,

99 1712 218 1787 dictus
240 1710 353 1788 frater
383 1711 555 1787 Matheus
586 1711 739 1787 trahens
771 1740 859 1788 eum
891 1730 993 1794 retro
1014 1712 1145 1800 altare,
1167 1712 1257 1787 dixit
1278 1712 1312 1786 ei
1333 1712 1438 1816 quod
1458 1713 1521 1787 ab·

98 1857 248 1948 negaret
268 1842 409 1927 Deum,
433 1856 574 1916 etcum
592 1841 670 1945 ipse
688 1842 793 1916 testis
810 1843 1057 1945 responderet
1070 1840 1175 1948 quod
1194 1842 1265 1915 hoc
1281 1838 1388 1915 nullo
1404 1841 1519 1917 modo

98 1972 252 2057 laceret,
275 1971 369 2047 dixit
388 1971 421 2045 ei
442 1971 547 2076 quod
575 1970 646 2047 hoc
671 1968 868 2075 oportebat
888 2000 976 2047 eum
996 1971 1139 2059 lacere,
1159 1971 1325 2077 alioquin
1347 1988 1445 2047 esset
1465 1971 1521 2045 in-

99 2117 305 2176 carceratus
330 2117 368 2177 et
386 2099 571 2204 perditus;
593 2116 630 2175 et
649 2116 740 2176 tunc
767 2101 845 2206 ipse
865 2102 970 2178 testis
990 2101 1183 2210 abnegavit
1208 2130 1271 2177 ore
1293 2128 1368 2176 non
1390 2100 1517 2188 corde,

100 2248 142 2307 ut
163 2231 267 2307 dixit.
290 2230 435 2308 Deinde
457 2230 623 2335 precepit
648 2231 682 2306 ei
706 2233 810 2337 quod
836 2251 987 2337 spueret
1007 2263 1121 2339 super
1143 2233 1343 2339 quamdam
1372 2260 1521 2309 crucem

99 2362 278 2468 ligneam,
298 2361 336 2434 in
354 2389 428 2466 qua
449 2376 528 2436 erat
547 2388 681 2467 ymago
702 2361 895 2453 Crucifixi,
913 2380 1098 2468 acceptam
1115 2391 1184 2467 per
1204 2361 1348 2437 dictum
1368 2361 1520 2449 fratrem

100 2492 293 2567 Matheum
320 2491 475 2567 indicta
500 2490 657 2595 capella,
681 2520 795 2597 quam
824 2491 977 2569 tenebat
1005 2493 1044 2567 in
1073 2521 1189 2568 manu
1221 2521 1305 2578 sua3
1335 2508 1372 2567 et
1401 2491 1521 2568 dictus

99 2623 203 2699 testis
223 2621 346 2698 noluit
365 2649 500 2726 spuere
520 2651 632 2728 super
655 2651 755 2711 eam,
785 2623 853 2700 sed
880 2624 981 2728 spuit
994 2623 1111 2729 juxta.
1132 2623 1278 2700 Deinde
1302 2622 1468 2727 precepit
1488 2622 1520 2697 ei

98 2752 202 2860 quod
230 2751 460 2827 oscularetur
487 2779 575 2826 eum
603 2753 641 2827 in
664 2752 862 2842 umbilico;
887 2769 925 2828 et
950 2781 1038 2828 eum
1068 2754 1146 2858 ipse
1170 2754 1275 2828 testis
1302 2750 1422 2828 nollet
1450 2752 1523 2827 hoc

99 2884 234 2968 lacere,
258 2882 350 2957 dixit
371 2882 426 2957 ei:
443 2882 539 2989 Ergo
561 2883 741 2960 osculeris
757 2911 818 2959 me
844 2885 883 2959 in
906 2911 989 2958 ano.
1010 2885 1058 2958 Et
1076 2901 1166 2976 tunc
1186 2885 1265 2988 ipse
1285 2883 1389 2959 testis
1410 2880 1523 2987 elegit

100 3045 187 3092 eum
210 3013 367 3090 osculari
389 3013 427 3086 in
448 3011 644 3104 umbilico,
669 3031 706 3088 et
731 3013 920 3090 osculatus
940 3012 1027 3100 luit3
1056 3013 1102 3088 de
1123 3013 1278 3088 erimine
1299 3012 1521 3089 sodomitico

99 3147 157 3223 vel
178 3145 225 3221 de
246 3144 370 3250 aliqua
391 3142 517 3219 aliare
539 3142 666 3219 illicita
681 3171 757 3219 non
778 3143 849 3219 luit
866 3144 1015 3220 locutus
1033 3144 1173 3231 eidem,
1197 3171 1265 3219 nec
1284 3143 1404 3218 credit
1418 3143 1523 3250 quod

100 3277 243 3353 dictum
265 3275 406 3351 crimen
427 3274 694 3351 sodomiticum
716 3275 1015 3352 committeretur
1033 3303 1101 3379 per
1116 3273 1246 3350 fratres
1266 3274 1421 3350 ordinis.

156 3406 370 3512 Requisitus
390 3406 419 3481 si
442 3405 582 3481 dixerat
601 3406 634 3480 ei
651 3406 760 3511 quod·
775 3405 941 3510 predicte
963 3405 1179 3510 abnegacio,
1199 3404 1343 3509 spuicio
1365 3419 1403 3478 et
1416 3403 1523 3479 deos-

101 3537 241 3613 culacio
263 3535 429 3612 umbilici
453 3549 575 3611 essent
596 3533 643 3610 de
663 3535 812 3640 punctis
831 3534 989 3622 ordinis,
1009 3534 1205 3638 respondit
1223 3532 1329 3639 quod
1348 3560 1436 3608 non.

155 3672 265 3755 Item,
281 3667 484 3773 requisitus
502 3693 615 3772 super
627 3692 686 3743 xw
703 3682 740 3740 et
758 3664 937 3741 omnibus
955 3665 1034 3741 aliis
1052 3663 1310 3770 sequentibus,
1330 3663 1523 3768 respondit

102 3827 139 3872 se
161 3795 276 3872 nichil
303 3796 396 3872 scire
418 3795 515 3870 ultra
535 3794 640 3899 quod
669 3822 781 3898 supra
808 3794 1001 3898 deposuit,
1025 3811 1178 3900 excepto
1203 3794 1309 3900 quod
1329 3794 1406 3898 ipse
1425 3792 1521 3868 bene

102 3926 277 4003 credebat
297 3924 551 4001 ecclesiasticis
571 3924 827 4015 sacramentis,
847 3925 1003 4002 credens
1023 3924 1127 4031 quod
1148 3924 1208 3999 alii
1230 3924 1361 4000 fratres
1381 3922 1523 4000 ordinis

102 4059 198 4133 bene
219 4055 431 4142 crederent,
455 4071 492 4129 et
510 4055 614 4159 quod
639 4082 770 4130 eorum
796 4058 1008 4144 sacerdotes
1034 4052 1160 4132 debite
1182 4052 1431 4142 celebrarent;
1457 4051 1524 4127 sed

102 4216 178 4263 non
194 4185 312 4263 credit
328 4184 433 4291 quod
449 4183 512 4260 ille
529 4185 594 4290 qui
616 4185 780 4290 precepit
802 4185 872 4263 sibi
894 4187 990 4263 dicta
1011 4185 1137 4261 illicita
1160 4201 1256 4261 esset
1275 4179 1524 4283 bonussshri-

103 4319 255 4403 suanus,
286 4345 355 4392 nec
381 4316 486 4421 quod
515 4332 754 4422 preceptores
786 4315 868 4392 laici
899 4333 1052 4423 possent
1080 4315 1270 4392 absolvere
1301 4341 1320 4388 a
1352 4311 1521 4417 peccatis.

102 4446 341 4523 Clandestine
362 4444 651 4550 recipiebantur,
672 4474 715 4522 ex
735 4472 811 4552 quo
829 4447 947 4523 credit
963 4446 1068 4553 quod
1093 4444 1254 4549 suspicio
1277 4457 1405 4518 contra
1425 4439 1525 4516 ordi-

104 4605 191 4653 nem
212 4575 430 4662 liaberetur;
452 4575 618 4653 cordulis
636 4578 835 4683 assumptis
848 4578 947 4654 unde
961 4577 1135 4654 volebant
1150 4574 1395 4681 cingebantur
1412 4599 1524 4677 super

104 4707 270 4783 camisias
292 4736 379 4783 cum
399 4705 540 4815 quibus
560 4706 747 4814 jacebant.
773 4708 813 4786 Si
834 4709 1057 4787 revelassent
1081 4724 1220 4785 secreta
1240 4703 1521 4810 capituliorum‚

104 4838 224 4944 puniti
246 4837 402 4913 luissent
425 4836 473 4914 ad
492 4864 678 4914 carcerem
702 4839 761 4916 vel
788 4839 907 4917 aliter.
939 4842 1020 4918 Non
1051 4835 1291 4915 inhibebatur
1315 4834 1419 4942 quod
1448 4861 1523 4911 non

190 4973 299 5038 esocis
322 4996 373 5039 ors
393 4996 553 5039 reuertens
571 5000 646 5041 -1.
785 5027 789 5034 .
1077 5038 1084 5049 ‚
1357 4970 1397 5032 63
