4080 6052
512 544 560 619 aa
894 525 1090 618 esoces
1115 543 1211 616 ors
1235 537 1540 615 reuertens

509 688 585 778 cis3
601 705 640 765 et
656 686 762 794 quod
774 713 817 762 ex
831 687 904 764 hoc
919 713 1044 763 comes
1057 683 1324 776 ambiensis,
1340 683 1493 791 prande
1511 681 1586 760 fuit
1603 699 1776 762 mortuus
1795 685 1836 762 in
1854 714 1936 793 par·

508 817 611 896 tibus
633 816 901 905 ultramarinis,
922 818 961 893 in
980 816 1118 922 prelio,
1138 814 1257 892 voluit
1280 814 1386 922 quod
1405 813 1495 891 dicti
1513 813 1720 920 Templuij
1739 834 1863 895 essent
1892 819 1934 894 in

510 947 586 1024 acie
604 975 672 1025 sua
690 946 731 1023 in
751 947 981 1053 ante-garda,
1003 964 1042 1023 et
1060 947 1091 1023 si
1110 944 1332 1022 credidisset
1352 944 1476 1022 dictus
1493 970 1621 1022 comes
1647 945 1823 1054 Magistro
1843 946 1936 1024 dicti

510 1077 653 1155 ordinis
661 1077 727 1183 qui
739 1095 830 1154 ωηο
842 1093 932 1162 erat,
945 1075 1104 1182 predicti
1120 1102 1259 1166 comes,
1271 1074 1447 1184 Magister
1457 1091 1497 1153 et
1507 1073 1571 1152 alii
1582 1101 1661 1151 non
1670 1076 1882 1181 periissent,
1897 1095 1937 1156 et

509 1208 614 1316 quod
629 1207 752 1285 dictus
765 1207 942 1314 Magister
956 1206 1022 1313 qui
1036 1224 1128 1283 tunc
1139 1220 1231 1298 erat,
1245 1202 1337 1281 dixit
1346 1205 1452 1311 quod
1464 1232 1543 1283 non
1555 1206 1728 1284 crederet
1734 1206 1841 1313 quod
1851 1206 1933 1312 ipse

509 1339 582 1417 hoc
596 1338 738 1416 diceret
751 1338 824 1414 nisi
838 1353 992 1443 propter
1004 1336 1162 1428 bonum,
1174 1335 1264 1443 quia
1276 1336 1473 1443 sequendo
1485 1336 1687 1415 consilium
1702 1336 1793 1413 dicti
1807 1363 1934 1414 eomes

511 1465 696 1575 [comitet]
713 1468 792 1572 ipse
809 1483 1021 1544 moreretur
1039 1466 1079 1542 in
1093 1464 1214 1573 prelio
1228 1481 1268 1542 et
1282 1463 1477 1572 predictus
1495 1492 1622 1544 eomes
1639 1493 1717 1542 una
1734 1494 1824 1542 cum
1838 1465 1932 1544 aliis.

565 1597 664 1676 Cum
683 1614 810 1674 autem
828 1597 1051 1703 replicatum
1064 1595 1213 1688 luisset,
1232 1595 1338 1704 quod
1353 1594 1521 1702 predicta
1532 1595 1581 1673 ad
1592 1595 1838 1674 salvacionem
1855 1596 1935 1672 ani-

510 1757 659 1806 marum
683 1757 760 1805 non
778 1728 997 1834 proderant,
1019 1728 1087 1806 ubi
1102 1725 1282 1807 catholice
1302 1724 1394 1805 lidei
1414 1726 1544 1804 deerat
1559 1725 1867 1818 fundamentum,
1882 1752 1936 1803 re·

511 1860 663 1964 spondit
677 1860 757 1965 ipse
770 1858 945 1964 Magister
958 1859 1032 1935 hoc
1049 1886 1182 1935 verum
1200 1883 1297 1947 esse,
1314 1871 1353 1932 et
1365 1854 1473 1961 qnod
1482 1855 1563 1962 ipse
1580 1853 1681 1934 bene
1699 1854 1876 1932 credebat
1895 1856 1936 1932 in

511 2017 633 2066 unum
651 1990 793 2080 Deum,
814 2005 854 2064 et
876 1989 915 2063 in
933 1989 1099 2064 trinitate
1117 2013 1380 2092 personarum,
1394 2001 1441 2063 et
1458 1984 1499 2061 in
1517 1986 1599 2064 aliis
1617 1984 1856 2093 pertinenciis
1886 1983 1936 2061 ad

513 2118 732 2193 catholicam
751 2118 886 2207 fidem,
908 2133 947 2192 et
969 2115 1074 2221 quod
1092 2142 1192 2192 unus
1215 2114 1321 2191 Deus
1339 2127 1433 2204 erat,
1454 2130 1494 2192 et
1515 2141 1592 2191 una
1614 2113 1726 2205 fides,
1749 2131 1789 2190 et
1811 2141 1937 2191 unum

511 2244 706 2349 baptisma,
721 2262 760 2322 et
770 2274 847 2322 una
859 2244 1025 2336 eeclesia,
1035 2261 1073 2321 et
1084 2243 1237 2351 quando
1248 2243 1371 2321 anima
1378 2261 1613 2351 separaretur
1623 2273 1645 2321 a
1656 2269 1830 2349 corpore,
1843 2261 1937 2323 tunc

512 2393 706 2480 appareret
719 2375 804 2482 quis
822 2374 947 2452 bonus
966 2374 1103 2480 etquis
1122 2374 1376 2465 maturasset,
1397 2389 1437 2453 et
1453 2372 1616 2482 quilibet
1633 2388 1806 2450 nostrum
1825 2374 1939 2452 sciret

512 2505 704 2582 veritatem
719 2532 852 2583 eorum
867 2503 916 2579 de
935 2502 1077 2609 quibus
1095 2503 1218 2610 agitur
1231 2506 1271 2580 in
1288 2503 1466 2608 presenti.

567 2614 727 2723 Verum,
745 2663 832 2710 cum
850 2661 919 2739 per
938 2632 1106 2710 nobilem
1120 2633 1244 2710 virum
1263 2631 1463 2709 dominum
1476 2628 1729 2711 Guillelmum
1750 2632 1798 2710 de
1816 2635 1939 2741 Noga-

513 2781 594 2840 reto
623 2763 886 2840 cancellarium
904 2765 1069 2873 regium,
1088 2762 1156 2868 qaxi
1179 2778 1442 2867 supervenerat
1460 2780 1546 2868 post
1573 2764 1857 2869 responsionem
1882 2763 1938 2841 sa-

516 2909 612 2967 ctam
626 2919 695 2997 per
714 2892 857 2968 dictum
871 2893 1091 2997 Magistrum
1109 2890 1214 2998 quod
1230 2888 1383 2969 nolebat
1398 2889 1506 2970 aliter
1521 2891 1724 2970 defendere
1743 2921 1857 2998 quam
1875 2922 1938 2972 su-

514 3023 763 3127 prascriptum
802 3021 917 3098 luerit
954 3024 1128 3101 ordinem
1158 3022 1430 3128 supradictum,
1461 3021 1596 3102 fuisset
1636 3024 1779 3102 dictum
1809 3024 1937 3102 eidem

516 3149 708 3255 Magistro,
735 3151 839 3258 quod
856 3151 897 3227 in
912 3152 1085 3243 cronicis,
1105 3179 1180 3259 que
1196 3170 1301 3230 erant
1314 3152 1416 3258 apud
1429 3170 1602 3242 sanctum
1612 3154 1842 3247 Dionisium‚
1857 3183 1940 3233 con

516 3280 706 3359 tinebatur
725 3282 829 3389 quod
847 3300 1017 3387 tempore
1043 3282 1226 3374 saladini,
1243 3281 1389 3359 soldani
1408 3283 1620 3372 Babilonie‚
1642 3287 1818 3391 Magister
1836 3288 1940 3364 ordi·

518 3412 575 3488 nis
589 3413 739 3518 Templi
758 3412 824 3518 qui
837 3429 929 3489 tunc
947 3429 1040 3503 erat,
1063 3429 1101 3488 et
1114 3411 1176 3488 alii
1192 3410 1351 3517 majores
1366 3412 1485 3517 ipsius
1500 3412 1658 3504 ordinis,
1678 3411 1842 3490 fecerant
1867 3416 1939 3492 ho-

519 3542 685 3645 magium
714 3541 783 3646 ipsi
809 3541 1001 3632 Saladino,
1022 3558 1061 3617 et
1083 3541 1188 3647 quod
1211 3540 1315 3618 idem
1334 3539 1550 3635 Srladinus,
1571 3542 1697 3620 audita
1716 3542 1938 3622 adversitate

520 3697 652 3776 magna
670 3699 784 3777 quam
800 3671 888 3747 dicti
914 3669 1117 3775 Templarii
1142 3686 1234 3746 tunc
1256 3671 1353 3776 passi
1374 3669 1538 3765 fuerant,
1561 3671 1702 3749 dixerat
1725 3671 1764 3747 in
1783 3672 1940 3777 publico

519 3802 705 3906 predictos
723 3803 957 3909 Templarios
975 3800 1088 3878 luisse
1108 3799 1245 3878 dictam
1265 3803 1524 3881 adversitatem
1541 3825 1753 3910 perpessos,
1780 3804 1869 3911 quia
1887 3808 1941 3881 vi-

521 3931 577 4008 cio
597 3932 828 4010 sodomitico
847 3929 1079 4022 laborabant,
1103 3948 1143 4008 et
1157 3932 1246 4038 quia
1261 3931 1379 4009 {idem
1399 3962 1506 4012 suam
1525 3951 1565 4012 et
1577 3932 1703 4041 legem
1722 3935 1940 4042 prevaricati

520 4057 666 4139 fuerant
679 4063 881 4154 3-dictus
894 4061 1068 4168 Magister
1091 4059 1163 4140 luit
1181 4090 1226 4141 ex
1242 4063 1421 4170 predictis
1442 4062 1566 4144 verbis
1584 4065 1793 4174 plurimum
1811 4081 1940 4168 stupe-

522 4184 653 4277 factus,
675 4194 801 4270 dicens
819 4193 924 4301 quod
942 4221 1137 4302 nunquam
1151 4222 1271 4302 usque
1290 4209 1382 4271 tunc
1403 4193 1477 4270 dici
1500 4195 1692 4273 audiverat
1709 4192 1938 4298 supradicta,

522 4316 589 4395 sed
619 4335 745 4397 tamen
768 4322 864 4399 bene
894 4322 1048 4410 sciebat,
1069 4326 1190 4430 quod,
1221 4351 1267 4402 eo
1295 4323 1474 4401 existente
1501 4323 1602 4399 ultra
1626 4349 1746 4412 mare,
1767 4337 1940 4429 tempore

523 4476 599 4554 quo
615 4468 694 4529 erat
711 4453 885 4559 Magister
899 4451 987 4528 dicti
1003 4450 1144 4529 ordinis
1162 4452 1275 4531 frater
1288 4448 1516 4533 Guillelmus
1535 4450 1583 4527 de
1610 4449 1716 4527 Bello
1736 4451 1842 4544 JocO,
1860 4453 1940 4558 ipse

523 4575 681 4654 lacobus
693 4594 732 4654 et
743 4580 854 4654 multi
867 4580 998 4659 [ratres
1012 4581 1074 4658 alii
1089 4581 1136 4657 de
1152 4601 1336 4661 conventu
1346 4579 1603 4690 predictorum
1617 4580 1937 4686 Templariorrun,

518 4701 692 4807 juvenes,
712 4732 867 4810 gueram
898 4727 1129 4811 appetentes,
1154 4710 1249 4789 sicut
1272 4712 1388 4791 moris
1406 4726 1464 4789 est
1482 4708 1647 4790 militum
1664 4711 1851 4818 'juvenum
1871 4713 1937 4816 qui

524 4832 654 4911 volunt
678 4835 803 4913 videre
834 4836 880 4914 de
911 4835 1015 4918 lactis
1040 4868 1246 4935 armorum,
1269 4861 1307 4921 et
1335 4842 1452 4923 eciam
1471 4842 1533 4922 alii
1564 4843 1727 4950 quinon
1760 4859 1863 4920 erant
1881 4842 1938 4918 ‘de
