4080 6052
693 516 890 607 Pnocts
917 536 1011 606 nes
1036 537 1336 608 runrtnaas.
1672 543 1718 614 st

365 678 453 756 Acta
477 677 632 754 fuerunt
657 677 728 752 bec
753 675 931 780 predictis
956 675 1016 751 die
1045 692 1082 752 et
1105 674 1205 762 loco,
1231 677 1469 781 presentibus
1497 707 1558 755 me
1581 681 1722 758 Floria-

309 819 435 886 monte
455 805 654 886 Dondedei
676 821 714 881 et
734 803 814 881 aliis
834 804 987 881 notariis
1006 833 1119 910 supra
1135 805 1306 911 proximo
1327 806 1538 882 nominatis.

361 1070 451 1145 Post
474 1071 560 1158 bec,
588 1067 649 1145 die
668 1066 824 1146 Veneris
848 1066 1037 1171 sequenti,
1064 1095 1139 1172 que
1165 1065 1237 1145 fuit
1261 1067 1452 1148 vicessima
1479 1066 1560 1144 dies
1571 1066 1722 1144 mensis

305 1196 518 1285 Februarii,
546 1211 798 1272 convenerunt
820 1195 859 1269 in
890 1223 1034 1271 camera
1058 1195 1261 1273 adherente
1287 1181 1384 1272 dicte
1409 1195 1493 1272 aule
1523 1197 1721 1304 episcopali

306 1325 465 1430 predicti
486 1353 616 1402 omnes
640 1323 783 1399 domini
805 1324 1059 1400 commissarii.
1081 1326 1129 1401 Et
1146 1324 1338 1429 predictus
1357 1324 1470 1401 frater
1489 1325 1719 1416 Ponzardus,
1752 1299 1765 1313 i

306 1455 439 1531 iterato
458 1455 611 1530 veniens
629 1480 753 1529 coram
771 1453 845 1542 eis,
867 1453 958 1530 dixit
979 1482 1018 1530 se
1035 1452 1129 1529 velle
1148 1452 1350 1530 defendere
1370 1453 1511 1529 dictum
1530 1453 1718 1543 ordinem,

306 1602 344 1659 et
360 1602 583 1689 protestatus
600 1583 673 1659 fuit
690 1584 737 1659 de
755 1583 966 1660 racionibus
985 1583 1078 1672 suis,
1098 1564 1181 1659 loco
1203 1600 1240 1660 et
1258 1600 1427 1687 tempore
1451 1585 1718 1686 proponendis.

360 1714 453 1791 Item
479 1733 517 1791 et
539 1713 705 1820 prefatus
729 1712 843 1789 frater
866 1712 911 1792 G.
939 1710 986 1789 de
1012 1715 1110 1792 caus
1146 1712 1254 1790 miles
1282 1712 1534 1788 Ruthenensis
1564 1713 1721 1791 diocesis

305 1871 426 1921 coram
446 1843 553 1921 dictis
570 1842 733 1921 dominis
750 1843 1011 1922 commissariis
1028 1860 1112 1952 ante
1134 1843 1260 1919 omnia
1275 1858 1512 1947 protestatur,
1532 1841 1637 1947 quod
1653 1871 1721 1946 per

305 2001 347 2048 ea
367 2004 440 2079 que
462 1973 561 2050 dicet
579 2002 647 2049 seu
663 1989 853 2077 proponet
871 2001 997 2048 coram
1017 1972 1179 2048 dominis
1199 1971 1461 2048 commissariis
1481 1971 1717 2076 supradietis,

305 2129 382 2177 non
402 2102 564 2180 intendit
583 2102 725 2207 aliquid
745 2129 946 2178 erroneum
967 2102 1167 2191 sustinere,
1189 2131 1259 2178 nec
1278 2101 1399 2178 facere
1419 2129 1489 2177 nec
1509 2102 1633 2178 dicere
1654 2103 1719 2177 ali-

305 2261 472 2337 quaque
492 2248 645 2336 possent
663 2258 743 2307 esse
763 2231 820 2307 vel
841 2230 1024 2307 deberent
1048 2248 1175 2307 eontra
1194 2230 1387 2308 ecclesiam
1406 2235 1628 2319 Romanam,
1651 2259 1718 2308 nec

305 2376 434 2435 eontra
459 2359 658 2434 dominum
687 2374 859 2434 nostrum
887 2359 1041 2460 Papam,
1072 2386 1142 2433 nec
1168 2376 1296 2433 contra
1323 2359 1520 2434 dominum
1547 2376 1717 2436 nostrum

304 2491 443 2595 Regem
460 2490 690 2563 Francorum
712 2514 779 2562 seu
802 2513 934 2562 eornm
957 2485 1093 2570 curias,
1112 2485 1180 2561 sed
1202 2485 1248 2562 ad
1272 2487 1551 2563 excusacionem
1574 2504 1612 2562 et
1633 2517 1720 2563 eon-

304 2595 555 2695 servaeionem
570 2616 667 2722 juris
684 2614 756 2691 sibi
781 2615 1026 2719 competentis
1044 2614 1102 2690 uel
1122 2615 1375 2718 competituri,
1396 2614 1547 2692 dixit-ea
1566 2647 1640 2724 que
1663 2646 1719 2693 se·

305 2764 484 2854 quuntur,
503 2764 541 2823 et
553 2745 751 2851 proposuit
765 2743 869 2851 quod
884 2745 1016 2819 citacio'
1027 2772 1094 2819 seu
1109 2743 1354 2850 interrogacio
1370 2743 1463 2820 facta
1482 2745 1520 2819 in
1540 2747 1718 2824 citacione

306 2895 361 2954 est
374 2878 539 2982 penitus,
557 2876 682 2983 quoad
695 2876 835 2980 ipsum,
853 2872 996 2956 inutilis
1011 2890 1048 2950 et
1062 2873 1197 2962 inanis,
1212 2900 1281 2949 nec
1298 2873 1376 2978 ipse
1390 2892 1516 2979 posset
1526 2875 1646 2953 facere
1661 2906 1719 2952 re-

305 3008 544 3112 sponsionem
564 3007 727 3112 aliquam
747 3005 843 3082 dicte
862 3004 1029 3080 citacioni
1051 3033 1118 3081 seu
1133 3005 1434 3111 interrogacioni,
1452 3006 1523 3082 nisi
1543 3006 1715 3084 inutilem

307 3154 344 3214 et
361 3138 521 3227 inanem,
542 3153 579 3213 et
596 3136 699 3242 quod
716 3135 864 3211 nullum
882 3134 1078 3212 sortiretur
1095 3134 1282 3225 effectum,
1300 3138 1387 3243 quia
1404 3137 1525 3241 posito
1544 3139 1622 3215 sine
1640 3168 1719 3243 pre-

301 3266 447 3373 judicio
470 3267 574 3372 quod
594 3267 672 3370 ipse
695 3265 808 3342 vellet
830 3264 952 3341 dicere
971 3294 1009 3341 se
1027 3264 1121 3341 velle
1144 3265 1347 3343 defendere
1369 3266 1589 3372 religionem
1606 3270 1718 3344 Tem-

306 3396 373 3500 pli,
394 3395 487 3473 velle
506 3424 617 3472 suum
636 3395 785 3470 nullum
804 3412 915 3482 esset,
936 3394 1135 3500 quiaillud
1154 3395 1258 3500 quod
1276 3395 1431 3471 deberet
1449 3396 1653 3500 procedere
1675 3425 1718 3469 er

306 3554 411 3602 mero
437 3553 504 3600 sue
528 3524 728 3600 voluntatis
753 3523 924 3609 arbitrio,
946 3551 1022 3600 non
1047 3541 1173 3628 posset
1197 3522 1375 3628 compleri
1401 3524 1440 3598 in
1464 3540 1561 3600 statu
1582 3525 1621 3600 in
1642 3553 1717 3629 quo

306 3655 383 3758 ipse
404 3671 473 3742 est,
496 3681 565 3759 pro
591 3681 636 3729 eo
656 3651 760 3758 quod
785 3668 840 3728 est
864 3670 1007 3756 captus,
1034 3670 1070 3728 et
1089 3652 1335 3728 incarceratus
1356 3669 1393 3728 et
1412 3652 1450 3726 in
1470 3653 1633 3756 prisione
1654 3654 1719 3727 fir-

306 3800 402 3859 mata
418 3784 607 3872 detentus,
624 3799 662 3858 et
675 3782 786 3858 bonis
800 3783 948 3887 Templi
963 3783 1113 3887 penitus
1128 3781 1306 3886 spoliatus
1320 3800 1358 3858 et
1372 3782 1595 3859 denudatus.
1610 3782 1718 3858 Unde

307 3913 401 3988 dixit
418 3937 457 3985 se
478 3937 555 3985 non
574 3939 681 4013 posse
701 3911 839 3987 babere
859 3911 1071 3989 libertatern
1091 3940 1214 4017 neque
1234 3910 1446 3988 facultatem
1465 3910 1717 4016 prosequendi

305 4042 455 4118 racione
474 4038 657 4144 predicta,
679 4041 862 4142 quianon
888 4059 943 4116 est
962 4043 1138 4117 dominus
1158 4041 1216 4116 sui
1236 4041 1370 4144 ipsius,
1392 4041 1475 4129 sed,
1498 4042 1527 4115 si
1555 4057 1651 4117 esset
1674 4041 1719 4116 li-

307 4172 457 4250 beratus
483 4186 521 4244 et
542 4167 737 4244 restitutus
759 4168 807 4242 ad
826 4169 992 4271 predicta
1008 4168 1124 4254 bona,
1142 4166 1302 4242 libenter
1323 4197 1391 4272 per
1409 4169 1505 4243 viam
1520 4169 1618 4276 juris
1638 4199 1719 4276 pro-

309 4301 457 4377 cederet
472 4286 603 4373 ceram
614 4295 756 4372 eisdem
772 4296 934 4372 dominis
949 4295 1226 4384 commissariis,
1244 4295 1274 4370 si
1289 4296 1452 4400 placeret
1466 4326 1613 4375 summo
1628 4300 1720 4375 Pon-

307 4408 398 4505 tifici
424 4445 460 4504 et
484 4427 638 4503 domino
665 4442 793 4501 nostro
818 4426 924 4530 Regi,
952 4443 989 4502 et
1014 4440 1161 4501 tantum
1187 4426 1445 4530 responderet,
1473 4429 1552 4504 sine
1580 4429 1719 4505 offensa

311 4588 459 4647 eorum,
482 4556 584 4662 quod
604 4556 651 4633 de
666 4556 753 4662 jure
774 4555 944 4633 sufficere
963 4556 1133 4643 deberet,
1152 4554 1275 4631 taliter
1294 4557 1398 4662 quod
1417 4575 1570 4664 propter
1590 4559 1720 4636 deffec-

309 4707 391 4766 tum
411 4715 523 4764 suum
542 4684 673 4792 religio
693 4685 840 4790 Templi
861 4684 1010 4761 nullum
1028 4701 1217 4790 pateretur
1237 4685 1516 4763 detrimentum.

364 4822 506 4896 Tamen
530 4832 756 4922 protestatur
785 4815 831 4891 de
862 4817 1038 4893 omnibus
1062 4814 1140 4892 suis
1163 4815 1392 4905 racionibus,
1420 4817 1717 4903 defensionibus,

393 4954 496 5015 enoris
517 4974 568 5016 urs
590 4973 758 5014 retrectans.
772 4974 845 5012 -1.
1515 4978 1545 5015 ιι
