4080 6052
520 545 588 616 roo
900 524 1094 616 raucas
1120 542 1214 614 ons
1239 541 1544 616 rrurmrns.

510 683 652 761 faciunt
665 699 704 760 et
717 699 875 787 possunt
886 681 1008 760 facere
1024 681 1073 759 ad
1081 681 1359 774 defensionem,
1375 700 1517 759 statum
1532 697 1572 758 et
1584 679 1772 757 honorem
1789 681 1939 790 religio

499 815 573 892 *nis
588 813 775 920 predicte,
796 831 836 891 et
854 815 885 890 si
905 815 999 921 quid
1021 815 1258 922 porrigerent
1274 813 1333 890 vel
1348 812 1519 891 dicerent
1531 811 1636 920 quod
1652 827 1781 918 posset
1795 811 1838 887 in
1852 832 1937 919 prs-

513 944 586 1022 fate
604 944 797 1050 religionis
812 943 1065 1050 prejudicium
1082 943 1141 1020 vel
1167 943 1409 1050 dispendium
1428 942 1658 1034 redundare,
1684 940 1794 1019 nullo
1818 944 1934 1023 modo

514 1074 772 1162 nomenoium,
789 1075 857 1151 sed
870 1091 1006 1182 petunt
1021 1093 1057 1152 et
1076 1074 1209 1152 volunt
1227 1074 1332 1181 qnod
1349 1074 1506 1151 omuino
1515 1075 1569 1151 sit
1587 1073 1736 1150 irritum
1758 1090 1796 1149 et
1810 1073 1931 1152 inane.

568 1210 679 1297 Item,
697 1223 953 1314 protestantur
970 1207 1123 1315 quodsi
1140 1207 1266 1314 aliqua
1286 1206 1462 1283 dixerunt
1483 1204 1615 1282 fratres
1624 1203 1790 1310 Templi,
1804 1205 1936 1284 dicunt
1974 1314 1976 1317 Ι

513 1337 570 1414 vel
591 1338 753 1414 dixerint
768 1337 810 1412 in
825 1336 1017 1429 futurum,
1031 1336 1213 1442 quamdiu
1233 1354 1346 1414 erunt
1364 1335 1554 1425 carcerati,
1576 1352 1705 1411 contra
1723 1361 1763 1411 se
1780 1335 1882 1439 ipsos
1898 1353 1937 1413 et

513 1468 687 1545 ordinem
704 1466 854 1572 Templi
864 1527 873 1556 ,
883 1493 972 1544 -nou
981 1467 1220 1573 prejudicent
1236 1467 1362 1544 ordini
1376 1466 1562 1572 predicte,
1580 1494 1666 1542 cum
1686 1465 1878 1543 notorium
1889 1466 1937 1543 sit

512 1597 616 1702 quod
636 1595 751 1672 coacti
770 1612 808 1672 et
822 1596 1027 1702 compulsi,
1049 1613 1114 1672 aut
1126 1597 1272 1701 compti
1288 1623 1419 1702 prece,
1441 1595 1566 1702 precio
1583 1594 1642 1671 vel
1657 1594 1809 1687 timore,
1835 1595 1937 1672 dixe-

396 1790 401 1796 .
512 1724 669 1802 ruutvel
685 1725 825 1817 dicent,
848 1743 887 1802 et
900 1743 1154 1832 protestantur
1173 1727 1279 1832 quod
1298 1727 1347 1803 de
1360 1725 1540 1831 predictis
1560 1725 1750 1803 docebunt
1766 1753 1836 1802 suo
1851 1725 1934 1804 loco

514 1870 551 1930 et
566 1871 754 1960 tempore,
774 1884 860 1931 cum
876 1856 988 1961 plena
1000 1856 1195 1933 securitate
1212 1855 1432 1961 gaudebunt
1449 1872 1487 1930 et
1501 1855 1550 1931 ad
1562 1854 1720 1959 plenum
1739 1853 1877 1931 suerint
1892 1854 1935 1931 iu

512 1986 701 2091 integrum
720 1987 893 2063 restituti.

568 2117 678 2203 Item,
700 2132 834 2221 petunt
854 2117 959 2224 quod
976 2148 1108 2196 omnes
1121 2119 1252 2197 fratres
1272 2121 1360 2196 dicti
1381 2121 1536 2211 ordinis,
1555 2122 1640 2226 qui,
1657 2120 1788 2196 relicto
1805 2119 1932 2196 habitu

513 2244 688 2333 seculari,
714 2266 978 2325 conversantur
1003 2251 1202 2326 inhoneste
1221 2249 1261 2325 iu
1285 2230 1532 2357 opprobrium
1560 2251 1659 2329 dicte
1680 2249 1873 2355 religionis
1899 2267 1935 2325 et

512 2374 675 2452 Ecclesia
693 2393 832 2470 sancte,
850 2395 1037 2483 ponantur
1054 2380 1094 2454 in
1109 2408 1225 2457 manu
1238 2380 1420 2474 Ecclesie,
1437 2381 1508 2458 sub
1524 2379 1600 2471 lida
1616 2381 1801 2467 custodia,
1815 2380 1936 2456 donec

513 2505 704 2612 cognitum
721 2503 836 2582 suerit
849 2525 980 2584 utrum
1000 2506 1135 2586 salsum
1154 2510 1213 2586 vel
1230 2537 1361 2586 verum
1382 2511 1646 2616 perhibuerint
1663 2510 1934 2586 testimonium.

567 2637 678 2727 Item,
693 2653 844 2742 petunt,
861 2638 1071 2744 supplicant
1081 2656 1119 2715 et
1127 2640 1327 2744 requirunt
1340 2639 1461 2744 quod,
1472 2639 1787 2743 quandocumque
1805 2640 1938 2717 fratres

513 2767 628 2872 aliqui
653 2766 983 2859 examinabuntur,
1007 2768 1136 2845 nullus
1154 2767 1279 2874 laycus
1301 2768 1448 2844 intersit
1468 2767 1533 2872 qui
1556 2795 1619 2844 eos
1640 2767 1759 2871 possit
1784 2768 1934 2857 audire,

512 2894 571 2972 vel
586 2894 657 2970 alia
668 2923 827 2999 persona
840 2899 887 2974 de
903 2928 977 3005 qua
985 2898 1131 3004 possint
1141 2898 1276 2975 merito
1293 2896 1482 2988 dubitare,
1498 2923 1568 2972 nec
1587 2914 1759 3003 pretextu
1780 2898 1936 3004 alicujus

512 3025 665 3102 terroris
682 3026 741 3102 vel
760 3027 924 3120 timoris,
946 3027 1084 3105 salsitas
1102 3029 1222 3135 possit
1236 3028 1392 3134 exprimi
1406 3026 1465 3103 vel
1479 3026 1825 3113 veritas‘occultari,
1849 3029 1934 3132 quia

513 3185 644 3233 omnes
664 3140 793 3240 fratres
811 3158 1034 3264 generaliter
1047 3175 1136 3235 sunt
1152 3175 1257 3235 tanto
1272 3158 1409 3234 timore
1425 3175 1463 3234 et
1473 3159 1814 3263 terrorepercussi,
1832 3158 1934 3263 quod

513 3316 590 3364 non
612 3304 666 3364 est
685 3288 900 3365 mirandum
915 3289 1081 3395 quodam
1100 3289 1216 3365 modo
1237 3288 1284 3364 de
1306 3288 1380 3366 hiis
1399 3288 1465 3394 qui
1485 3289 1741 3376 menciuntur,
1761 3289 1827 3363 sed
1851 3287 1934 3393 plus

513 3418 560 3494 de
588 3419 661 3496 hiis
681 3419 745 3525 qui
772 3420 957 3497 sustinent
975 3422 1188 3508 veritatem,
1209 3418 1665 3496 videndotribulaciones
1695 3436 1732 3493 ot
1751 3418 1934 3525 angustias

512 3577 604 3654 quas
619 3549 795 3625 continue
810 3550 961 3626 veridici
975 3551 1181 3655 patiuntur,
1200 3567 1236 3626 et
1250 3551 1370 3626 minas
1386 3567 1424 3625 et
1438 3548 1684 3625 contumelias
1701 3566 1738 3623 et
1753 3547 1822 3622 alia
1841 3547 1933 3622 mula

511 3707 585 3784 que
607 3679 742 3753 cotidie
763 3680 958 3767 sustinent,
983 3698 1020 3755 et
1042 3679 1157 3767 bona,
1180 3681 1337 3756 comoda
1357 3698 1393 3756 et
1413 3679 1563 3757 delicias
1585 3709 1625 3754 ac
1640 3679 1830 3754 libertates
1845 3703 1933 3783 quas

512 3808 653 3885 hahent
685 3807 858 3900 falsidici,
886 3826 924 3885 et
954 3837 1087 3916 magna
1112 3811 1296 3914 promissa
1323 3838 1397 3917 que
1426 3810 1496 3886 sibi
1525 3810 1662 3886 cotidie
1691 3806 1798 3884 fiunt.
1829 3808 1932 3884 Unde

513 3939 606 4015 mira
628 3966 689 4015 res
710 3957 747 4015 et
770 3938 908 4016 sorcius
927 3939 1112 4044 stupenda
1131 3940 1309 4018 omnibus
1328 3940 1434 4046 quod
1453 3939 1574 4046 major
1596 3936 1690 4015 fides
1709 3937 1935 4013 adhibeatur

512 4068 755 4146 mendacibus
767 4068 841 4146 illis
860 4069 926 4176 qui
939 4069 991 4146 sic
1003 4070 1149 4176 corupti
1163 4069 1250 4146 11111
1266 4070 1514 4147 testificantur
1528 4070 1575 4146 ad
1591 4069 1788 4146 utilitatem
1805 4094 1935 4170 corpo·

512 4224 613 4285 rum,
629 4229 742 4304 quam
761 4200 834 4276 illis
856 4199 940 4307 [qur]
959 4217 1137 4308 tanquam
1158 4200 1296 4278 Christi
1321 4201 1508 4284 martires,
1522 4200 1561 4274 in
1575 4197 1770 4275 tormentis
1784 4222 1852 4299 pro
1872 4223 1933 4270 ve·

513 4328 620 4403 ritate
652 4330 869 4408 sustinenda
902 4359 987 4407 cum
1011 4331 1135 4436 palma
1166 4331 1322 4407 martirii
1353 4331 1610 4421 decesserunt,
1639 4346 1676 4405 et
1695 4327 1811 4403 eciam
1825 4327 1935 4431 ‘quod
2016 4326 2021 4339 '

512 4459 643 4565 majori
665 4479 702 4536 et
726 4462 862 4538 saniori
887 4461 982 4566 parti
1001 4461 1211 4554 vivencium
1230 4460 1314 4569 [qui]
1335 4489 1406 4566 pro
1430 4461 1508 4567 ipsa
1526 4461 1680 4536 veritate
1701 4457 1931 4540 sustinenda,

513 4587 590 4661 sola
610 4606 765 4694 urgente
791 4591 1034 4681 consciencia,
1060 4608 1118 4667 tot
1139 4609 1341 4683 tormenta,
1366 4619 1503 4697 penas,
1524 4589 1792 4667 tribulaciones
1814 4605 1854 4662 et
1870 4615 1929 4662 au·

513 4715 669 4819 gustias,
692 4714 935 4821 improperia,
958 4721 1183 4798 calamitates
1207 4739 1245 4798 et
1268 4723 1436 4799 miserias
1454 4721 1553 4827 passi
1577 4719 1732 4796 suerunt
1748 4735 1785 4795 et
1805 4719 1843 4793 in
1858 4744 1932 4792 car·

513 4843 662 4923 ceribus
684 4844 821 4923 cotidie
840 4848 1050 4950 paciuntur.
