4080 6052
306 542 378 613 rra
689 515 884 609 anocts
910 533 1004 605 nas
1030 529 1336 603 ratramnus.

303 710 372 759 nec
390 681 541 765 fierent,
562 704 633 753 nec
655 675 749 751 vidit
767 672 850 753 fieri
875 672 916 748 in
942 668 1225 776 recepcionibus
1245 666 1384 774 quibus
1401 661 1539 743 adluit.
1560 667 1727 775 Reqnisi-

303 829 365 890 tus
395 838 490 917 quos
516 806 701 914 receperit
726 805 806 911 ipse
832 804 874 880 in
901 801 1051 892 ordine,
1080 800 1275 908 respondit
1301 798 1408 906 quod
1436 796 1564 902 primo
1589 802 1725 908 recepit

305 940 436 1018 fratres
456 941 608 1016 Petrum
629 936 770 1014 dictum
789 933 922 1012 Lovier
942 948 980 1010 et
998 933 1151 1011 Petrum
1170 932 1210 1025 lo
1229 930 1385 1035 Bergier
1402 927 1618 1021 servientes,
1638 927 1721 1008 dio-

285 1070 399 1147 -cesis
416 1067 672 1155 bituricensis,
688 1067 726 1143 in
744 1066 859 1143 domo
876 1060 1024 1169 Templi
1045 1062 1092 1139 de
1111 1060 1277 1140 lussiaco
1297 1060 1333 1137 le
1346 1057 1544 1139 Cbandier
1557 1057 1716 1167 ejudem

308 1200 480 1290 diocesis,
509 1201 616 1307 cujus
640 1199 776 1277 domus
803 1197 882 1304 ipse
906 1195 1012 1273 testis
1038 1211 1130 1271 tunc
1163 1210 1242 1269 erat
1270 1207 1482 1298 preceptor,
1507 1206 1599 1267 stmt
1623 1190 1718 1268 circi·

306 1351 364 1415 ter
382 1360 445 1410 ιιιιι
463 1332 566 1420 anni,
586 1330 825 1436 presentibus
842 1326 1020 1404 fratribus
1038 1326 1207 1404 Johanne
1231 1323 1279 1401 de
1297 1325 1453 1401 Manaoo
1477 1320 1538 1399 vel
1557 1321 1604 1398 de
1623 1320 1722 1429 Aqua

307 1462 441 1568 Sparsa
462 1459 687 1566 presbitero,
706 1456 963 1567 Raynaldode
983 1456 1118 1534 Bordis
1138 1454 1426 1560 subpreceptore
1451 1451 1551 1530 dicte
1577 1452 1720 1539 domun

183 1661 187 1667 .
308 1591 498 1697 Stephano
525 1589 572 1667 de
592 1590 629 1666 la
647 1593 741 1667 Losa
763 1586 957 1693 Bergerio,
978 1587 1168 1693 Stephano
1187 1583 1375 1672 Vessardi,
1395 1582 1568 1661 lohanne
1581 1582 1622 1661 lo
1638 1585 1722 1660 ber

307 1722 399 1828 gier,
420 1721 486 1827 qui
506 1720 677 1797 vivebant
694 1736 864 1826 tempore
884 1745 962 1825 quo
983 1717 1104 1793 dictus
1121 1717 1227 1793 testis
1244 1731 1374 1821 captus
1386 1713 1535 1802 ¹fuit,·et
1550 1712 1720 1791 aliisdef·

307 1851 460 1944 sunctis3
479 1850 621 1957 recepit
638 1851 755 1927 eciam
772 1849 926 1926 fratrem
948 1849 1182 1953 Stephanum
1201 1845 1318 1924 Brolii
1338 1844 1502 1923 diocesis
1520 1843 1721 1924 Clutimon·
1775 1840 1781 1851 ’

307 1983 440 2070 tensis,
469 1982 508 2056 in
529 1981 668 2087 capella
691 1981 827 2056 domus
846 1978 996 2085 Templi
1023 1977 1070 2055 de
1095 1979 1254 2089 Chamat
1275 1976 1447 2083 ejusdem
1467 1973 1643 2067 diocesis,
1667 1974 1723 2053 die

310 2112 409 2187 Jovis
433 2129 517 2188 ante
537 2111 820 2215 carnisprivium
838 2110 979 2186 instans
1003 2125 1114 2185 erunt
1132 2125 1215 2185 octo
1237 2109 1324 2184 anni
1346 2106 1405 2183 vel
1423 2106 1538 2198 circs,
1558 2106 1608 2184 de
1629 2135 1724 2184 man-

311 2241 397 2317 dato
416 2241 646 2347 preceptoris
664 2239 834 2332 Francie,
855 2238 1094 2345 presentibus
1113 2238 1291 2315 fratribus
1314 2237 1485 2315 Gollerio
1506 2237 1722 2344 presbitero,

309 2373 418 2448 Petro
437 2373 553 2450 Brolii
577 2389 794 2479 preceptore
816 2370 913 2447 dicte
934 2372 1088 2458 domus,
1108 2388 1146 2447 et
1159 2368 1379 2458 Bonasorso,
1398 2368 1447 2447 de
1471 2397 1640 2476 quorum
1661 2369 1725 2449 vitt

309 2502 366 2579 vel
384 2519 506 2579 morte
524 2531 602 2580 non
617 2501 1023 2592 habetcertitudinem3
1040 2501 1181 2607 recepit
1195 2501 1312 2577 eciam
1323 2499 1725 2579 fratremGuillelruum

310 2633 463 2711 Arnaldi
500 2635 724 2712 servientem
756 2632 915 2709 diocesis
943 2632 1275 2721 Claramonteusis‚
1301 2632 1342 2708 in
1369 2631 1486 2709 domo
1511 2632 1659 2739 Templi
1681 2632 1725 2709 de

309 2763 420 2842 Sellis
436 2765 751 2844 Claramontensis
768 2762 942 2852 diocesis,
959 2764 1002 2839 -in
1017 2764 1187 2854 eeclesia,
1206 2765 1246 2839 in
1261 2764 1424 2841 instante
1438 2763 1722 2870 Quadragesima

310 2912 422 2970 erunt
447 2923 496 2973 vu
518 2896 577 2972 vel
602 2923 665 2975 ιιιι
688 2894 791 2983 anni,
809 2894 1048 3001 presentibus
1066 2892 1243 2971 fratribus
1257 2892 1482 2983 Guillclm0‚
1496 2911 1583 2971 turm
1599 2908 1723 2970 errato

312 3020 408 3098 dicte
429 3023 583 3112 domus,
604 3023 812 3102 Guillelrno
830 3023 938 3115 Abri,
955 3022 1162 3102 Guillelmo
1184 3024 1232 3099 de
1249 3023 1447 3129 l'Espinata
1468 3023 1722 3114 servientibus,

313 3166 350 3225 et
376 3150 518 3226 audivit
543 3153 616 3228 dici
640 3152 745 3257 quod
770 3153 891 3229 dictus
915 3153 1028 3231 frater
1053 3153 1284 3231 Guillclmus
1312 3153 1476 3261 Aynardi
1500 3153 1661 3244 obierat,
1682 3153 1727 3231 de

313 3279 474 3356 aliorum
499 3283 572 3359 vita
595 3282 653 3357 vel
678 3299 799 3358 morte
825 3285 1089 3360 certitudinem
1115 3314 1189 3361 non
1213 3285 1369 3362 habens.
1396 3285 1610 3393 Requisitus
1637 3312 1729 3391 quos

311 3410 451 3487 viderat
468 3413 601 3518 recipi,
619 3413 711 3488 dixit
730 3414 835 3518 quod
855 3413 952 3490 ultra
972 3443 1073 3490 mare
1090 3416 1129 3490 in
1142 3417 1260 3504 Acon,
1275 3417 1315 3491 in
1331 3416 1411 3493 loco
1429 3416 1562 3519 inquo
1581 3417 1727 3491 teneba-

309 3559 372 3617 tur
396 3544 602 3648 capitulum
622 3573 771 3632 eorum,
797 3544 890 3620 vidit
907 3545 1068 3650 quadam
1086 3547 1147 3622 die
1168 3547 1378 3638 Dominica,
1397 3560 1481 3622 sunt
1506 3562 1549 3620 ut
1573 3544 1725 3620 extimat

310 3673 447 3777 vigenti
463 3704 525 3751 sex
544 3676 631 3750 anni
650 3675 708 3752 vel
729 3676 839 3766 circa,
863 3677 976 3782 recipi
998 3677 1036 3753 in
1056 3676 1209 3752 fratrem
1229 3678 1373 3755 ordinis
1390 3675 1537 3753 fratrem
1553 3675 1727 3752 Ronceli·

310 3830 404 3880 num
428 3805 605 3891 militem,
625 3807 672 3882 de
698 3807 882 3912 provincia
906 3808 1115 3891 Provincie,
1143 3836 1211 3912 per
1237 3808 1388 3886 fratrem
1413 3806 1664 3885 Guillelmum
1683 3807 1727 3883 de

309 3934 414 4012 Bello
433 3937 537 4023 loco,
559 3953 650 4012 tunc
674 3964 853 4042 magnum
875 3938 1093 4042 Magistrum
1115 3939 1272 4031 ordinis,
1293 3938 1535 4044 presentibus
1556 3936 1727 4014 fratribus

308 4065 530 4143 Theobaldo
555 4066 677 4144 Gandi
703 4083 920 4171 preceptore
945 4085 1045 4145 terre
1069 4069 1311 4147 ultramarine
1334 4088 1371 4146 et
1391 4070 1569 4176 magistro
1585 4067 1725 4174 Templi

308 4195 372 4298 qui
394 4225 495 4273 nunc
520 4217 591 4286 est,
614 4200 723 4275 Petro
750 4197 798 4275 de
824 4200 951 4276 Severi
983 4201 1172 4305 draperio,
1192 4204 1302 4278 Petro
1328 4203 1375 4278 de
1403 4202 1582 4279 Montade
1607 4227 1726 4306 prece·

307 4342 412 4428 ptore
435 4327 637 4417 Aconensi,
659 4329 853 4405 Florencio
875 4330 921 4406 de
939 4331 1037 4409 Villa
1055 4333 1155 4408 socio
1174 4350 1265 4409 tunc
1284 4334 1371 4410 dicti
1388 4333 1572 4440 magistri,
1594 4350 1633 4409 et
1651 4331 1726 4437 plu·

306 4455 409 4534 ribus
441 4459 520 4536 aliis
549 4489 644 4566 quos
673 4461 893 4549 nominavit;
927 4461 966 4536 in
995 4461 1134 4567 quibus
1154 4464 1318 4569 quidem
1347 4461 1633 4569 recepcionibus
1658 4488 1724 4538 non

306 4583 376 4662 luit
399 4588 538 4666 sactum
558 4591 702 4697 aliquid
723 4593 770 4668 de
791 4592 975 4668 contentis
995 4592 1034 4668 in
1055 4592 1163 4670 dictis
1186 4610 1264 4670 11110'
1289 4594 1470 4682 articulis,
1496 4622 1566 4670 nec
1591 4591 1721 4700 aliquid

307 4714 411 4793 aliud
429 4719 602 4794 illicitum
619 4724 722 4826 qnod
742 4723 820 4827 ipse
841 4725 986 4801 sciverit
1004 4725 1062 4800 vel
1078 4726 1260 4802 audiverit
1279 4725 1363 4800 dici.

375 4847 486 4935 Item,
514 4848 717 4954 requisitus
743 4881 857 4957 super
875 4882 897 4933 v
917 4855 1073 4931 articulo
1099 4875 1136 4932 et
1163 4854 1339 4934 omnibus
1364 4855 1445 4931 aliis
1469 4851 1718 4960 sequentibus,
