4080 6052
687 564 886 656 procus
912 573 1008 654 ons
1034 583 1337 656 rnueemns.
1656 587 1724 655 129

306 752 453 805 comme
472 723 598 802 bonne
619 741 724 830 gent,
747 742 786 801 et
809 752 907 830 pour
926 723 1041 816 Dieu,
1064 753 1139 831 que
1164 752 1233 801 nos
1258 752 1369 831 gages
1388 750 1457 799 nos
1477 722 1600 799 soient
1619 751 1723 811 creu,

306 884 400 963 quar
418 853 446 931 il
465 871 551 931 sont
569 872 654 961 trop
673 855 779 961 petit.
796 891 809 923 ι

360 987 450 1063 Post
463 979 538 1091 que
552 984 669 1061 iidem
681 984 827 1062 domini
843 984 1089 1061 commissarii
1105 985 1281 1061 dixerunt
1296 1002 1334 1062 et
1346 984 1667 1062 concordaverunt
1678 983 1729 1058 in-

303 1131 362 1192 ter
382 1113 466 1222 [se]‚
488 1113 594 1218 quod
613 1113 855 1191 convenirent
874 1112 937 1191 die
958 1114 1115 1194 Veneris
1134 1115 1303 1220 proxima
1322 1113 1512 1220 sequenti,
1534 1115 1574 1189 in
1594 1112 1728 1188 eadem

305 1245 463 1351 capella,
492 1245 541 1322 ad
565 1243 849 1350 procedendum
883 1244 923 1319 in
951 1245 1109 1350 negocio
1138 1245 1371 1349 supradicto,
1395 1262 1433 1321 et
1451 1243 1555 1350 quod
1575 1243 1728 1320 interim

239 1398 240 1402 ’
305 1402 375 1452 nos
394 1375 530 1453 notarii
549 1373 728 1450 antedicti
753 1375 895 1450 iremus
914 1402 983 1478 per
1002 1374 1164 1450 Parisius
1185 1374 1232 1449 ad
1251 1374 1334 1452 loca
1353 1374 1393 1450 in
1413 1373 1554 1480 quibus
1574 1373 1637 1449 alii
1656 1371 1729 1448 fra-

304 1521 398 1591 tres,
420 1505 486 1612 qui
506 1504 662 1580 fuerunt
681 1503 780 1579 dieta
800 1503 862 1579 die
883 1502 1010 1580 Sabati
1030 1503 1071 1581 in
1091 1502 1192 1580 dicto
1216 1503 1410 1591 viridario,
1433 1503 1529 1607 capti
1550 1500 1729 1578 teneban-

303 1651 377 1725 tur,
401 1634 542 1739 adque
567 1632 649 1710 loca
674 1631 846 1710 nondum
867 1633 1070 1722 iveramus,
1094 1632 1142 1708 ad
1167 1632 1402 1709 audiendum
1422 1632 1454 1708 si
1474 1631 1621 1737 aliquos
1639 1658 1728 1735 pro-

305 1780 496 1841 curatores
524 1764 798 1841 coustituerant
828 1788 897 1840 seu
926 1764 1154 1840 constituere
1186 1760 1362 1840 volebant
1390 1762 1438 1839 ad
1468 1761 1728 1838 defensionem

302 1894 529 1998 predictam,
559 1894 597 1970 et
625 1893 874 1971 scriberemus
900 1893 958 1969 vel
986 1891 1099 1970 scribi
1126 1892 1335 1969 faceremus
1363 1921 1406 1968 ea
1434 1911 1509 1996 que
1537 1889 1662 1966 dicere
1691 1907 1729 1965 et

303 2051 514 2129 proponere
533 2024 572 2099 in
591 2025 737 2130 scriptis
751 2024 810 2101 vel
826 2025 934 2101 aliter
946 2024 1086 2100 vellent
1100 2023 1148 2100 ad
1164 2022 1425 2100 defensionem
1439 2021 1583 2099 ordinis
1600 2047 1730 2125 supra-

305 2151 413 2240 dicti,
436 2170 474 2229 et
492 2154 600 2259 quod
625 2181 758 2230 eorum
784 2154 1048 2259 responsiones
1071 2170 1348 2259 reponeremus
1375 2151 1518 2228 eisdem
1539 2150 1587 2227 ad
1607 2148 1729 2255 capel-

304 2283 380 2359 lam
399 2283 625 2389 predictam,
649 2284 711 2358 die
731 2284 889 2361 Veneris
908 2283 1138 2389 supradicto<

360 2414 448 2490 Post
472 2442 547 2519 que
573 2439 642 2491 nos
668 2414 805 2491 notarii
831 2415 1047 2504 memorati,
1071 2412 1204 2489 eadem
1229 2412 1292 2488 die
1311 2413 1490 2488 Mercurii
1515 2426 1602 2517 post
1620 2438 1730 2514 pran-

305 2542 424 2632 dium,
438 2542 662 2620 accessimus
677 2543 725 2618 ad
741 2542 899 2620 domum
915 2541 1059 2618 abbatis
1074 2539 1277 2646 Latigniaoi
1289 2568 1407 2646 prope
1421 2557 1569 2645 portam
1579 2538 1729 2643 Templi

306 2673 484 2764 Parisios,
508 2672 576 2748 ubi
597 2689 703 2748 erant
723 2671 868 2748 detenti
887 2699 925 2749 xr
944 2670 1166 2777 Templarii,
1188 2670 1364 2747 videlicet
1382 2670 1514 2748 fratres
1534 2670 1727 2776 Loychon,

305 2804 494 2880 lohannes
519 2801 566 2877 de
592 2801 788 2908 Maynilio,
820 2803 952 2878 Petrus
978 2800 1025 2876 de
1052 2798 1259 2891 Maubresi,
1285 2800 1498 2877 Bernardus
1530 2799 1577 2900 de
1603 2815 1729 2875 sancto

305 2933 437 3020 Paulo,
473 2932 512 3006 P.
549 2930 731 3022 Landres,
767 2932 957 3008 Johannes
984 2929 1161 3036 Poytavin
1193 2928 1400 3036 presbyter,
1433 2928 1647 3005 Bernardus
1681 2928 1728 3004 de

304 3061 429 3148 Bichi,
448 3060 636 3136 Johannes
654 3058 701 3134 de
719 3060 970 3152 Bonancuria,
992 3060 1102 3164 Hugo
1124 3058 1171 3134 de
1189 3057 1411 3150 Villaribus,
1431 3059 1660 3135 Laurencius
1681 3058 1728 3133 de

307 3189 467 3278 Pruino,
490 3204 528 3263 et
546 3185 706 3264 lacobus
725 3188 773 3264 de
795 3190 973 3297 Sancey0.
994 3188 1042 3265 Et
1061 3187 1217 3264 fuerunt
1236 3188 1455 3294 interrogati
1479 3217 1548 3294 per
1572 3216 1657 3274 nos,
1686 3204 1729 3264 ut

307 3318 370 3395 alii
400 3345 524 3423 supra.
551 3316 628 3409 Qui
654 3318 930 3422 responderunt
959 3318 1065 3424 quod
1082 3346 1159 3394 non
1178 3334 1353 3423 possunt,
1375 3346 1446 3394 nec
1470 3316 1629 3405 debent,
1661 3345 1729 3392 nec

306 3450 440 3526 volunt
466 3447 694 3525 constituere
723 3448 869 3556 aliquos
895 3465 1175 3555 procuratores,
1198 3449 1287 3554 quia
1315 3465 1427 3554 caput
1453 3464 1491 3524 et
1516 3445 1730 3553 superiores

308 3579 465 3666 habent,
496 3577 568 3655 sub
596 3607 762 3684 quorum
792 3580 1014 3657 obediencia
1040 3606 1120 3656 esse
1139 3578 1273 3655 volunt
1293 3597 1331 3656 et
1350 3578 1492 3655 debent
1511 3579 1550 3655 in
1570 3577 1727 3654 bonum.

306 3712 451 3787 Tamen
471 3709 502 3786 si
521 3707 707 3785 habereut
731 3711 932 3787 consilium
953 3727 991 3787 et
1011 3709 1246 3815 colloquium
1271 3738 1359 3786 cum
1386 3709 1456 3800 eis,
1479 3708 1732 3784 deliberarent

247 3817 263 3894 s
306 3838 458 3944 plenius
478 3866 592 3940 super
611 3839 702 3914 istis.
724 3841 1001 3918 Niobilominus
1020 3857 1147 3917 tamen
1167 3840 1286 3946 parati
1311 3856 1400 3917 sunt
1421 3857 1458 3915 et
1476 3839 1609 3916 volunt
1628 3866 1672 3913 ex
1691 3865 1730 3942 se

308 3968 399 4073 ipsis
417 3965 563 4071 aliquos
581 3968 807 4047 constituere
825 3987 1088 4073 procuratores
1100 3970 1171 4076 qui
1188 3998 1258 4075 pro
1278 3971 1331 4047 eis
1348 3970 1562 4075 loquantur,
1578 3967 1636 4043 rel
1654 3968 1733 4072 qui·

307 4095 403 4172 libet
424 4123 494 4200 por
523 4123 562 4171 se
589 4112 740 4199 paratus
768 4114 824 4173 est
849 4115 887 4174 et
913 4100 995 4175 vult
1022 4099 1197 4176 ordinem
1225 4098 1427 4175 defendere
1456 4097 1729 4203 supradictum,

307 4241 423 4332 prout
441 4223 583 4330 poterit
603 4241 641 4299 et
662 4224 696 4300 ei
716 4225 908 4303 videbitur
933 4226 1126 4332 expedire,
1147 4243 1379 4331 petentesse
1400 4226 1546 4303 admitti
1571 4226 1732 4333 quilibet

310 4384 378 4462 per
396 4383 452 4444 se,
474 4355 546 4431 nisi
568 4353 624 4430 illi
645 4383 740 4460 quos
758 4356 829 4461 ipsi
850 4344 1123 4434 constituerent
1142 4356 1388 4434 admittantur
1407 4358 1454 4434 ad
1475 4356 1731 4434 defensionem

312 4483 699 4588 ordinissupradicti,
720 4501 757 4561 et
778 4486 976 4590 pecierunt
993 4514 1125 4564 omnes
1146 4487 1393 4563 ecclesiastica
1412 4504 1655 4575 sacramenta3
1677 4487 1733 4564 di-

312 4630 439 4693 centes
459 4612 563 4719 quod
582 4614 718 4721 aliquis
738 4615 906 4720 ipsorum
927 4646 1004 4694 non
1024 4617 1096 4694 fuit
1114 4634 1270 4723 propter
1288 4634 1474 4695 tormenta
1493 4647 1562 4694 nec
1579 4635 1734 4724 propter

312 4743 581 4851 promissiones
601 4745 744 4852 aliquas
764 4747 823 4824 vel
842 4747 1076 4826 diversitates
1096 4748 1288 4826 confessus
1308 4749 1451 4855 aliquid
1475 4749 1521 4825 de
1542 4749 1733 4827 erroribus

314 4873 498 4982 impositis
518 4874 643 4951 ordini
664 4877 890 4982 supradicto.

397 5011 501 5074 rnocis
524 5033 577 5074 ors
598 5032 850 5077 resarciens-1.
1569 5041 1602 5099 ¹7
