4080 6052
530 560 603 636 roo
915 533 1110 629 procis
1135 551 1231 623 nas
1257 549 1557 623 rsurmsus.

523 698 729 811 juramenti
749 697 909 775 aliorum
931 695 1087 811 testium
1109 691 1283 798 superius
1308 692 1556 799 registratam,
1578 687 1788 793 expositam
1812 702 1852 762 et
1875 689 1956 766 vul·

529 833 726 940 garizatam
751 827 910 919 eisdem,
932 819 999 932 qt'ri
1023 822 1180 930 quidem
1197 837 1310 900 testes
1326 838 1412 898 ante
1428 820 1689 928 juramentum
1716 843 1851 895 eorum
1869 817 1953 897 fue·

528 979 620 1039 runt
633 958 824 1066 protestati
838 956 878 1032 in
892 953 1082 1062 presencia
1096 951 1319 1030 eorumdem
1336 952 1579 1029 dominorum
1592 948 1946 1042 commissariorum,

529 1091 632 1200 quod
662 1090 693 1166 si
718 1087 863 1195 aliquid
892 1087 1059 1164 dicerent
1080 1099 1236 1191 propter
1260 1080 1537 1190 simplicitatem
1561 1108 1697 1159 eorum
1722 1079 1826 1186 quod
1848 1096 1948 1157 esset

529 1240 656 1299 contra
676 1217 937 1325 deposiciones
954 1244 1024 1324 per
1041 1243 1107 1293 eos
1126 1214 1215 1292 alias
1233 1212 1360 1303 factas,
1381 1214 1488 1320 quod
1505 1240 1583 1289 non
1602 1210 1855 1319 prejudicaret
1870 1238 1949 1317 per·

530 1353 631 1430 sonis
649 1377 799 1440 corum,
821 1376 909 1425 cum
929 1346 969 1422 in
989 1345 1156 1452 predicta
1175 1373 1242 1422 sua
1262 1343 1500 1450 deposicione
1519 1369 1653 1419 eorum
1672 1339 1838 1449 quilibet
1856 1356 1951 1418 stare

531 1498 569 1557 et
587 1504 821 1586 perseverare
842 1505 882 1554 se
902 1475 996 1553 velle
1017 1477 1159 1553 diceret
1176 1491 1215 1552 et
1233 1501 1310 1551 non
1330 1473 1506 1551 recedere
1526 1472 1572 1549 ab
1594 1473 1741 1549 eudem.

587 1610 677 1686 Acta
689 1608 843 1686 fuerunt
850 1607 922 1684 hec
931 1605 1108 1713 predictis
1122 1605 1183 1682 die
1198 1622 1236 1682 et
1245 1604 1340 1695 loco,
1355 1603 1594 1712 presentibus
1603 1603 1784 1710 magistro
1796 1601 1946 1694 Amisio,

531 1767 591 1816 me
617 1738 869 1816 floriamonte
888 1735 1104 1827 Dondedei,
1125 1754 1164 1813 et
1181 1736 1262 1813 aliis
1281 1735 1435 1812 notariis
1451 1763 1562 1842 supra
1577 1734 1717 1813 ultimo
1737 1734 1944 1812 nominatis.

587 2001 675 2078 Post
694 1999 765 2074 hec
785 1997 847 2074 die
867 1997 967 2075 lovis
988 1997 1177 2104 sequenti,
1196 2025 1270 2103 que
1289 1996 1363 2075 fuit
1381 2021 1493 2075 xrvru
1513 1996 1593 2074 dies
1612 1996 1757 2074 mensis
1775 1995 1946 2086 lanuarii,

531 2127 690 2235 predicti
713 2127 858 2204 domini
879 2126 1139 2215 commissarii,
1162 2144 1316 2233 excepto
1337 2127 1492 2205 domino
1512 2126 1762 2216 Narbonensi,
1784 2125 1950 2204 fecerunt

532 2256 656 2335 redire
677 2254 724 2331 ad
741 2257 971 2362 presenciam
991 2257 1159 2363 ipsorum
1177 2256 1332 2334 fratrem
1351 2259 1538 2334 Thomam
1559 2257 1607 2334 de
1625 2255 1793 2334 lanvalle
1811 2255 1950 2363 presbi-

531 2406 672 2478 terum,
693 2403 827 2463 testem
849 2415 963 2494 supra
979 2386 1247 2475 examinatum,
1263 2415 1332 2493 pro
1352 2415 1398 2467 eo
1413 2387 1518 2494 quod
1532 2386 1647 2464 frater
1661 2386 1893 2466 Guillelmus
1905 2387 1948 2465 de

532 2517 800 2605 Platea,.testis
824 2517 878 2593 eri
899 2515 1145 2609 examinatus,
1168 2514 1394 2622 deposuerat
1412 2518 1537 2623 ipsum
1547 2519 1747 2594 -Thomam
1770 2544 1848 2594 una
1866 2543 1949 2594 cum

533 2648 632 2725 dicto
660 2646 867 2726 Guillelmo
905 2664 943 2723 et
975 2645 1056 2723 aliis
1089 2645 1320 2753 quibusdam
1346 2647 1559 2753 interfuisse
1588 2647 1802 2753 recepcioni
1831 2647 1950 2724 fratris

532 2777 723 2855 Michaelis
750 2776 897 2854 Moseti.
924 2774 1141 2884 Requisitus
1170 2791 1298 2852 autem
1327 2776 1449 2855 dictus
1468 2777 1635 2854 Thomas
1654 2804 1704 2855 an
1722 2774 1946 2856 interfuisset

534 2906 632 2982 dicte
645 2907 855 3013 recepcioni
872 2925 910 2984 et
925 2906 1139 3013 aliquorum
1152 2905 1326 2996 aliorum,
1342 2908 1448 3014 quod
1459 2908 1499 2984 in
1518 2908 1600 3017 ejus
1613 2907 1849 3015 deposicione
1867 2933 1946 2984 non

535 3038 769 3141 expresserit,
789 3037 958 3144 quando,
980 3037 1047 3113 ubi
1067 3054 1106 3114 et
1125 3037 1265 3144 quibus
1283 3038 1540 3144 presentibus,
1559 3039 1758 3145 respondit
1775 3067 1815 3116 se
1834 3037 1948 3115 inter·

534 3165 649 3242 fuisse
669 3166 876 3271 recepcioni
894 3165 983 3243 dicti
1001 3167 1210 3254 Michaelis,
1223 3168 1317 3245 circa
1332 3167 1469 3246 festum
1486 3169 1689 3248 Natiuitatis
1703 3170 1858 3250 Domini
1872 3168 1952 3248 fue·

534 3313 591 3372 rat
604 3324 704 3372 unus
720 3324 839 3372 annus
857 3313 942 3373 ante
958 3296 1173 3403 capcionem
1190 3326 1340 3391 eorum,
1358 3317 1396 3376 et
1410 3299 1532 3377 dictus
1550 3300 1710 3380 Michael
1722 3318 1897 3406 receptus
1911 3301 1949 3376 in

534 3455 677 3502 camora
695 3427 897 3532 receptoris
918 3426 1055 3504 domus
1070 3427 1306 3536 d'Oysimont
1320 3430 1581 3509 Ambianensis
1598 3430 1764 3517 diocesis,
1786 3443 1857 3533 per
1875 3429 1948 3506 fra-

532 3575 630 3633 trem
657 3558 906 3665 Baudoynum
932 3557 979 3634 de
1000 3574 1126 3635 sancto
1145 3561 1269 3653 Justo,
1299 3562 1346 3639 de
1375 3563 1552 3639 mandato
1572 3561 1685 3638 fratris
1713 3557 1867 3638 Roberti
1895 3560 1945 3636 de

533 3688 704 3776 Belvaco,
731 3689 856 3793 quiin
884 3689 955 3766 isto
983 3717 1159 3795 processu
1184 3691 1230 3767 ab
1253 3692 1441 3799 aliquibus
1467 3693 1626 3771 testibus
1651 3690 1865 3768 nominatus
1892 3710 1949 3769 est

532 3817 645 3895 frater
664 3819 849 3896 Robertus
870 3818 917 3896 de
938 3838 1063 3898 sancto
1084 3822 1324 3912 Pantaleone,
1345 3842 1383 3901 et
1402 3824 1448 3901 ab
1468 3825 1549 3901 aliis
1565 3823 1679 3901 frater
1694 3822 1885 3900 Rohertus
1904 3821 1949 3899 de

533 3968 659 4025 sancto
672 3951 794 4041 Justo,
814 3978 883 4057 pro
905 3979 949 4028 eo
968 3952 1056 4057 quia
1070 3951 1142 4029 fuit
1157 3971 1262 4032 ortus
1276 3956 1322 4032 de
1341 3974 1466 4033 sancto
1477 3959 1582 4034 Justo
1600 3973 1638 4032 et
1654 3955 1778 4032 tenuit
1794 3953 1948 4031 domum

532 4080 682 4185 Templi
704 4081 751 4157 de
777 4098 902 4158 sancto
927 4080 1152 4160 Pantaleone
1181 4101 1219 4160 et
1243 4085 1290 4162 de
1316 4087 1487 4174 Belvaco,
1510 4103 1548 4163 et
1572 4086 1671 4163 dicta
1689 4086 1862 4191 recepcio
1882 4085 1949 4162 fuit

532 4208 625 4286 facta
643 4211 881 4316 presentibus
898 4210 1075 4317 fratribus
1092 4215 1226 4322 Egidio
1245 4215 1505 4324 d'Oysemont,
1521 4234 1616 4294 teste
1631 4217 1871 4324 suprajurato
1886 4216 1946 4294 sed

532 4339 702 4416 nondum
730 4342 953 4431 oxanrinato,
973 4342 1181 4421 Guillelmo
1206 4346 1253 4423 de
1279 4348 1404 4424 Platea
1428 4348 1598 4454 predicto
1621 4365 1660 4424 et
1682 4347 1885 4455 Radulpho
1904 4346 1945 4423 de

532 4466 703 4546 Carrucis
720 4472 979 4551 servientibus.
996 4474 1106 4562 Item,
1126 4474 1218 4551 dixit
1232 4507 1271 4555 se
1287 4478 1499 4556 interfuisse
1514 4479 1726 4585 recepcioni
1739 4479 1865 4557 fratris
1880 4482 1945 4556 llo·

531 4596 628 4673 berti
644 4601 805 4678 Verrerii
824 4604 1033 4693 servientis,
1056 4606 1150 4682 circa
1170 4636 1339 4686 mensem
1361 4610 1517 4717 Augusti
1536 4611 1709 4715 proximo
1726 4610 1944 4717 preteritum

531 4723 683 4802 fuerunt
697 4758 758 4804 sex
774 4735 860 4807 anni
876 4735 933 4810 vel
946 4736 1055 4825 circa,
1068 4737 1108 4813 in
1121 4740 1260 4846 capella
1276 4740 1413 4818 domus
1426 4741 1582 4847 Templi
1591 4741 1638 4818 de
1647 4741 1821 4833 Belvaco,
1836 4767 1942 4848 quem

529 4856 672 4961 recepit
698 4859 818 4938 dictus
842 4860 954 4941 frater
973 4868 1160 4948 Robertus
1180 4871 1227 4949 de
1247 4873 1419 4960 Belvaco,
1441 4872 1678 4980 presentibus
1695 4873 1778 4979 ipso
1799 4886 1890 4950 teste
1907 4883 1944 4944 et
