4148 6052
329 560 404 636 aot
715 539 911 635 rnocts
935 554 1032 628 uss
1057 552 1361 629 raurtrsus.

260 781 263 786 .
329 703 534 783 defendere
548 700 789 810 religionem,
809 727 879 777 nec
894 696 1021 775 venire
1037 695 1258 788 voluerunt,
1274 696 1443 773 dicentes
1461 722 1500 772 se
1516 697 1638 776 nichil
1655 700 1751 780 velle

330 835 455 912 dicere
468 860 537 940 pro
550 833 610 910 vel
629 849 905 937 contraquam
925 828 1000 905 hoc
1017 824 1168 918 faciant,
1185 843 1224 904 et
1236 827 1352 934 jurati
1371 825 1602 933 respondere
1624 858 1752 939 cogan

329 983 404 1055 tur,
426 993 513 1042 cum
533 964 584 1040 ita
603 959 722 1039 sciant
739 960 932 1037 veritatem
952 950 1145 1061 religionis
1164 957 1262 1033 sicut
1280 973 1319 1034 et
1335 955 1398 1034 alii
1408 955 1556 1035 fratres.
1601 994 1607 1004 ·

385 1097 463 1172 Hec
483 1092 611 1171 omnia
629 1043 762 1168 dicarit
783 1107 821 1167 et
844 1103 997 1195 petunt,
1012 1103 1261 1193 protestantes
1281 1088 1329 1165 de
1346 1087 1424 1165 suis
1440 1088 1752 1193 responsionibus

330 1243 367 1300 et
384 1222 598 1301 nacionibus
615 1237 660 1299 ut
678 1248 801 1328 supra.
1522 1320 1528 1330 υ

384 1356 496 1441 Item,
515 1351 711 1429 notificant
728 1349 933 1427 reverende
951 1347 1165 1455 paternitati
1179 1364 1299 1425 vestre
1315 1345 1448 1426 fratres
1467 1349 1631 1456 predicti
1646 1352 1752 1458 quod

327 1485 440 1562 frater
458 1482 606 1561 Addam
626 1481 673 1559 de
692 1480 922 1571 Valincuria‚
942 1477 1080 1556 nobilis
1103 1477 1231 1567 miles,
1252 1479 1319 1585 qui
1343 1479 1458 1587 longo
1476 1497 1651 1587 tempore
1669 1480 1751 1560 fue-

202 1668 206 1675 ·
328 1631 386 1691 rat
404 1612 519 1691 frater
538 1611 681 1690 ordinis
695 1610 864 1717 Templi,
883 1608 1011 1686 volens
1028 1607 1210 1687 arciorem
1229 1607 1453 1715 religionem
1469 1610 1627 1700 intrare,
1641 1611 1752 1690 licen

330 1745 424 1821 ciam
447 1742 561 1849 peciit
578 1759 617 1819 et
636 1741 784 1819 intravit
807 1740 980 1818 ordinem
998 1738 1313 1828 Caturisiensem‚
1332 1739 1371 1815 in
1394 1768 1471 1846 quo
1488 1741 1642 1821 modico
1660 1760 1753 1821 tem·

326 1902 417 1979 pore
436 1900 693 1980 perseverans,
713 1870 948 1978 supplicavit,
966 1898 1053 1946 cum
1078 1867 1258 1946 instancia
1277 1869 1388 1977 longa
1406 1899 1582 1976 precum,
1596 1872 1748 1952 reddire

327 2005 375 2081 ad
394 2005 568 2083 ordinem
587 2002 758 2108 Templi3
775 2003 842 2107 qui
856 2017 1030 2106 receptus
1047 1999 1137 2090 fuit,
1153 1999 1252 2077 salva
1269 1999 1413 2079 ordinis
1428 2001 1642 2109 disciplina,
1659 2005 1750 2113 qnia

327 2134 455 2211 nudus
473 2161 560 2210 cum
579 2129 825 2209 femoralibus
841 2149 1006 2221 tantum,
1033 2160 1054 2207 a
1077 2148 1185 2237 porta
1207 2132 1380 2210 exteriori
1402 2161 1524 2239 usque
1543 2134 1593 2212 ad
1612 2136 1749 2241 capitu·

327 2263 425 2351 lum,
446 2261 687 2368 presentibus
704 2261 879 2367 pluribus
903 2260 1117 2351 nobilibus,
1138 2262 1425 2367 consanguineis
1444 2279 1484 2340 et
1502 2265 1634 2343 amicis
1652 2266 1745 2358 suis,

328 2420 452 2469 coram
472 2391 650 2469 fratribus
664 2393 842 2470 omnibus
860 2393 979 2482 venit,
1001 2408 1040 2469 et
1060 2391 1167 2469 flexis
1186 2391 1346 2498 genibus
1366 2422 1491 2470 coram
1506 2414 1746 2503 preceptore,

327 2522 393 2629 qui
413 2522 626 2623 celebrabat
645 2523 869 2629 capitulum,
889 2522 1188 2600 misericordiam
1201 2523 1332 2629 peciit,
1355 2542 1393 2600 et
1410 2525 1575 2631 quesivit
1588 2528 1744 2615 iterum,

328 2682 414 2730 cum
440 2653 618 2745 lacrimis,
640 2683 679 2731 se
702 2654 850 2732 admitti
870 2653 910 2729 in
937 2654 1167 2730 consortium
1185 2651 1474 2744 frat1um;.fecit
1492 2657 1746 2762 penitenciam

327 2783 561 2889 solempnem
580 2812 649 2889 per
671 2812 813 2860 annum
839 2799 877 2859 et
895 2780 1017 2870 diem,
1039 2782 1274 2860 comedendo
1294 2784 1334 2859 in
1358 2801 1458 2862 terra
1476 2813 1609 2865 omnes
1626 2805 1746 2867 sextas

326 2912 437 2991 ferias
456 2911 560 2989 illius
585 2913 691 3001 anni,
710 2912 919 3020 jejunando
938 2911 978 2988 in
1002 2938 1098 3017 pane
1119 2927 1156 2988 et
1175 2939 1272 3017 aqua
1291 2911 1449 3018 singulis
1468 2914 1602 2992 diebus
1619 2917 1746 2995 domi-

326 3043 437 3131 nicis,
458 3043 637 3121 accedens
651 3043 783 3119 nudus
800 3042 847 3118 ad
865 3042 978 3119 altare
996 3041 1036 3119 in
1053 3042 1254 3119 missarum
1273 3042 1504 3150 solempniis,
1521 3044 1743 3150 recipiendo

326 3174 373 3250 de
399 3201 513 3250 manu
536 3171 734 3279 presbiteri
757 3171 1015 3280 disciplinam
1042 3189 1080 3249 et
1100 3190 1229 3279 postea
1255 3175 1487 3280 recuperavit
1506 3173 1682 3254 habitum
1708 3195 1746 3256 et

326 3303 557 3381 consortium
576 3303 750 3393 fratrum,
772 3302 983 3381 secundum
1003 3318 1140 3379 statuta
1166 3303 1375 3409 religionis;
1391 3304 1495 3381 unde
1513 3334 1602 3383 cum
1623 3307 1744 3387 dictus

325 3434 438 3513 frater
449 3433 598 3512 Addam
614 3435 663 3512 sit
675 3433 855 3522 Parisius,
871 3461 941 3509 nec
952 3431 1098 3507 venerit
1109 3431 1156 3507 ad
1172 3431 1430 3511 defensionem
1443 3433 1590 3512 ordinis
1601 3436 1742 3545 religio

325 3567 399 3654 nis,
415 3583 550 3669 petunt
574 3582 611 3642 et
630 3565 842 3671 supplicant
860 3562 966 3671 quod
990 3562 1115 3668 ipsum
1142 3590 1266 3640 coram
1291 3564 1396 3641 vobis
1420 3565 1547 3643 venire
1565 3596 1742 3673 persona-

325 3694 411 3770 liter
430 3692 587 3782 laciatis,
611 3711 649 3770 et
669 3695 798 3802 jurare
822 3723 864 3770 ac
883 3694 1073 3799 deponere
1095 3692 1288 3771 veritatem
1308 3694 1355 3771 de
1378 3711 1477 3773 statu
1493 3696 1688 3805 religionis
1705 3715 1740 3776 et

326 3824 372 3899 de
393 3823 569 3900 omnibus
591 3824 830 3929 supradictis3
851 3825 940 3930 quia
965 3851 1041 3901 nou
1067 3841 1123 3900 est
1143 3825 1377 3902 verissimille
1401 3826 1519 3903 talem
1542 3828 1685 3922 virum,
1703 3831 1740 3907 in

326 3953 572 4057 opprobrium
604 3954 727 4030 anime
761 3971 799 4030 et
832 3953 999 4060 corporis
1032 3954 1279 4060 vituperium,
1311 3972 1452 4034 tantam
1490 3958 1739 4063 penitenciam

324 4084 527 4190 peregisse,
547 4084 578 4162 si
598 4084 730 4190 religio
749 4085 862 4162 malla
882 4102 994 4175 esset3
1011 4114 1099 4162 nam
1119 4114 1250 4165 omnes
1272 4104 1520 4193 apostatantes
1540 4086 1588 4166 ab
1608 4091 1738 4169 ordine

324 4215 472 4320 Templi
489 4215 685 4322 oportebat
700 4216 861 4293 similem
882 4246 990 4324 agere
1005 4217 1274 4323 penitenciam,
1292 4236 1376 4295 ante
1395 4247 1512 4326 quam
1528 4238 1683 4326 possent
1700 4222 1736 4297 in

322 4344 479 4423 fratrum
499 4346 647 4424 admitti
667 4347 914 4424 consorcium.

376 4478 459 4569 Qua
476 4478 609 4554 cedula
627 4477 722 4554 lecta
740 4493 778 4555 et
794 4477 946 4563 tradita,
968 4494 1012 4554 ut
1029 4478 1253 4584 premissum
1274 4495 1346 4568 est,
1368 4479 1459 4556 dicti
1475 4480 1621 4559 domini
1636 4511 1737 4561 com·

322 4606 480 4681 missarii
503 4625 754 4712 preceperunt
781 4607 891 4687 nobis
914 4610 1069 4688 notariis
1094 4609 1189 4686 infra
1213 4611 1375 4718 scriptis,
1400 4612 1506 4719 quod
1529 4610 1734 4693 faceremus

324 4731 466 4807 eisdem
482 4752 645 4840 quatuor
661 4735 838 4816 fratribus
857 4740 1002 4845 copiam
1020 4741 1067 4818 de
1084 4742 1347 4821 commissione
1367 4759 1404 4821 et
1422 4742 1591 4824 articulis
1609 4772 1735 4852 supra·

321 4860 442 4938 dictis.
