4080 6052
533 556 607 628 sco
922 532 1115 627 raucas
1139 552 1233 625 ons
1258 548 1555 623 rnurmcns.

532 695 736 781 lebrarent,
763 708 803 770 et
824 692 930 801 quod
955 692 1088 770 fratres
1114 691 1258 769 ordinis
1279 690 1378 767 bene
1397 689 1596 767 crederent
1614 684 1883 765 ecclesiasticis
1907 712 1957 763 sa·

531 823 748 913 crementis,
768 822 857 931 quia
871 822 1201 901 communicabant
1219 838 1278 899 ter
1297 820 1336 897 in
1357 846 1478 909 anno;
1495 818 1628 925 etipse
1643 816 1748 895 bene
1766 814 1953 893 credebat.

531 956 614 1033 Non
648 953 767 1030 credit
798 951 901 1060 quod
935 981 1068 1031 eorum
1103 950 1186 1029 laici
1220 966 1373 1057 possent
1401 948 1593 1027 absolvere
1623 976 1644 1024 a
1672 944 1854 1054 peccatis,
1883 974 1954 1024 nec

531 1084 636 1191 quod
659 1081 795 1160 fierent
821 1083 948 1161 oscula
973 1084 1195 1173 inhonesta,
1211 1108 1282 1158 nec
1306 1079 1410 1187 quod
1434 1093 1696 1186 perpetrarent
1725 1076 1870 1154 crimen
1891 1106 1952 1154 so-

533 1213 772 1305 domiticum,
800 1241 872 1290 nec
896 1212 1001 1320 qu'od
1026 1212 1211 1290 haberent
1237 1208 1368 1321 ydola,
1398 1237 1469 1287 nec
1494 1208 1601 1317 quod
1626 1206 1791 1285 cordulc
1816 1206 1952 1315 quibus

532 1344 779 1451 cingebantur
797 1360 994 1451 tangerent
1012 1343 1131 1450 capita
1149 1338 1365 1449 ydolorum.
1380 1332 1526 1417 'luravit
1544 1339 1722 1417 ordinem
1742 1366 1822 1414 non
1838 1338 1953 1427 exirm

533 1474 653 1551 credit
672 1472 779 1579 quod
805 1472 867 1550 alii
892 1473 995 1550 idem
1017 1474 1201 1581 jurarent.
1221 1468 1465 1550 Clandestine
1490 1469 1792 1577 recipiebantur3
1813 1466 1954 1575 quibus

532 1603 707 1680 volebant
716 1601 1016 1681 confitebantur.
1037 1584 1217 1681 Jurabairt
1234 1627 1313 1678 non
1331 1597 1495 1677 revelare
1513 1615 1658 1677 secreta
1679 1598 1948 1705 capitulorum,

463 1798 467 1803 .
533 1733 653 1840 etqui
679 1733 922 1822 revelassent,
947 1730 1158 1810 secundnm
1183 1746 1322 1809 statuta
1345 1725 1491 1807 ordinis
1508 1729 1767 1836 perdidissent
1790 1730 1949 1807 mantel-

531 1862 613 1940 lum
634 1880 673 1941 et
696 1864 883 1942 ordinem.
901 1864 940 1941 Si
967 1863 1033 1970 qui
1056 1862 1222 1941 sciebant
1236 1888 1398 1954 errores,
1414 1858 1569 1939 bierunt
1586 1860 1841 1969 negligentes,
1863 1861 1950 1966 quia

532 2021 609 2070 non
632 2010 875 2071 correxerunt
890 2021 1039 2072 cosnec
1056 1992 1379 2071 denunciaverunt
1393 1990 1571 2071 Ecclesie.
1590 1992 1633 2068 ln
1654 1990 1839 2069 domibus
1852 1990 1953 2067 ordi·

532 2123 591 2198 nis
610 2124 650 2198 in
670 2123 809 2228 quibus
827 2121 917 2214 fuit,
939 2123 1033 2199 vidit
1053 2122 1298 2203 elemosinam
1316 2140 1375 2199 ter
1396 2121 1437 2197 in
1456 2121 1670 2199 ebdomada
1689 2121 1792 2199 bene
1810 2120 1894 2199 fieri
1919 2138 1952 2197 et

532 2251 826 2358 hospitalitatem
854 2253 1120 2329 convenienter
1144 2252 1292 2330 servari.
1314 2249 1422 2329 Clam
1447 2251 1674 2329 tenebantur
1698 2278 1838 2328 eorum
1858 2251 1950 2356 capi·

529 2382 636 2458 tulia.
661 2384 781 2459 Totus
805 2380 911 2485 ordo·
932 2400 1109 2461 servasset
1136 2382 1243 2489 quod
1265 2408 1424 2490 magnus
1449 2380 1624 2487 Magister
1647 2408 1739 2457 cum
1767 2397 1953 2457 conventu

531 2513 729 2592 statuisset
742 2514 850 2591 Nunc
864 2512 1017 2621 grandia
1035 2511 1209 2591 scandala
1226 2527 1315 2590 sunt
1335 2526 1461 2587 exorta
1480 2526 1609 2587 contra
1629 2494 1826 2599 ordinem,
1849 2538 1953 2616 prop

530 2662 588 2723 ter
603 2642 668 2721 illa
694 2644 742 2721 de
768 2642 908 2752 quibus
930 2643 1052 2752 agitur
1072 2658 1201 2719 contra
1220 2669 1322 2719 eum.
1340 2642 1423 2719 Non
1450 2638 1641 2719 obtulerat
1661 2668 1703 2718 se
1728 2640 1951 2719 deffensioni

532 2773 695 2866 ordinis;
724 2772 959 2880 intelligebat
983 2772 1170 2851 Latinum.

587 2903 805 3013 Requisitus
816 2904 847 2982 si
860 2904 913 2981 sic
924 2902 1151 3011 deposuerat
1161 2930 1288 3010 prece,
1303 2918 1496 3010 precepto,
1512 2902 1672 2990 timore,
1686 2928 1824 2992 amore,
1840 2900 1945 2987 odio,

532 3032 590 3108 vel
605 3033 804 3137 temporali
823 3033 985 3111 comodo
1004 3032 1132 3111 habito
1151 3032 1211 3111 vel
1229 3031 1417 3121 habendo,
1435 3030 1632 3138 respondit
1643 3032 1751 3139 quod
1767 3058 1862 3125 non,
1882 3030 1949 3109 sed

532 3189 599 3267 pro
621 3161 776 3237 veritate
797 3161 967 3239 dicenda.
990 3163 1064 3242 Cui
1082 3162 1154 3240 luit
1179 3163 1392 3271 injunctum
1420 3162 1525 3271 quod
1550 3189 1628 3239 nou
1650 3162 1834 3240 revelaret
1856 3162 1951 3239 banc

446 3340 454 3347 -
531 3320 637 3367 suam
657 3291 937 3397 deposicionem
953 3320 1152 3399 quousque
1167 3294 1426 3372 attestaciones
1445 3293 1586 3371 fuerint
1605 3293 1805 3400 publicata.

587 3422 676 3498 Actu
696 3422 851 3499 luerunt
872 3424 943 3499 hec
963 3424 1073 3500 dictis
1089 3425 1150 3501 die
1167 3442 1204 3502 et
1225 3425 1326 3516 loco,
1348 3454 1474 3502 coram
1499 3424 1643 3503 eisdem
1663 3424 1826 3503 dominis
1846 3452 1951 3499 com-

532 3552 725 3641 missoriis,
748 3554 820 3630 boc
840 3552 940 3630 salvo
965 3554 1086 3659 quod,
1114 3583 1201 3631 cum
1228 3555 1350 3632 dictus
1371 3553 1484 3632 frater
1506 3556 1595 3635 Odo
1614 3554 1785 3662 deposuit
1804 3550 1852 3628 de
1880 3551 1948 3629 ab·

532 3682 732 3786 negocione
752 3684 867 3760 Jhesu
887 3683 1042 3776 Christi,
1064 3685 1185 3762 dictus
1206 3686 1382 3763 dominus
1402 3687 1575 3763 Matheus
1593 3716 1637 3764 er
1654 3712 1761 3761 causa
1776 3684 1948 3772 recessit3

531 3811 768 3914 presentibus
796 3813 972 3919 magistro
1000 3813 1162 3907 Ambio,
1190 3843 1251 3891 mo
1276 3815 1531 3894 Floriamonte
1551 3815 1768 3903 Dondedei‚
1797 3830 1836 3891 et
1870 3812 1952 3890 aliis

533 3941 685 4051 notariis
707 3971 818 4049 supra
842 3942 979 4020 ultimo
1000 3944 1213 4021 nominatis.

592 4207 782 4296 Posthac,
803 4208 863 4285 die
883 4209 1058 4287 Mercurii
1071 4210 1260 4316 sequenti,
1273 4238 1348 4319 que
1368 4210 1440 4290 luit
1454 4238 1527 4291 nvn
1543 4211 1624 4289 dies
1638 4211 1781 4288 mensis
1795 4210 1951 4291 Februa·

532 4334 595 4426 rii,
615 4333 685 4413 fuit
705 4338 891 4415 adductus
910 4340 957 4414 ad
981 4341 1212 4446 presenciam
1233 4341 1456 4419 eorumdem
1473 4342 1717 4419 dominorum
1739 4342 1950 4419 commissa·

532 4465 687 4555 riorum,
716 4468 754 4542 in
776 4468 890 4546 domo
917 4470 1085 4574 predicta
1108 4469 1266 4549 fratrum
1286 4474 1494 4563 Minorum,
1520 4474 1633 4550 frater
1652 4474 1889 4551 llumbertus
1907 4472 1948 4548 de

533 4594 714 4672 Germilla
733 4600 911 4690 serviens,
934 4600 1173 4679 Carnotensis
1196 4603 1373 4695 diocesis,
1392 4604 1497 4681 tostis
1519 4632 1631 4709 supra
1640 4604 1809 4711 juratus,
1828 4621 1873 4680 ut
1890 4603 1948 4679 dc·

532 4744 690 4827 poneret
719 4728 860 4807 dictum
889 4761 1017 4823 suum,
1048 4733 1178 4842 viginti
1206 4751 1348 4841 septem
1379 4763 1566 4814 annorum
1589 4735 1648 4811 vel
1677 4736 1792 4826 circa,
1821 4735 1943 4841 quiin

532 4852 691 4930 concilio
712 4856 919 4936 Senonensi
939 4861 1159 4939 mantellum
1181 4863 1389 4954 dimiserat,
1413 4866 1607 4944 absolutus
1628 4880 1665 4941 et
1689 4864 1943 4943 reconciliatus
