4080 6052
242 531 311 602 rsa
411 598 414 603 ,
621 480 1264 606 ΡΒοοὲευΕεΤΕΜΡιιΕΒε.
1353 566 1358 585 =

236 686 432 775 gesserunt
456 668 520 745 illa
534 670 728 747 mendacia
747 689 825 747 tam
844 669 974 775 iniqua
994 685 1032 742 et
1050 665 1141 743 falsa
1166 666 1321 772 domino
1347 680 1476 740 nostro
1506 688 1658 740 summo

236 799 420 875 Pontiffici
441 816 479 875 et
497 800 735 877 serenissimo
755 801 909 877 domino
930 813 1058 873 nostro
1083 795 1175 901 Regi
1196 796 1441 884 Francorum,
1463 806 1553 870 sunt
1576 791 1660 869 falsi
1742 892 1753 909 ⁴

239 929 456 1018 Christiani,
478 928 536 1005 vel
557 930 712 1005 omnino
737 929 910 1020 heretici,
933 928 1162 1005 detractores
1189 941 1238 1019 et„
1250 925 1469 1002 seductores
1494 921 1658 1004 Ecclesia
1734 900 1741 915 .

238 1077 361 1135 sancte
376 1077 413 1135 et
422 1060 542 1135 tocius
555 1058 645 1134 fidei
654 1059 877 1147 Christiane,
888 1057 976 1164 quia
988 1055 1083 1135 zello
1094 1055 1309 1161 cupiditatis
1322 1071 1360 1130 et
1374 1055 1509 1130 ardore
1520 1051 1659 1129 invidie

238 1189 343 1280 moti,
357 1206 549 1294 tamquam
564 1188 773 1294 impiissimi
790 1187 951 1265 scandali
967 1187 1223 1277 seminatores,
1241 1185 1462 1291 quesierunt
1476 1199 1659 1289 apostatas

239 1348 305 1394 seu
317 1318 449 1396 fratres
460 1318 634 1425 fugitivos
643 1318 689 1395 ab
703 1319 835 1395 ordine
847 1316 1009 1422 Templi,
1024 1317 1090 1422 qui
1104 1331 1259 1422 propter
1273 1342 1407 1391 eorum
1420 1313 1571 1404 scelera,
1586 1330 1662 1390 tan·

239 1477 352 1553 (quam
373 1447 546 1524 morbide
565 1448 746 1551 pecudes,
763 1446 898 1552 abjecti
918 1445 1073 1523 fuerunt
1091 1444 1138 1521 ab
1156 1444 1266 1530 ovili,
1289 1445 1361 1521 hoc
1379 1460 1436 1520 est
1461 1473 1481 1519 a
1500 1441 1660 1520 fratrum

239 1577 544 1683 congregacione,
566 1575 846 1654 adinvenientes
866 1592 904 1652 et
922 1575 1143 1653 fabricantes
1160 1604 1338 1651 unacum
1357 1574 1492 1650 eisitla
1507 1575 1661 1652 scellera

238 1723 277 1782 et
296 1708 438 1783 orenda
453 1707 646 1783 mendacia
665 1735 739 1813 que
756 1706 844 1811 ipsis
863 1705 1041 1782 fratribus
1061 1722 1099 1782 et
1119 1704 1242 1781 ordini
1262 1704 1355 1782 falso
1370 1703 1527 1780 fuerunt
1546 1705 1661 1811 impo

239 1836 326 1923 sita,
349 1838 570 1913 seducentes
598 1838 767 1924 eosdem,
790 1837 839 1913 ita
858 1836 960 1941 quod
990 1836 1040 1912 ad
1066 1863 1200 1911 eorum
1219 1837 1498 1943 suggestionem
1527 1863 1660 1913 omnes

166 1974 170 1983 '
239 1983 427 2071 quotquot
444 1983 618 2073 poterant
637 1967 811 2052 inveniri,
831 1964 1041 2071 querebant
1061 1982 1099 2041 et
1117 1966 1376 2053 adducebant,
1398 1965 1603 2042 monebant
1624 1983 1662 2043 et

239 2092 490 2172 informabant
513 2124 626 2200 super
650 2095 739 2200 ipsis
764 2094 968 2178 mendaciis
995 2094 1203 2172 referendis
1227 2095 1382 2172 domino
1409 2096 1500 2202 Regi
1522 2113 1561 2173 et
1579 2097 1661 2204 ejus

239 2223 411 2311 consilio,
438 2226 488 2302 ita
507 2226 628 2332 quod,
645 2243 993 2334 quantumcumque
1013 2228 1061 2304 de
1078 2225 1232 2303 diversis
1253 2226 1385 2303 mundi
1405 2226 1577 2331 partibus
1597 2229 1660 2304 ad-

240 2349 480 2443 ducerentur,
502 2355 552 2432 ita
572 2354 875 2433 subornabantur
895 2373 932 2433 et
949 2356 1186 2434 ducebantur
1205 2385 1320 2462 super
1339 2356 1418 2432 istis
1440 2357 1661 2434 criminibus

239 2483 343 2586 quod
374 2513 505 2562 omnes
525 2487 795 2564 conveniebant
820 2486 859 2562 in
879 2487 995 2562 idem.
1023 2487 1180 2591 Propter
1199 2487 1304 2590 quod
1329 2485 1488 2590 predicti
1517 2486 1660 2563 domini

239 2612 349 2717 Regis
369 2633 406 2690 et
422 2618 480 2692 sui
495 2616 638 2693 consilii
652 2616 796 2690 animos
811 2613 1039 2689 inducebant
1053 2615 1101 2688 ad
1116 2613 1351 2688 credendum
1363 2614 1543 2716 predicta.
1569 2619 1662 2693 Nam

240 2743 444 2819 credebant
458 2744 563 2850 quod
575 2773 618 2819 ex
633 2744 726 2818 vicio
742 2740 933 2847 religionis
955 2758 992 2817 et
1010 2740 1168 2818 fratrum
1187 2741 1436 2846 procederent
1457 2771 1499 2818 ea
1512 2773 1587 2848 que
1607 2747 1664 2820 di-

241 2870 389 2958 cebant,
406 2902 480 2977 que
501 2900 545 2948 ex
564 2873 708 2949 malicia
728 2872 1010 2979 suggerentium
1030 2889 1068 2949 et
1080 2871 1373 2949 subornancium
1392 2873 1658 2977 procedebant.

297 2999 349 3073 Ex
368 3001 508 3105 quibus
528 3002 705 3080 omnibus
724 3020 826 3080 tanta
852 3003 1098 3109 postmodum
1117 3001 1298 3107 periculla
1315 3022 1597 3109 processerunt,
1620 3022 1660 3079 ut

241 3130 288 3204 de
302 3128 492 3233 capcione,
510 3131 752 3236 spoliacione,
765 3134 979 3221 tormentis,
997 3133 1244 3210 occisionibus
1258 3151 1296 3209 et
1310 3134 1564 3210 coactionibus
1579 3161 1661 3239 pre-

242 3259 429 3335 dictorum
445 3260 619 3351 fratrum,
644 3264 723 3369 qul·
731 3291 799 3368 per
816 3291 932 3368 penas
958 3265 1089 3340 mortis
1111 3263 1244 3349 coacti,
1266 3280 1379 3368 prout
1399 3292 1418 3338 a
1438 3263 1660 3340 satellitibus

241 3388 363 3465 edocti
385 3390 659 3468 confitebantur
674 3411 801 3470 contra
815 3393 1100 3480 conscienciam,
1118 3410 1156 3469 et
1170 3392 1398 3497 cogebantur
1413 3393 1481 3468 ista
1500 3392 1660 3469 facinora

242 3521 427 3607 confiteri,
450 3524 537 3628 quia
556 3524 747 3628 predictus
768 3524 945 3600 dominus
964 3526 1056 3614 Rex,
1084 3523 1133 3599 ita
1162 3524 1340 3627 deceptus
1360 3553 1380 3599 a
1401 3523 1660 3599 seductoribus

242 3649 333 3736 illis,
363 3653 561 3728 dominum
593 3654 729 3758 Papam
754 3681 868 3758 super
893 3653 1070 3758 predictis
1094 3652 1271 3729 omnibus
1299 3651 1527 3740 informavit,
1551 3671 1588 3727 et
1612 3653 1660 3728 sic

244 3781 420 3858 dominus
432 3784 529 3888 Papa
545 3798 583 3860 et
598 3783 775 3860 dominus
789 3785 865 3859 Rex
879 3790 948 3888 pier
961 3782 1069 3860 falsas
1084 3783 1317 3888 sugestiones
1334 3781 1478 3886 decepti
1495 3780 1658 3859 fuerunt.

299 3915 409 4005 Item,
427 3915 556 3990 dicunt
581 3915 687 4019 quod
715 3915 772 3990 via
791 3914 896 3991 vobis
914 3914 1067 4001 tradita,
1087 3914 1261 3990 videlicet
1281 3943 1324 3989 ex
1344 3912 1483 3998 officio,
1508 3913 1554 3988 de
1574 3913 1660 4019 jure

242 4047 445 4147 procedere
461 4075 538 4123 non
560 4046 730 4151 potestis,
753 4075 838 4122 cum
859 4075 974 4151 super
995 4045 1159 4122 articulis
1179 4046 1254 4122 illis
1274 4062 1357 4121 ante
1379 4044 1592 4149 capcionem
1608 4047 1662 4149 ip

244 4202 372 4249 sorum
386 4176 565 4252 diffamati
580 4204 656 4252 non
677 4194 815 4269 essent,
837 4206 906 4253 nec
926 4194 1053 4254 contra
1080 4177 1253 4253 ordinem
1273 4175 1370 4251 fama
1389 4173 1537 4280 publica
1557 4172 1661 4249 labo-

244 4320 360 4395 raret,
379 4323 415 4381 et
434 4307 506 4382 hoc
521 4324 667 4383 certum
687 4308 734 4383 sit
753 4336 822 4385 nos
843 4326 880 4385 et
899 4309 998 4413 ipsos
1018 4309 1056 4383 in
1076 4307 1159 4385 loco
1173 4324 1258 4384 tuto
1274 4336 1350 4383 non
1367 4335 1465 4392 esse,
1481 4333 1568 4380 cum
1590 4305 1665 4381 sint

246 4433 419 4510 continue
433 4424 469 4511 et
481 4436 622 4513 fuerint
634 4438 672 4512 in
692 4455 873 4541 potestate
895 4438 1181 4544 suggerendum
1199 4438 1394 4514 falsitatem
1416 4436 1572 4542 domino
1594 4438 1664 4512 Re-

246 4562 298 4661 gi,
315 4564 403 4665 quia
419 4566 572 4655 cotidie,
593 4595 661 4672 per
681 4596 719 4644 se
735 4567 793 4644 vel
808 4596 876 4672 per
896 4568 1004 4655 alios,
1027 4587 1183 4646 monent
1198 4587 1236 4646 et
1250 4570 1424 4660 suadent,
1446 4597 1515 4673 per
1533 4567 1662 4655 verba,

246 4688 401 4764 nuncios
412 4706 454 4772 ,et
469 4690 624 4778 litteras,
646 4724 694 4770 ne
710 4725 731 4771 a
750 4694 850 4772 falsis
873 4697 1193 4802 deposicionibns,
1217 4700 1368 4775 extortis
1383 4714 1508 4774 metus
1536 4725 1666 4781 causa,

247 4814 437 4902 recedant,
454 4817 542 4922 quia
561 4821 591 4893 si
611 4825 849 4914 recesserint,
867 4854 935 4929 pro
966 4845 1009 4904 ut
1029 4830 1175 4914 dicunt,
1198 4830 1469 4905 comburentur
1494 4828 1665 4906 omnino.
