4080 6052
699 551 894 644 esoces
918 570 1011 642 uns
1037 570 1337 644 ruururuas.
1678 589 1726 656 07

310 713 399 791 dere
414 710 559 788 dismm
570 708 761 797 ordinem,
777 710 1054 816 responderunt
1066 708 1173 814 quod
1183 707 1251 800 sic,
1268 726 1439 816 petentes
1448 738 1539 788 eum
1554 716 1731 799 instancia

309 843 457 921 babitus
475 834 660 921 suoedbi
679 839 844 929 restitui,
866 857 905 917 et
928 839 981 916 eis
1005 838 1209 916 ministrari
1229 839 1471 918 ecclesiastica
1489 867 1729 926 sacramenta.

361 972 453 1063 Acta
461 970 617 1049 fuerunt
629 970 700 1049 be'c
713 969 891 1075 predictis
906 970 967 1047 dic
981 987 1020 1046 et
1033 969 1136 1060 loco,
1152 969 1391 1075 presentibus
1403 1000 1465 1049 me
1475 971 1729 1056 Floriamonte

307 1120 346 1180 et
363 1102 445 1181 aliis
468 1100 623 1180 notariis
641 1128 752 1206 supra
770 1101 940 1207 proximo
961 1101 1180 1190 nominatis,
1203 1104 1354 1208 excepto
1381 1103 1530 1183 Nicolao
1550 1107 1731 1185 Constan-

307 1262 435 1311 crensr.

364 1490 609 1568 Postmodum
632 1489 694 1584 die
713 1490 870 1571 Veneris
888 1491 1076 1596 sequenti,
1098 1519 1173 1596 que
1191 1488 1263 1566 luit
1286 1514 1350 1566 xm
1377 1490 1458 1567 dies
1476 1491 1566 1569 dicti
1591 1495 1730 1572 mensis

307 1620 517 1708 Februarii,
540 1621 579 1696 iu
605 1621 707 1698 dicto
731 1622 814 1698 loco
835 1620 992 1698 luerunt
1014 1619 1129 1697 simul
1153 1619 1304 1695 adducti
1328 1619 1375 1695 de
1399 1638 1525 1697 saneto
1549 1620 1731 1729 Dionysio

305 1751 522 1828 Parisiensis
541 1750 701 1829 diocesis
723 1780 848 1830 coram
872 1751 961 1856 ipsis
985 1749 1150 1828 dominis
1175 1739 1455 1841 coinmissariis,
1484 1753 1645 1856 exceptis
1665 1752 1732 1830 do·

305 1880 419 1957 minis
446 1880 677 1959 Narbonensi
708 1899 749 1958 et
773 1881 966 1959 Baiocensi
987 1898 1025 1958 et
1049 1879 1310 1957 archidiacono
1332 1880 1569 1970 Tridentino,
1601 1880 1732 1959 fratres

305 2010 471 2088 Tbomas
492 2012 640 2089 Morelli
667 2012 713 2088 de
739 2011 906 2118 Bragells
933 2012 1129 2118 presbyter
1155 2027 1304 2087 curatus
1332 2010 1485 2086 ecclesie
1520 2010 1567 2086 de
1599 2012 1731 2088 Somo-

306 2165 393 2215 rens
417 2139 679 2219 Ambianensis
702 2141 877 2230 diocesis,
903 2142 1092 2219 Johannes
1116 2142 1163 2217 de
1189 2140 1349 2218 Sivriaco
1381 2139 1625 2230 Senoneusis,
1652 2141 1730 2216 Bri-

307 2266 387 2342 cius
410 2265 460 2342 de
475 2268 585 2344 Buris
605 2269 869 2374 Lingonensis,
886 2270 1048 2345 Parisius
1068 2269 1115 2345 de
1132 2268 1241 2345 Buris
1260 2270 1522 2375 lingonensis,
1544 2269 1731 2345 Johannes

308 2394 355 2470 de
387 2395 485 2470 Baro
517 2421 631 2499 super
656 2394 790 2470 Albam
822 2395 1083 2498 Lingonensis,
1110 2396 1268 2471 lacobus
1297 2395 1421 2472 Gerbe
1454 2397 1664 2486 Trecensis,
1696 2415 1733 2471 et

306 2523 472 2600 Thomas
502 2523 670 2600 Covelier
700 2522 939 2598 Ebroicensis
975 2521 1195 2598 diocesium.
1226 2521 1302 2614 Qui
1337 2521 1524 2626 sigillatim
1557 2540 1596 2599 et
1630 2550 1733 2627 sepa-

306 2652 416 2728 ratim
439 2652 628 2757 requisiti,
657 2652 687 2728 si
708 2651 887 2728 volebant
903 2651 1049 2727 dietum
1066 2649 1248 2726 ,ordinem
1269 2648 1471 2726 defendere
1497 2651 1543 2726 ab
1564 2652 1731 2758 hiisque

306 2781 376 2859 sibi
392 2783 695 2887 imponebantur,
712 2779 990 2887 responderunt
1003 2779 1109 2886 quod
1124 2780 1192 2870 sic,
1214 2806 1382 2856 asserens
1402 2779 1525 2856 dictus
1543 2778 1657 2857 frater
1669 2784 1733 2857 Jo-

306 2913 448 2990 hannes
468 2913 516 2989 de
530 2914 644 2989 Barro
663 2912 770 3017 quod
789 2912 867 3016 ipse
887 2910 1010 2990 fuerat
1023 2910 1284 3015 questionatus
1301 2926 1374 2998 ter,
1396 2926 1433 2984 et
1447 2908 1621 2985 fueritin
1635 2938 1731 3014 pano

308 3059 345 3118 et
369 3071 466 3147 aqua
495 3040 697 3117 duodecim
725 3040 959 3145 septimanis,
982 3057 1020 3117 et
1036 3114 1038 3117 ,
1050 3039 1247 3145 pecierunt
1271 3039 1351 3144 ipse
1376 3055 1416 3115 et
1437 3037 1550 3115 frater
1572 3041 1732 3117 lacobus

308 3145 434 3248 Gerbe
451 3169 642 3275 predictus
663 3169 905 3247 ecclesiastica
924 3186 1161 3247 sacramenta.

362 3298 516 3376 Eisdem
537 3297 598 3376 die
619 3316 656 3375 et
674 3298 758 3376 loco
782 3299 939 3377 fuerunt
959 3299 1077 3377 simul
1096 3296 1248 3374 adducti
1264 3324 1389 3374 coram
1409 3296 1552 3374 eisdem
1567 3297 1731 3375 dominis

308 3429 570 3508 commissoriis
593 3427 724 3506 fratres
747 3427 963 3533 subscripti,
990 3428 1057 3534 qui
1086 3426 1238 3503 adducti
1268 3426 1489 3505 dicebantur
1511 3427 1559 3503 de
1585 3427 1733 3505 Collont

307 3560 522 3638 Parisieusis
549 3559 725 3648 diocesis,
745 3557 920 3635 videlicet
938 3556 1068 3635 fratres
1087 3557 1277 3634 lohannes
1301 3556 1349 3633 de
1372 3555 1520 3634 Gisiaoo
1539 3557 1734 3666 presbyter

308 3690 585 3777 Laudunensis‚
601 3688 759 3768 lacobus
772 3689 820 3766 de
833 3687 1034 3766 Villaribus
1044 3687 1159 3766 Ducis
1174 3685 1431 3792 Lingonensis,
1443 3685 1669 3792 Reginaldus
1684 3685 1732 3761 de

308 3818 498 3923 Ploysiaco
513 3819 803 3908 suessionensis,
819 3819 1005 3898 Robertus
1020 3817 1069 3896 (le
1084 3817 1295 3896 Pontissera
1308 3815 1628 3923 Rothomagensis,
1649 3814 1734 3893 Ste-

309 3947 459 4050 phanus
483 3945 530 4021 de
552 3949 713 4026 Baveuas
736 3949 1026 4039 bisuntinensis,
1054 3964 1092 4026 et
1115 3947 1329 4054 Baldoynus
1350 3946 1396 4022 de
1417 3945 1563 4024 Gisisco
1584 3942 1735 4021 Laudu·

310 4075 436 4153 nensis
451 4073 671 4152 diocesium.
688 4078 764 4170 Qui
779 4077 968 4184 sigillatim
987 4095 1025 4155 et
1044 4078 1241 4181 separatim
1261 4073 1478 4179 interrogati
1498 4072 1647 4149 edictis
1666 4073 1735 4149 do-

312 4204 724 4293 minisscommissariim
745 4205 777 4283 si
801 4205 976 4284 volebant
999 4206 1143 4283 dictum
1163 4204 1336 4282 ordinem
1357 4202 1573 4280 deffendere
1594 4203 1642 4279 ab
1659 4203 1733 4279 biis
1799 4245 1804 4258 ·

312 4364 386 4441 que
405 4317 477 4414 sibi
496 4334 799 4439 imponebantur,
821 4336 1100 4443 responderunt
1119 4335 1225 4443 quod
1243 4333 1307 4412 sic.

368 4465 458 4544 Acta
470 4464 625 4544 bierunt
637 4468 708 4545 hec
721 4468 899 4574 predictis
914 4469 975 4545 die
991 4485 1030 4546 et
1042 4467 1142 4557 loco,
1158 4464 1398 4572 presentibus
1407 4493 1468 4540 me
1482 4460 1736 4540 Floriamonte

316 4612 353 4671 et
371 4593 452 4674 aliis
470 4597 625 4675 notariis
645 4627 758 4706 supra
774 4599 945 4706 proximo
964 4597 1176 4676 nominatis.

368 4857 438 4934 Die
455 4857 581 4934 Sabati
601 4862 789 4966 sequenti,
805 4889 880 4967 que
896 4859 968 4938 luit
981 4886 1059 4938 ιιιιιι
1075 4857 1156 4934 dies
1170 4858 1259 4935 dicti
1275 4856 1414 4933 mensis
1428 4853 1638 4938 Februarii,
1652 4850 1735 4928 sue-

1597 5008 1626 5068 9.
