<?xml version="1.0" encoding="UTF-8"?>
<!DOCTYPE html PUBLIC "-//W3C//DTD XHTML 1.0 Transitional//EN"
    "http://www.w3.org/TR/xhtml1/DTD/xhtml1-transitional.dtd">
<html xmlns="http://www.w3.org/1999/xhtml" xml:lang="en" lang="en">
 <head>
  <title>
</title>
<meta http-equiv="Content-Type" content="text/html;charset=utf-8" />
  <meta name='ocr-system' content='tesseract 3.04.00' />
  <meta name='ocr-capabilities' content='ocr_page ocr_carea ocr_par ocr_line ocrx_word'/>
</head>
<body>
  <div class='ocr_page' id='page_1' title='image "./procsdestemplie02defegoog_0297.png"; bbox 0 0 4080 6052; ppageno 0'>
   <div class='ocr_carea' id='block_1_1' title="bbox 304 508 1776 4935">
    <p class='ocr_par' dir='ltr' id='par_1_1' title="bbox 305 508 1776 3634">
     <span class='ocr_line' id='line_1_1' title="bbox 698 508 1733 616; baseline 0.002 -11"><span class='ocrx_word' id='word_1_1' title='bbox 698 508 1017 607; x_wconf 71' lang='lat' dir='ltr'><strong>sanctonas</strong></span> <span class='ocrx_word' id='word_1_2' title='bbox 1044 527 1345 607; x_wconf 70' lang='lat' dir='ltr'><strong>inuramus.</strong></span> <span class='ocrx_word' id='word_1_3' title='bbox 1655 537 1733 616; x_wconf 79' lang='lat' dir='ltr'><strong>nro</strong></span> 
     </span>
     <span class='ocr_line' id='line_1_2' title="bbox 316 665 1734 778; baseline -0.002 -32"><span class='ocrx_word' id='word_1_4' title='bbox 316 671 539 778; x_wconf 77' lang='lat' dir='ltr'><strong>mpradictis</strong></span> <span class='ocrx_word' id='word_1_5' title='bbox 562 697 630 773; x_wconf 78' lang='lat' dir='ltr'><strong>por</strong></span> <span class='ocrx_word' id='word_1_6' title='bbox 652 665 816 774; x_wconf 81' lang='lat' dir='ltr'><strong>prefatos</strong></span> <span class='ocrx_word' id='word_1_7' title='bbox 840 665 1073 772; x_wconf 78' lang='lat' dir='ltr'><strong>prepositum</strong></span> <span class='ocrx_word' id='word_1_8' title='bbox 1098 666 1354 752; x_wconf 73' lang='lat' dir='ltr'><strong>ricnvensen</strong></span> <span class='ocrx_word' id='word_1_9' title='bbox 1371 681 1411 743; x_wconf 87' lang='lat' dir='ltr'><strong>et</strong></span> <span class='ocrx_word' id='word_1_10' title='bbox 1430 667 1734 761; x_wconf 74' lang='lat' dir='ltr'><strong>archidiaconum</strong></span> 
     </span>
     <span class='ocr_line' id='line_1_3' title="bbox 316 798 1732 911; baseline 0.003 -32"><span class='ocrx_word' id='word_1_11' title='bbox 316 800 620 886; x_wconf 64' lang='lat' dir='ltr'><strong>aurelianensem</strong></span> <span class='ocrx_word' id='word_1_12' title='bbox 641 827 696 882; x_wconf 76' lang='lat' dir='ltr'><strong>aa</strong></span> <span class='ocrx_word' id='word_1_13' title='bbox 726 813 832 904; x_wconf 84' lang='lat' dir='ltr'><strong>parte</strong></span> <span class='ocrx_word' id='word_1_14' title='bbox 865 798 1054 880; x_wconf 83' lang='lat' dir='ltr'><strong>dictorum</strong></span> <span class='ocrx_word' id='word_1_15' title='bbox 1089 798 1342 911; x_wconf 77' lang='lat' dir='ltr'><strong>dominorum·</strong></span> <span class='ocrx_word' id='word_1_16' title='bbox 1366 800 1732 894; x_wconf 77' lang='lat' dir='ltr'><strong>commissariorum.</strong></span> 
     </span>
     <span class='ocr_line' id='line_1_4' title="bbox 312 927 1734 1036; baseline -0.002 -23"><span class='ocrx_word' id='word_1_17' title='bbox 312 946 594 1036; x_wconf 79' lang='lat' dir='ltr'><strong>proposuerant</strong></span> <span class='ocrx_word' id='word_1_18' title='bbox 615 928 734 1011; x_wconf 77' lang='lat' dir='ltr'><strong>iidem</strong></span> <span class='ocrx_word' id='word_1_19' title='bbox 757 927 930 1034; x_wconf 78' lang='lat' dir='ltr'><strong>magistri.</strong></span> <span class='ocrx_word' id='word_1_20' title='bbox 948 930 990 1007; x_wconf 89' lang='lat' dir='ltr'><strong>P.</strong></span> <span class='ocrx_word' id='word_1_21' title='bbox 1016 930 1063 1011; x_wconf 73' lang='lat' dir='ltr'><strong>dt</strong></span> <span class='ocrx_word' id='word_1_22' title='bbox 1088 930 1227 1019; x_wconf 79' lang='lat' dir='ltr'><strong>Massa,</strong></span> <span class='ocrx_word' id='word_1_23' title='bbox 1247 929 1407 1015; x_wconf 82' lang='lat' dir='ltr'><strong>Michacl</strong></span> <span class='ocrx_word' id='word_1_24' title='bbox 1421 930 1734 1023; x_wconf 74' lang='lat' dir='ltr'><strong>Malieonductua</strong></span> 
     </span>
     <span class='ocr_line' id='line_1_5' title="bbox 313 1059 1733 1152; baseline 0.001 -15"><span class='ocrx_word' id='word_1_25' title='bbox 313 1078 351 1137; x_wconf 82' lang='lat' dir='ltr'><strong>et</strong></span> <span class='ocrx_word' id='word_1_26' title='bbox 366 1063 557 1144; x_wconf 77' lang='lat' dir='ltr'><strong>iohannes</strong></span> <span class='ocrx_word' id='word_1_27' title='bbox 575 1059 754 1141; x_wconf 87' lang='lat' dir='ltr'><strong>Coccardi</strong></span> <span class='ocrx_word' id='word_1_28' title='bbox 772 1059 1044 1148; x_wconf 85' lang='lat' dir='ltr'><strong>Pithuerensis‚</strong></span> <span class='ocrx_word' id='word_1_29' title='bbox 1068 1088 1193 1147; x_wconf 65' lang='lat' dir='ltr'><strong>amam</strong></span> <span class='ocrx_word' id='word_1_30' title='bbox 1211 1060 1354 1144; x_wconf 78' lang='lat' dir='ltr'><strong>eisdem</strong></span> <span class='ocrx_word' id='word_1_31' title='bbox 1373 1060 1540 1145; x_wconf 85' lang='lat' dir='ltr'><strong>dominis</strong></span> <span class='ocrx_word' id='word_1_32' title='bbox 1558 1065 1733 1152; x_wconf 65' lang='lat' dir='ltr'><strong>commis</strong></span> 
     </span>
     <span class='ocr_line' id='line_1_6' title="bbox 309 1188 1730 1295; baseline -0.001 -26"><span class='ocrx_word' id='word_1_33' title='bbox 309 1191 435 1279; x_wconf 81' lang='lat' dir='ltr'><strong>soriis,</strong></span> <span class='ocrx_word' id='word_1_34' title='bbox 450 1216 496 1273; x_wconf 83' lang='lat' dir='ltr'><strong>so</strong></span> <span class='ocrx_word' id='word_1_35' title='bbox 520 1189 700 1269; x_wconf 58' lang='lat' dir='ltr'><strong>mairac</strong></span> <span class='ocrx_word' id='word_1_36' title='bbox 717 1190 756 1266; x_wconf 92' lang='lat' dir='ltr'><strong>in</strong></span> <span class='ocrx_word' id='word_1_37' title='bbox 777 1188 962 1271; x_wconf 69' lang='lat' dir='ltr'><strong>meruistis</strong></span> <span class='ocrx_word' id='word_1_38' title='bbox 981 1218 1003 1269; x_wconf 88' lang='lat' dir='ltr'><strong>a</strong></span> <span class='ocrx_word' id='word_1_39' title='bbox 1023 1188 1730 1295; x_wconf 32' lang='lat' dir='ltr'><strong>domiuoarchiepiscopo.:Sarouenoi</strong></span> 
     </span>
     <span class='ocr_line' id='line_1_7' title="bbox 312 1319 1733 1430; baseline 0.006 -31"><span class='ocrx_word' id='word_1_40' title='bbox 312 1321 557 1428; x_wconf 84' lang='lat' dir='ltr'><strong>suffraganeis</strong></span> <span class='ocrx_word' id='word_1_41' title='bbox 575 1322 655 1401; x_wconf 87' lang='lat' dir='ltr'><strong>suis</strong></span> <span class='ocrx_word' id='word_1_42' title='bbox 673 1335 716 1401; x_wconf 84' lang='lat' dir='ltr'><strong>at·</strong></span> <span class='ocrx_word' id='word_1_43' title='bbox 730 1319 891 1429; x_wconf 73' lang='lat' dir='ltr'><strong>concilio</strong></span> <span class='ocrx_word' id='word_1_44' title='bbox 911 1320 1123 1408; x_wconf 70' lang='lat' dir='ltr'><strong>antedictis,</strong></span> <span class='ocrx_word' id='word_1_45' title='bbox 1142 1320 1252 1425; x_wconf 64' lang='lat' dir='ltr'><strong>quod⁴</strong></span> <span class='ocrx_word' id='word_1_46' title='bbox 1269 1350 1313 1401; x_wconf 81' lang='lat' dir='ltr'><strong>ex</strong></span> <span class='ocrx_word' id='word_1_47' title='bbox 1331 1337 1437 1425; x_wconf 78' lang='lat' dir='ltr'><strong>parte</strong></span> <span class='ocrx_word' id='word_1_48' title='bbox 1462 1348 1595 1410; x_wconf 77' lang='lat' dir='ltr'><strong>aarum</strong></span> <span class='ocrx_word' id='word_1_49' title='bbox 1619 1325 1733 1430; x_wconf 62' lang='lat' dir='ltr'><strong>agni»</strong></span> 
     </span>
     <span class='ocr_line' id='line_1_8' title="bbox 313 1449 1732 1558; baseline 0.001 -31"><span class='ocrx_word' id='word_1_50' title='bbox 313 1451 467 1533; x_wconf 77' lang='lat' dir='ltr'><strong>finarent</strong></span> <span class='ocrx_word' id='word_1_51' title='bbox 486 1452 576 1558; x_wconf 89' lang='lat' dir='ltr'><strong>ipsis</strong></span> <span class='ocrx_word' id='word_1_52' title='bbox 590 1450 754 1533; x_wconf 84' lang='lat' dir='ltr'><strong>dominis</strong></span> <span class='ocrx_word' id='word_1_53' title='bbox 774 1450 1063 1531; x_wconf 81' lang='lat' dir='ltr'><strong>commissoriis:</strong></span> <span class='ocrx_word' id='word_1_54' title='bbox 1080 1450 1252 1545; x_wconf 77' lang='lat' dir='ltr'><strong>Quataer</strong></span> <span class='ocrx_word' id='word_1_55' title='bbox 1270 1449 1443 1536; x_wconf 78' lang='lat' dir='ltr'><strong>hieniurn</strong></span> <span class='ocrx_word' id='word_1_56' title='bbox 1466 1468 1546 1531; x_wconf 86' lang='lat' dir='ltr'><strong>erat</strong></span> <span class='ocrx_word' id='word_1_57' title='bbox 1564 1452 1732 1558; x_wconf 84' lang='lat' dir='ltr'><strong>elapsum</strong></span> 
     </span>
     <span class='ocr_line' id='line_1_9' title="bbox 313 1565 1730 1688; baseline -0.001 -30"><span class='ocrx_word' id='word_1_58' title='bbox 313 1583 417 1687; x_wconf 92' lang='lat' dir='ltr'><strong>quod</strong></span> <span class='ocrx_word' id='word_1_59' title='bbox 431 1582 555 1659; x_wconf 83' lang='lat' dir='ltr'><strong>fuerat</strong></span> <span class='ocrx_word' id='word_1_60' title='bbox 573 1581 743 1658; x_wconf 88' lang='lat' dir='ltr'><strong>inchoata</strong></span> <span class='ocrx_word' id='word_1_61' title='bbox 763 1580 961 1688; x_wconf 91' lang='lat' dir='ltr'><strong>inquisicio</strong></span> <span class='ocrx_word' id='word_1_62' title='bbox 969 1565 1110 1685; x_wconf 63' lang='lat' dir='ltr'><strong>‚edntra</strong></span> <span class='ocrx_word' id='word_1_63' title='bbox 1130 1581 1272 1656; x_wconf 90' lang='lat' dir='ltr'><strong>dictum</strong></span> <span class='ocrx_word' id='word_1_64' title='bbox 1294 1579 1445 1655; x_wconf 82' lang='lat' dir='ltr'><strong>fratrem</strong></span> <span class='ocrx_word' id='word_1_65' title='bbox 1466 1582 1730 1686; x_wconf 79' lang='lat' dir='ltr'><strong>Reginaidum,</strong></span> 
     </span>
     <span class='ocr_line' id='line_1_10' title="bbox 311 1690 1776 1819; baseline 0.001 -29"><span class='ocrx_word' id='word_1_66' title='bbox 311 1729 488 1817; x_wconf 79' lang='lat' dir='ltr'><strong>tanquam</strong></span> <span class='ocrx_word' id='word_1_67' title='bbox 508 1729 637 1793; x_wconf 84' lang='lat' dir='ltr'><strong>contm</strong></span> <span class='ocrx_word' id='word_1_68' title='bbox 655 1711 808 1795; x_wconf 63' lang='lat' dir='ltr'><strong>fratrem</strong></span> <span class='ocrx_word' id='word_1_69' title='bbox 828 1712 1057 1819; x_wconf 72' lang='lat' dir='ltr'><strong>singularem</strong></span> <span class='ocrx_word' id='word_1_70' title='bbox 1081 1710 1172 1791; x_wconf 89' lang='lat' dir='ltr'><strong>dicti</strong></span> <span class='ocrx_word' id='word_1_71' title='bbox 1191 1709 1351 1799; x_wconf 80' lang='lat' dir='ltr'><strong>ordinis,</strong></span> <span class='ocrx_word' id='word_1_72' title='bbox 1373 1737 1488 1814; x_wconf 80' lang='lat' dir='ltr'><strong>super</strong></span> <span class='ocrx_word' id='word_1_73' title='bbox 1512 1711 1733 1799; x_wconf 77' lang='lat' dir='ltr'><strong>criminibus</strong></span> <span class='ocrx_word' id='word_1_74' title='bbox 1763 1690 1776 1709; x_wconf 60' lang='grc'><strong>”</strong></span> 
     </span>
     <span class='ocr_line' id='line_1_11' title="bbox 310 1839 1732 1948; baseline 0.001 -30"><span class='ocrx_word' id='word_1_75' title='bbox 310 1869 383 1946; x_wconf 85' lang='lat' dir='ltr'><strong>que</strong></span> <span class='ocrx_word' id='word_1_76' title='bbox 414 1842 710 1948; x_wconf 76' lang='lat' dir='ltr'><strong>imponebantur·</strong></span> <span class='ocrx_word' id='word_1_77' title='bbox 733 1841 857 1923; x_wconf 85' lang='lat' dir='ltr'><strong>eidem</strong></span> <span class='ocrx_word' id='word_1_78' title='bbox 886 1859 924 1921; x_wconf 85' lang='lat' dir='ltr'><strong>ot</strong></span> <span class='ocrx_word' id='word_1_79' title='bbox 948 1842 1030 1921; x_wconf 85' lang='lat' dir='ltr'><strong>aliis</strong></span> <span class='ocrx_word' id='word_1_80' title='bbox 1056 1840 1237 1928; x_wconf 79' lang='lat' dir='ltr'><strong>iratribus</strong></span> <span class='ocrx_word' id='word_1_81' title='bbox 1266 1839 1356 1919; x_wconf 91' lang='lat' dir='ltr'><strong>dicti</strong></span> <span class='ocrx_word' id='word_1_82' title='bbox 1381 1839 1540 1936; x_wconf 72' lang='lat' dir='ltr'><strong>ordinis„</strong></span> <span class='ocrx_word' id='word_1_83' title='bbox 1567 1859 1605 1925; x_wconf 87' lang='lat' dir='ltr'><strong>et</strong></span> <span class='ocrx_word' id='word_1_84' title='bbox 1627 1843 1732 1947; x_wconf 73' lang='lat' dir='ltr'><strong>quod</strong></span> 
     </span>
     <span class='ocr_line' id='line_1_12' title="bbox 310 1969 1732 2078; baseline 0.003 -34"><span class='ocrx_word' id='word_1_85' title='bbox 310 1970 380 2075; x_wconf 85' lang='lat' dir='ltr'><strong>ipsi</strong></span> <span class='ocrx_word' id='word_1_86' title='bbox 401 1990 506 2050; x_wconf 82' lang='lat' dir='ltr'><strong>amnt</strong></span> <span class='ocrx_word' id='word_1_87' title='bbox 522 1972 685 2050; x_wconf 84' lang='lat' dir='ltr'><strong>Parisios</strong></span> <span class='ocrx_word' id='word_1_88' title='bbox 701 1972 741 2047; x_wconf 91' lang='lat' dir='ltr'><strong>in</strong></span> <span class='ocrx_word' id='word_1_89' title='bbox 758 1971 919 2055; x_wconf 84' lang='lat' dir='ltr'><strong>concilio</strong></span> <span class='ocrx_word' id='word_1_90' title='bbox 938 1971 1150 2078; x_wconf 77' lang='lat' dir='ltr'><strong>congregati</strong></span> <span class='ocrx_word' id='word_1_91' title='bbox 1168 1988 1212 2051; x_wconf 90' lang='lat' dir='ltr'><strong>ut</strong></span> <span class='ocrx_word' id='word_1_92' title='bbox 1228 1969 1365 2051; x_wconf 88' lang='lat' dir='ltr'><strong>dictam</strong></span> <span class='ocrx_word' id='word_1_93' title='bbox 1386 1970 1672 2076; x_wconf 79' lang='lat' dir='ltr'><strong>inquisicionem</strong></span> <span class='ocrx_word' id='word_1_94' title='bbox 1694 1990 1732 2051; x_wconf 92' lang='lat' dir='ltr'><strong>et</strong></span> 
     </span>
     <span class='ocr_line' id='line_1_13' title="bbox 310 2100 1729 2208; baseline 0.001 -32"><span class='ocrx_word' id='word_1_95' title='bbox 310 2100 415 2187; x_wconf 84' lang='lat' dir='ltr'><strong>eiius,</strong></span> <span class='ocrx_word' id='word_1_96' title='bbox 435 2100 550 2180; x_wconf 81' lang='lat' dir='ltr'><strong>iactas</strong></span> <span class='ocrx_word' id='word_1_97' title='bbox 570 2119 700 2183; x_wconf 74' lang='lat' dir='ltr'><strong>conus</strong></span> <span class='ocrx_word' id='word_1_98' title='bbox 725 2101 932 2208; x_wconf 77' lang='lat' dir='ltr'><strong>singulares</strong></span> <span class='ocrx_word' id='word_1_99' title='bbox 955 2101 1089 2188; x_wconf 74' lang='lat' dir='ltr'><strong>fratres</strong></span> <span class='ocrx_word' id='word_1_100' title='bbox 1106 2101 1255 2206; x_wconf 85' lang='lat' dir='ltr'><strong>Templi</strong></span> <span class='ocrx_word' id='word_1_101' title='bbox 1275 2100 1466 2206; x_wconf 69' lang='lat' dir='ltr'><strong>prouincia</strong></span> <span class='ocrx_word' id='word_1_102' title='bbox 1490 2101 1729 2192; x_wconf 81' lang='lat' dir='ltr'><strong>eorumdem,</strong></span> 
     </span>
     <span class='ocr_line' id='line_1_14' title="bbox 305 2229 1732 2337; baseline 0 -28"><span class='ocrx_word' id='word_1_103' title='bbox 305 2231 412 2336; x_wconf 83' lang='lat' dir='ltr'><strong>juxta</strong></span> <span class='ocrx_word' id='word_1_104' title='bbox 425 2229 586 2310; x_wconf 78' lang='lat' dir='ltr'><strong>sormam</strong></span> <span class='ocrx_word' id='word_1_105' title='bbox 600 2231 768 2309; x_wconf 89' lang='lat' dir='ltr'><strong>mandati</strong></span> <span class='ocrx_word' id='word_1_106' title='bbox 781 2232 974 2335; x_wconf 88' lang='lat' dir='ltr'><strong>apostolici</strong></span> <span class='ocrx_word' id='word_1_107' title='bbox 990 2231 1138 2313; x_wconf 79' lang='lat' dir='ltr'><strong>racione</strong></span> <span class='ocrx_word' id='word_1_108' title='bbox 1152 2231 1278 2335; x_wconf 79' lang='lat' dir='ltr'><strong>previa</strong></span> <span class='ocrx_word' id='word_1_109' title='bbox 1291 2230 1554 2320; x_wconf 79' lang='lat' dir='ltr'><strong>terminarent,</strong></span> <span class='ocrx_word' id='word_1_110' title='bbox 1571 2248 1608 2308; x_wconf 90' lang='lat' dir='ltr'><strong>et</strong></span> <span class='ocrx_word' id='word_1_111' title='bbox 1626 2232 1732 2337; x_wconf 89' lang='lat' dir='ltr'><strong>quod</strong></span> 
     </span>
     <span class='ocr_line' id='line_1_15' title="bbox 310 2360 1731 2466; baseline 0.001 -31"><span class='ocrx_word' id='word_1_112' title='bbox 310 2361 412 2438; x_wconf 87' lang='lat' dir='ltr'><strong>idem</strong></span> <span class='ocrx_word' id='word_1_113' title='bbox 436 2361 621 2441; x_wconf 86' lang='lat' dir='ltr'><strong>dominus.</strong></span> <span class='ocrx_word' id='word_1_114' title='bbox 641 2360 942 2466; x_wconf 75' lang='lat' dir='ltr'><strong>archiepiscopus</strong></span> <span class='ocrx_word' id='word_1_115' title='bbox 965 2388 1043 2437; x_wconf 89' lang='lat' dir='ltr'><strong>non</strong></span> <span class='ocrx_word' id='word_1_116' title='bbox 1066 2376 1213 2465; x_wconf 85' lang='lat' dir='ltr'><strong>poterat</strong></span> <span class='ocrx_word' id='word_1_117' title='bbox 1237 2369 1476 2464; x_wconf 80' lang='lat' dir='ltr'><strong>quocumque</strong></span> <span class='ocrx_word' id='word_1_118' title='bbox 1501 2360 1650 2447; x_wconf 84' lang='lat' dir='ltr'><strong>volebat</strong></span> <span class='ocrx_word' id='word_1_119' title='bbox 1674 2361 1731 2449; x_wconf 72' lang='lat' dir='ltr'><strong>di</strong></span> 
     </span>
     <span class='ocr_line' id='line_1_16' title="bbox 309 2488 1733 2596; baseline 0.001 -30"><span class='ocrx_word' id='word_1_120' title='bbox 309 2507 412 2573; x_wconf 86' lang='lat' dir='ltr'><strong>ctum</strong></span> <span class='ocrx_word' id='word_1_121' title='bbox 433 2491 634 2571; x_wconf 79' lang='lat' dir='ltr'><strong>concilium</strong></span> <span class='ocrx_word' id='word_1_122' title='bbox 659 2518 901 2596; x_wconf 74' lang='lat' dir='ltr'><strong>congregare3</strong></span> <span class='ocrx_word' id='word_1_123' title='bbox 926 2490 1163 2596; x_wconf 79' lang='lat' dir='ltr'><strong>requirentes</strong></span> <span class='ocrx_word' id='word_1_124' title='bbox 1187 2488 1275 2567; x_wconf 89' lang='lat' dir='ltr'><strong>dicti</strong></span> <span class='ocrx_word' id='word_1_125' title='bbox 1297 2488 1464 2594; x_wconf 76' lang='lat' dir='ltr'><strong>magistri</strong></span> <span class='ocrx_word' id='word_1_126' title='bbox 1483 2490 1641 2578; x_wconf 81' lang='lat' dir='ltr'><strong>Petrus,</strong></span> <span class='ocrx_word' id='word_1_127' title='bbox 1661 2490 1733 2568; x_wconf 82' lang='lat' dir='ltr'><strong>Mi·</strong></span> 
     </span>
     <span class='ocr_line' id='line_1_17' title="bbox 309 2617 1730 2722; baseline -0.005 -21"><span class='ocrx_word' id='word_1_128' title='bbox 309 2619 414 2701; x_wconf 81' lang='lat' dir='ltr'><strong>chael</strong></span> <span class='ocrx_word' id='word_1_129' title='bbox 425 2637 463 2697; x_wconf 88' lang='lat' dir='ltr'><strong>et</strong></span> <span class='ocrx_word' id='word_1_130' title='bbox 472 2621 867 2708; x_wconf 61' lang='lat' dir='ltr'><strong>intensonosa,</strong></span> <span class='ocrx_word' id='word_1_131' title='bbox 880 2620 929 2697; x_wconf 89' lang='lat' dir='ltr'><strong>ab</strong></span> <span class='ocrx_word' id='word_1_132' title='bbox 943 2621 1087 2703; x_wconf 80' lang='lat' dir='ltr'><strong>eisdem</strong></span> <span class='ocrx_word' id='word_1_133' title='bbox 1098 2618 1263 2700; x_wconf 86' lang='lat' dir='ltr'><strong>dominis</strong></span> <span class='ocrx_word' id='word_1_134' title='bbox 1276 2617 1555 2709; x_wconf 73' lang='lat' dir='ltr'><strong>commissoriis,</strong></span> <span class='ocrx_word' id='word_1_135' title='bbox 1571 2635 1730 2722; x_wconf 71' lang='lat' dir='ltr'><strong>exparte</strong></span> 
     </span>
     <span class='ocr_line' id='line_1_18' title="bbox 308 2747 1729 2856; baseline 0.001 -31"><span class='ocrx_word' id='word_1_136' title='bbox 308 2749 479 2856; x_wconf 77' lang='lat' dir='ltr'><strong>ejusdem</strong></span> <span class='ocrx_word' id='word_1_137' title='bbox 499 2751 645 2831; x_wconf 91' lang='lat' dir='ltr'><strong>domini</strong></span> <span class='ocrx_word' id='word_1_138' title='bbox 664 2749 934 2855; x_wconf 80' lang='lat' dir='ltr'><strong>archiepiscopi</strong></span> <span class='ocrx_word' id='word_1_139' title='bbox 954 2748 1198 2838; x_wconf 80' lang='lat' dir='ltr'><strong>senonensis,</strong></span> <span class='ocrx_word' id='word_1_140' title='bbox 1218 2748 1390 2854; x_wconf 87' lang='lat' dir='ltr'><strong>ejusdem</strong></span> <span class='ocrx_word' id='word_1_141' title='bbox 1409 2747 1729 2852; x_wconf 79' lang='lat' dir='ltr'><strong>suffraganeorum</strong></span> 
     </span>
     <span class='ocr_line' id='line_1_19' title="bbox 308 2877 1730 2985; baseline -0.001 -30"><span class='ocrx_word' id='word_1_142' title='bbox 308 2897 345 2955; x_wconf 82' lang='lat' dir='ltr'><strong>et</strong></span> <span class='ocrx_word' id='word_1_143' title='bbox 364 2879 512 2962; x_wconf 78' lang='lat' dir='ltr'><strong>concilii</strong></span> <span class='ocrx_word' id='word_1_144' title='bbox 531 2879 806 2985; x_wconf 84' lang='lat' dir='ltr'><strong>predictorum.</strong></span> <span class='ocrx_word' id='word_1_145' title='bbox 827 2897 872 2960; x_wconf 86' lang='lat' dir='ltr'><strong>ut</strong></span> <span class='ocrx_word' id='word_1_146' title='bbox 890 2878 1126 2957; x_wconf 80' lang='lat' dir='ltr'><strong>declararent</strong></span> <span class='ocrx_word' id='word_1_147' title='bbox 1142 2878 1199 2957; x_wconf 86' lang='lat' dir='ltr'><strong>eis</strong></span> <span class='ocrx_word' id='word_1_148' title='bbox 1215 2877 1311 2983; x_wconf 89' lang='lat' dir='ltr'><strong>quid</strong></span> <span class='ocrx_word' id='word_1_149' title='bbox 1329 2877 1578 2959; x_wconf 81' lang='lat' dir='ltr'><strong>intendebant</strong></span> <span class='ocrx_word' id='word_1_150' title='bbox 1594 2905 1662 2982; x_wconf 87' lang='lat' dir='ltr'><strong>per</strong></span> <span class='ocrx_word' id='word_1_151' title='bbox 1681 2878 1730 2972; x_wconf 82' lang='lat' dir='ltr'><strong>si-</strong></span> 
     </span>
     <span class='ocr_line' id='line_1_20' title="bbox 306 3005 1729 3114; baseline 0 -29"><span class='ocrx_word' id='word_1_152' title='bbox 306 3008 590 3114; x_wconf 77' lang='lat' dir='ltr'><strong>gnificacionem</strong></span> <span class='ocrx_word' id='word_1_153' title='bbox 609 3039 724 3114; x_wconf 88' lang='lat' dir='ltr'><strong>quam</strong></span> <span class='ocrx_word' id='word_1_154' title='bbox 745 3010 843 3087; x_wconf 84' lang='lat' dir='ltr'><strong>dicta</strong></span> <span class='ocrx_word' id='word_1_155' title='bbox 862 3009 924 3087; x_wconf 89' lang='lat' dir='ltr'><strong>die</strong></span> <span class='ocrx_word' id='word_1_156' title='bbox 944 3008 1128 3093; x_wconf 88' lang='lat' dir='ltr'><strong>hodierna</strong></span> <span class='ocrx_word' id='word_1_157' title='bbox 1148 3008 1201 3085; x_wconf 89' lang='lat' dir='ltr'><strong>eis</strong></span> <span class='ocrx_word' id='word_1_158' title='bbox 1221 3007 1304 3090; x_wconf 87' lang='lat' dir='ltr'><strong>fieri</strong></span> <span class='ocrx_word' id='word_1_159' title='bbox 1323 3005 1489 3087; x_wconf 85' lang='lat' dir='ltr'><strong>fecerant</strong></span> <span class='ocrx_word' id='word_1_160' title='bbox 1506 3031 1574 3112; x_wconf 87' lang='lat' dir='ltr'><strong>per</strong></span> <span class='ocrx_word' id='word_1_161' title='bbox 1592 3035 1729 3113; x_wconf 81' lang='lat' dir='ltr'><strong>prepo-</strong></span> 
     </span>
     <span class='ocr_line' id='line_1_21' title="bbox 307 3135 1729 3229; baseline 0.002 -15"><span class='ocrx_word' id='word_1_162' title='bbox 307 3138 422 3217; x_wconf 81' lang='lat' dir='ltr'><strong>situm</strong></span> <span class='ocrx_word' id='word_1_163' title='bbox 452 3138 704 3216; x_wconf 86' lang='lat' dir='ltr'><strong>Pictavensem</strong></span> <span class='ocrx_word' id='word_1_164' title='bbox 738 3156 776 3214; x_wconf 90' lang='lat' dir='ltr'><strong>et</strong></span> <span class='ocrx_word' id='word_1_165' title='bbox 805 3137 1111 3219; x_wconf 85' lang='lat' dir='ltr'><strong>archidiaconum</strong></span> <span class='ocrx_word' id='word_1_166' title='bbox 1142 3135 1452 3225; x_wconf 80' lang='lat' dir='ltr'><strong>Aurelianensern</strong></span> <span class='ocrx_word' id='word_1_167' title='bbox 1482 3154 1729 3229; x_wconf 73' lang='lat' dir='ltr'><strong>memoratos,</strong></span> 
     </span>
     <span class='ocr_line' id='line_1_22' title="bbox 308 3267 1728 3374; baseline 0.001 -28"><span class='ocrx_word' id='word_1_168' title='bbox 308 3286 514 3347; x_wconf 74' lang='lat' dir='ltr'><strong>asserentes</strong></span> <span class='ocrx_word' id='word_1_169' title='bbox 534 3268 639 3374; x_wconf 89' lang='lat' dir='ltr'><strong>quod</strong></span> <span class='ocrx_word' id='word_1_170' title='bbox 662 3296 739 3349; x_wconf 89' lang='lat' dir='ltr'><strong>non</strong></span> <span class='ocrx_word' id='word_1_171' title='bbox 763 3287 843 3345; x_wconf 86' lang='lat' dir='ltr'><strong>erat</strong></span> <span class='ocrx_word' id='word_1_172' title='bbox 861 3268 1081 3355; x_wconf 80' lang='lat' dir='ltr'><strong>intentionis</strong></span> <span class='ocrx_word' id='word_1_173' title='bbox 1097 3267 1273 3374; x_wconf 80' lang='lat' dir='ltr'><strong>ejusdem</strong></span> <span class='ocrx_word' id='word_1_174' title='bbox 1297 3267 1441 3351; x_wconf 84' lang='lat' dir='ltr'><strong>domini</strong></span> <span class='ocrx_word' id='word_1_175' title='bbox 1462 3267 1728 3374; x_wconf 81' lang='lat' dir='ltr'><strong>archiepiscopi</strong></span> 
     </span>
     <span class='ocr_line' id='line_1_23' title="bbox 307 3397 1728 3506; baseline -0.001 -29"><span class='ocrx_word' id='word_1_176' title='bbox 307 3400 553 3488; x_wconf 78' lang='lat' dir='ltr'><strong>Sunonensis,</strong></span> <span class='ocrx_word' id='word_1_177' title='bbox 573 3398 896 3504; x_wconf 83' lang='lat' dir='ltr'><strong>suffraganeorum</strong></span> <span class='ocrx_word' id='word_1_178' title='bbox 917 3416 956 3476; x_wconf 87' lang='lat' dir='ltr'><strong>et</strong></span> <span class='ocrx_word' id='word_1_179' title='bbox 974 3398 1122 3483; x_wconf 76' lang='lat' dir='ltr'><strong>concilii</strong></span> <span class='ocrx_word' id='word_1_180' title='bbox 1142 3397 1315 3506; x_wconf 84' lang='lat' dir='ltr'><strong>ejusdem</strong></span> <span class='ocrx_word' id='word_1_181' title='bbox 1334 3398 1376 3481; x_wconf 86' lang='lat' dir='ltr'><strong>in</strong></span> <span class='ocrx_word' id='word_1_182' title='bbox 1394 3397 1728 3503; x_wconf 81' lang='lat' dir='ltr'><strong>aliquoirnpedire</strong></span> 
     </span>
     <span class='ocr_line' id='line_1_24' title="bbox 307 3526 1388 3634; baseline 0.004 -32"><span class='ocrx_word' id='word_1_183' title='bbox 307 3527 473 3611; x_wconf 84' lang='lat' dir='ltr'><strong>officium</strong></span> <span class='ocrx_word' id='word_1_184' title='bbox 494 3529 736 3611; x_wconf 82' lang='lat' dir='ltr'><strong>dominorum</strong></span> <span class='ocrx_word' id='word_1_185' title='bbox 756 3529 1100 3613; x_wconf 86' lang='lat' dir='ltr'><strong>commissariorum</strong></span> <span class='ocrx_word' id='word_1_186' title='bbox 1119 3526 1388 3634; x_wconf 80' lang='lat' dir='ltr'><strong>predictorum.</strong></span> 
     </span>
    </p>

    <p class='ocr_par' dir='ltr' id='par_1_2' title="bbox 304 3656 1729 4935">
     <span class='ocr_line' id='line_1_25' title="bbox 360 3656 1729 3764; baseline -0.002 -29"><span class='ocrx_word' id='word_1_187' title='bbox 360 3659 418 3735; x_wconf 90' lang='lat' dir='ltr'><strong>De</strong></span> <span class='ocrx_word' id='word_1_188' title='bbox 429 3659 569 3763; x_wconf 90' lang='lat' dir='ltr'><strong>quibus</strong></span> <span class='ocrx_word' id='word_1_189' title='bbox 582 3661 761 3739; x_wconf 88' lang='lat' dir='ltr'><strong>omnibus</strong></span> <span class='ocrx_word' id='word_1_190' title='bbox 770 3661 885 3738; x_wconf 89' lang='lat' dir='ltr'><strong>iidem</strong></span> <span class='ocrx_word' id='word_1_191' title='bbox 896 3659 1063 3764; x_wconf 84' lang='lat' dir='ltr'><strong>magistri</strong></span> <span class='ocrx_word' id='word_1_192' title='bbox 1075 3661 1220 3748; x_wconf 79' lang='lat' dir='ltr'><strong>Petrus,</strong></span> <span class='ocrx_word' id='word_1_193' title='bbox 1237 3657 1397 3743; x_wconf 78' lang='lat' dir='ltr'><strong>Michael</strong></span> <span class='ocrx_word' id='word_1_194' title='bbox 1407 3659 1537 3743; x_wconf 70' lang='lat' dir='ltr'><strong>etJoir</strong></span> <span class='ocrx_word' id='word_1_195' title='bbox 1549 3656 1729 3737; x_wconf 79' lang='lat' dir='ltr'><strong>coecardi</strong></span> 
     </span>
     <span class='ocr_line' id='line_1_26' title="bbox 306 3767 1724 3896; baseline 0.001 -36"><span class='ocrx_word' id='word_1_196' title='bbox 306 3767 583 3889; x_wconf 80' lang='lat' dir='ltr'><strong>requisiverunt</strong></span> <span class='ocrx_word' id='word_1_197' title='bbox 599 3789 682 3867; x_wconf 85' lang='lat' dir='ltr'><strong>fieri</strong></span> <span class='ocrx_word' id='word_1_198' title='bbox 696 3788 894 3893; x_wconf 89' lang='lat' dir='ltr'><strong>publicum</strong></span> <span class='ocrx_word' id='word_1_199' title='bbox 909 3789 1221 3896; x_wconf 83' lang='lat' dir='ltr'><strong>instrumentum,</strong></span> <span class='ocrx_word' id='word_1_200' title='bbox 1237 3813 1305 3892; x_wconf 92' lang='lat' dir='ltr'><strong>per</strong></span> <span class='ocrx_word' id='word_1_201' title='bbox 1316 3787 1520 3893; x_wconf 85' lang='lat' dir='ltr'><strong>quemdam</strong></span> <span class='ocrx_word' id='word_1_202' title='bbox 1534 3786 1724 3876; x_wconf 88' lang='lat' dir='ltr'><strong>clericum,</strong></span> 
     </span>
     <span class='ocr_line' id='line_1_27' title="bbox 306 3915 1728 4022; baseline 0.001 -31"><span class='ocrx_word' id='word_1_203' title='bbox 306 3942 435 3992; x_wconf 85' lang='lat' dir='ltr'><strong>secum</strong></span> <span class='ocrx_word' id='word_1_204' title='bbox 446 3915 663 4007; x_wconf 84' lang='lat' dir='ltr'><strong>adductum,</strong></span> <span class='ocrx_word' id='word_1_205' title='bbox 677 3944 793 4021; x_wconf 86' lang='lat' dir='ltr'><strong>quem</strong></span> <span class='ocrx_word' id='word_1_206' title='bbox 805 3944 884 3996; x_wconf 86' lang='lat' dir='ltr'><strong>esse</strong></span> <span class='ocrx_word' id='word_1_207' title='bbox 894 3917 1084 4001; x_wconf 84' lang='lat' dir='ltr'><strong>notorium</strong></span> <span class='ocrx_word' id='word_1_208' title='bbox 1092 3915 1416 4001; x_wconf 73' lang='lat' dir='ltr'><strong>asserebancrost</strong></span> <span class='ocrx_word' id='word_1_209' title='bbox 1427 3945 1514 4022; x_wconf 81' lang='lat' dir='ltr'><strong>que,</strong></span> <span class='ocrx_word' id='word_1_210' title='bbox 1525 3915 1728 3995; x_wconf 85' lang='lat' dir='ltr'><strong>collacione</strong></span> 
     </span>
     <span class='ocr_line' id='line_1_28' title="bbox 306 4042 1728 4149; baseline 0 -28"><span class='ocrx_word' id='word_1_211' title='bbox 306 4043 631 4149; x_wconf 84' lang='lat' dir='ltr'><strong>superpremissis</strong></span> <span class='ocrx_word' id='word_1_212' title='bbox 655 4044 754 4125; x_wconf 82' lang='lat' dir='ltr'><strong>inter</strong></span> <span class='ocrx_word' id='word_1_213' title='bbox 776 4045 951 4127; x_wconf 86' lang='lat' dir='ltr'><strong>dominos</strong></span> <span class='ocrx_word' id='word_1_214' title='bbox 971 4045 1246 4129; x_wconf 76' lang='lat' dir='ltr'><strong>commissarios</strong></span> <span class='ocrx_word' id='word_1_215' title='bbox 1266 4045 1474 4129; x_wconf 72' lang='lat' dir='ltr'><strong>antedictos</strong></span> <span class='ocrx_word' id='word_1_216' title='bbox 1491 4045 1635 4136; x_wconf 83' lang='lat' dir='ltr'><strong>hahita,</strong></span> <span class='ocrx_word' id='word_1_217' title='bbox 1656 4042 1728 4122; x_wconf 81' lang='lat' dir='ltr'><strong>fuit</strong></span> 
     </span>
     <span class='ocr_line' id='line_1_29' title="bbox 304 4173 1724 4281; baseline -0.002 -30"><span class='ocrx_word' id='word_1_218' title='bbox 304 4201 530 4280; x_wconf 82' lang='lat' dir='ltr'><strong>responsum</strong></span> <span class='ocrx_word' id='word_1_219' title='bbox 552 4203 622 4281; x_wconf 86' lang='lat' dir='ltr'><strong>par</strong></span> <span class='ocrx_word' id='word_1_220' title='bbox 651 4174 807 4253; x_wconf 87' lang='lat' dir='ltr'><strong>eosdem</strong></span> <span class='ocrx_word' id='word_1_221' title='bbox 836 4173 1011 4252; x_wconf 86' lang='lat' dir='ltr'><strong>dominns</strong></span> <span class='ocrx_word' id='word_1_222' title='bbox 1038 4173 1312 4267; x_wconf 84' lang='lat' dir='ltr'><strong>commissarios</strong></span> <span class='ocrx_word' id='word_1_223' title='bbox 1340 4174 1483 4253; x_wconf 71' lang='lat' dir='ltr'><strong>eudem</strong></span> <span class='ocrx_word' id='word_1_224' title='bbox 1512 4174 1724 4279; x_wconf 84' lang='lat' dir='ltr'><strong>magistris:</strong></span> 
     </span>
     <span class='ocr_line' id='line_1_30' title="bbox 306 4304 1726 4411; baseline 0.002 -29"><span class='ocrx_word' id='word_1_225' title='bbox 306 4306 422 4397; x_wconf 76' lang='lat' dir='ltr'><strong>Quod</strong></span> <span class='ocrx_word' id='word_1_226' title='bbox 441 4333 546 4394; x_wconf 86' lang='lat' dir='ltr'><strong>cum,</strong></span> <span class='ocrx_word' id='word_1_227' title='bbox 564 4306 613 4382; x_wconf 89' lang='lat' dir='ltr'><strong>da</strong></span> <span class='ocrx_word' id='word_1_228' title='bbox 631 4304 821 4387; x_wconf 82' lang='lat' dir='ltr'><strong>voluntate</strong></span> <span class='ocrx_word' id='word_1_229' title='bbox 842 4322 881 4382; x_wconf 89' lang='lat' dir='ltr'><strong>et</strong></span> <span class='ocrx_word' id='word_1_230' title='bbox 898 4304 1055 4385; x_wconf 86' lang='lat' dir='ltr'><strong>consilio</strong></span> <span class='ocrx_word' id='word_1_231' title='bbox 1075 4305 1165 4383; x_wconf 87' lang='lat' dir='ltr'><strong>dicti</strong></span> <span class='ocrx_word' id='word_1_232' title='bbox 1185 4304 1329 4383; x_wconf 78' lang='lat' dir='ltr'><strong>donnini</strong></span> <span class='ocrx_word' id='word_1_233' title='bbox 1350 4304 1618 4411; x_wconf 78' lang='lat' dir='ltr'><strong>archiepiscopi</strong></span> <span class='ocrx_word' id='word_1_234' title='bbox 1636 4307 1726 4385; x_wconf 90' lang='lat' dir='ltr'><strong>Nar-</strong></span> 
     </span>
     <span class='ocr_line' id='line_1_31' title="bbox 305 4432 1729 4543; baseline 0.002 -34"><span class='ocrx_word' id='word_1_235' title='bbox 305 4432 484 4513; x_wconf 88' lang='lat' dir='ltr'><strong>bonensis</strong></span> <span class='ocrx_word' id='word_1_236' title='bbox 501 4434 693 4523; x_wconf 72' lang='lat' dir='ltr'><strong>fecissent,</strong></span> <span class='ocrx_word' id='word_1_237' title='bbox 715 4433 856 4540; x_wconf 84' lang='lat' dir='ltr'><strong>absque</strong></span> <span class='ocrx_word' id='word_1_238' title='bbox 876 4432 1001 4540; x_wconf 86' lang='lat' dir='ltr'><strong>aliqua</strong></span> <span class='ocrx_word' id='word_1_239' title='bbox 1020 4433 1252 4519; x_wconf 83' lang='lat' dir='ltr'><strong>iuhibicione</strong></span> <span class='ocrx_word' id='word_1_240' title='bbox 1273 4452 1311 4517; x_wconf 85' lang='lat' dir='ltr'><strong>et</strong></span> <span class='ocrx_word' id='word_1_241' title='bbox 1328 4453 1521 4543; x_wconf 85' lang='lat' dir='ltr'><strong>precepto,</strong></span> <span class='ocrx_word' id='word_1_242' title='bbox 1543 4435 1729 4543; x_wconf 79' lang='lat' dir='ltr'><strong>significa-</strong></span> 
     </span>
     <span class='ocr_line' id='line_1_32' title="bbox 306 4562 1724 4673; baseline 0.004 -37"><span class='ocrx_word' id='word_1_243' title='bbox 306 4562 456 4644; x_wconf 86' lang='lat' dir='ltr'><strong>cionern</strong></span> <span class='ocrx_word' id='word_1_244' title='bbox 471 4565 678 4669; x_wconf 88' lang='lat' dir='ltr'><strong>predictam</strong></span> <span class='ocrx_word' id='word_1_245' title='bbox 695 4565 838 4647; x_wconf 84' lang='lat' dir='ltr'><strong>eisdem</strong></span> <span class='ocrx_word' id='word_1_246' title='bbox 856 4565 1016 4655; x_wconf 63' lang='lat' dir='ltr'><strong>domiuo,</strong></span> <span class='ocrx_word' id='word_1_247' title='bbox 1028 4565 1308 4671; x_wconf 86' lang='lat' dir='ltr'><strong>archiepiscopo</strong></span> <span class='ocrx_word' id='word_1_248' title='bbox 1324 4566 1555 4657; x_wconf 69' lang='lat' dir='ltr'><strong>senonensi,</strong></span> <span class='ocrx_word' id='word_1_249' title='bbox 1566 4566 1724 4673; x_wconf 72' lang='lat' dir='ltr'><strong>ejusque</strong></span> 
     </span>
     <span class='ocr_line' id='line_1_33' title="bbox 305 4690 1723 4804; baseline 0.007 -38"><span class='ocrx_word' id='word_1_250' title='bbox 305 4690 547 4797; x_wconf 84' lang='lat' dir='ltr'><strong>suffraganeis</strong></span> <span class='ocrx_word' id='word_1_251' title='bbox 571 4711 613 4772; x_wconf 89' lang='lat' dir='ltr'><strong>et</strong></span> <span class='ocrx_word' id='word_1_252' title='bbox 633 4695 809 4784; x_wconf 70' lang='lat' dir='ltr'><strong>concide,</strong></span> <span class='ocrx_word' id='word_1_253' title='bbox 835 4710 874 4775; x_wconf 87' lang='lat' dir='ltr'><strong>et</strong></span> <span class='ocrx_word' id='word_1_254' title='bbox 899 4695 999 4774; x_wconf 89' lang='lat' dir='ltr'><strong>dicta</strong></span> <span class='ocrx_word' id='word_1_255' title='bbox 1022 4695 1250 4804; x_wconf 72' lang='lat' dir='ltr'><strong>significaris</strong></span> <span class='ocrx_word' id='word_1_256' title='bbox 1275 4695 1375 4787; x_wconf 84' lang='lat' dir='ltr'><strong>clara</strong></span> <span class='ocrx_word' id='word_1_257' title='bbox 1389 4714 1496 4785; x_wconf 75' lang='lat' dir='ltr'><strong>,esset</strong></span> <span class='ocrx_word' id='word_1_258' title='bbox 1518 4714 1558 4775; x_wconf 82' lang='lat' dir='ltr'><strong>et</strong></span> <span class='ocrx_word' id='word_1_259' title='bbox 1579 4695 1723 4783; x_wconf 83' lang='lat' dir='ltr'><strong>nullam</strong></span> 
     </span>
     <span class='ocr_line' id='line_1_34' title="bbox 306 4823 1724 4935; baseline 0.003 -35"><span class='ocrx_word' id='word_1_260' title='bbox 306 4823 832 4934; x_wconf 69' lang='lat' dir='ltr'><strong>mannestambiguiuum,</strong></span> <span class='ocrx_word' id='word_1_261' title='bbox 852 4825 1248 4934; x_wconf 75' lang='lat' dir='ltr'><strong>diuosque-dominns</strong></span> <span class='ocrx_word' id='word_1_262' title='bbox 1266 4826 1567 4935; x_wconf 68' lang='lat' dir='ltr'><strong>archiepiscopus</strong></span> <span class='ocrx_word' id='word_1_263' title='bbox 1584 4825 1724 4921; x_wconf 88' lang='lat' dir='ltr'><strong>Narbo·</strong></span> 
     </span>
    </p>
   </div>
   <div class='ocr_carea' id='block_1_2' title="bbox 0 0 2044 6052">
    <p class='ocr_par' dir='ltr' id='par_1_3' title="bbox 0 0 2044 6052">
     <span class='ocr_line' id='line_1_35' title="bbox 0 0 2044 6052; baseline 0 3"><span class='ocrx_word' id='word_1_264' title='bbox 0 0 2044 6052; x_wconf 95' lang='lat' dir='ltr'><strong> </strong></span> 
     </span>
    </p>
   </div>
  </div>
 </body>
</html>
