4080 6052
477 551 670 643 enocns
697 570 792 643 nes
818 571 1119 645 reuertens.
1432 578 1504 650 515

93 722 242 811 ceptors
267 705 424 784 Pictavie
448 727 487 785 et
504 712 719 815 Aquitauie,
742 728 779 789 et
807 713 990 818 magistris
1019 715 1209 791 Provincie
1237 733 1273 790 et
1293 713 1503 806 Alamanie,

68 865 253 941 quorum
281 840 434 917 nomina
459 858 496 916 et
520 844 741 948 cognomina
767 843 929 950 ignorat,
956 863 995 922 et
1020 826 1193 950 pluribus
1223 844 1323 932 aliis,
1347 845 1386 919 in
1410 875 1506 951 quo

89 996 174 1043 rum
189 971 409 1074 receptione
429 971 546 1048 nichil
566 972 637 1049 suit
655 966 779 1049 actum
796 973 854 1050 vel
875 974 1018 1052 dietum
1039 975 1230 1063 illicitum3
1250 995 1288 1053 et
1304 993 1389 1081 post
1403 1005 1506 1053 rece-

89 1098 280 1202 pcionem,
300 1101 533 1178 intraverunt
557 1103 772 1180 immediate
788 1103 985 1180 <ecclesiam
1013 1108 1058 1183 ad
1084 1106 1316 1183 audiendum
1342 1105 1504 1183 missam.

89 1230 335 1306 Postmodum
354 1233 619 1323 comederunt„
643 1251 679 1309 et
698 1250 783 1338 post
802 1235 1072 1312 comestionem
1096 1235 1236 1340 recepti
1258 1255 1503 1312 recesserunt.

89 1359 218 1436 Plures
252 1389 328 1437 non
366 1362 458 1439 vidit
490 1364 623 1469 recipi,
658 1391 728 1440 nec
756 1364 924 1442 interfuit
953 1341 1044 1443 aliis.
1065 1366 1236 1472 capitulis
1268 1365 1503 1442 eorumdem.

89 1489 170 1593 lpse
198 1506 323 1565 autem
351 1489 423 1565 luit
449 1477 621 1595 receptus
649 1493 687 1567 in
717 1493 856 1597 capella
881 1492 1018 1569 domus
1048 1495 1096 1569 de
1125 1494 1334 1590 Saranhaco
1357 1494 1504 1599 Templi

89 1618 315 1695 Senonensis
346 1620 521 1708 diocesis,
546 1650 615 1726 per
645 1620 799 1698 fratrem
824 1623 1034 1700 Johannem
1063 1623 1113 1700 de
1133 1625 1281 1712 Turno,
1313 1623 1504 1729 quondam

88 1749 362 1826 thesaurarium
406 1768 497 1825 tunc
535 1751 684 1855 Templi
723 1752 953 1841 Parisiensis,
989 1753 1049 1828 die
1085 1753 1211 1829 Sabati
1248 1769 1333 1857 post
1368 1751 1504 1828 festum

87 1877 361 1984 Assumptionis
385 1881 494 1955 beate
520 1880 635 1956 Maris
666 1898 777 1956 erunt
803 1880 1005 1957 duodecim
1031 1881 1116 1956 anni
1142 1881 1201 1956 vel
1221 1881 1331 1967 circu,
1354 1908 1507 1984 presen-

88 2008 191 2083 tibus
214 2008 390 2086 fratribus
414 2007 595 2087 Renaudo
624 2010 671 2086 de
696 2010 911 2116 Tremplaio
931 2009 1166 2118 presbytero,
1186 2011 1285 2100 vivo,
1308 2028 1350 2088 ut
1368 2011 1502 2096 credit,

89 2138 198 2212 Petro
226 2136 376 2228 Gaude,
407 2141 576 2214 iohanne
606 2139 654 2215 de
679 2139 857 2217 Corbolio
886 2158 1104 2246 preceptore
1131 2160 1222 2218 tunc
1248 2139 1436 2226 Corbolii,
1469 2157 1506 2215 et

88 2268 256 2344 iohanne
277 2269 325 2343 de
339 2270 514 2347 Verrenis
538 2270 696 2375 agricola
720 2270 984 2357 servientibus,
1007 2270 1223 2357 deffunctis,
1244 2272 1283 2351 in
1304 2270 1406 2346 bunc
1426 2298 1506 2344 mo-

88 2400 202 2474 dum:
225 2426 310 2474 nam
330 2400 444 2504 peciit
464 2400 568 2476 flexis
587 2399 748 2504 genibus
766 2428 902 2505 panem
915 2418 956 2477 et
975 2429 1110 2506 aquam
1129 2400 1344 2476 societatem
1360 2416 1397 2474 et
1416 2427 1507 2502 pau-

87 2556 217 2632 perem
231 2531 406 2607 vestitum
426 2530 646 2614 ordinister
664 2529 904 2636 interpolate,
925 2547 962 2606 et
977 2547 1037 2606 ter
1052 2531 1088 2606 ei
1106 2529 1383 2633 responderunt
1402 2528 1505 2631 quod

87 2676 235 2763 rogaret
258 2660 382 2736 Deum
406 2676 445 2736 et
468 2658 616 2736 beatam
647 2659 823 2747 Mariam,
854 2676 1073 2736 convertens
1100 2686 1140 2734 se
1165 2658 1213 2733 ad
1235 2655 1428 2763 quoddam
1453 2653 1507 2729 al-

88 2806 164 2864 tare
190 2807 234 2865 ut
257 2790 463 2896 dirigerent
488 2819 593 2878 eum,
616 2807 654 2865 et
676 2790 781 2894 quod
806 2789 904 2866 bene
929 2790 1172 2876 deliberaret,
1199 2787 1289 2894 qnia
1317 2801 1507 2892 oporteret
1595 2848 1603 2859 ,

87 2947 177 2994 eum
206 2919 377 2996 abdicare
404 2920 594 3026 propriam
624 2921 872 3010 voluntatem,
903 2938 941 2996 et
967 2948 1006 2997 se
1033 2920 1216 3026 subjicere
1242 2916 1378 3001 aliene,
1402 2913 1506 3021 vigil·

87 3049 164 3124 lare
189 3051 341 3154 quesrdo
366 3050 480 3126 vellet
505 3050 687 3138 dormire,
716 3050 859 3127 esurire
891 3051 1044 3155 quando
1074 3048 1188 3124 vellet
1218 3045 1435 3132 comedere,
1469 3060 1506 3118 et

89 3194 258 3268 econtra,
285 3195 323 3255 et
345 3179 462 3255 multa
491 3179 586 3256 dura
612 3195 652 3256 et
678 3206 808 3284 aspera
836 3180 1037 3268 sustinere,
1069 3195 1105 3254 et
1135 3205 1222 3253 cum
1251 3173 1506 3280 respondisset

87 3308 192 3411 quod
219 3309 346 3383 omnia
372 3310 587 3396 sustineret,
612 3309 815 3387 voluerunt
836 3310 930 3387 scire
956 3337 1024 3414 per
1053 3325 1326 3385 sacramentum
1352 3304 1399 3380 ab
1426 3303 1505 3405 ipso

86 3436 118 3511 si
137 3455 217 3513 erat
240 3438 279 3512 in
304 3465 348 3512 eo
371 3437 515 3544 aliquid
543 3438 860 3543 impedimentum
885 3457 1039 3546 propter
1059 3440 1163 3544 quod
1184 3464 1260 3513 non
1280 3450 1406 3538 posset
1426 3459 1504 3507 esse

87 3565 201 3644 frater
233 3568 320 3644 dicti
352 3569 506 3646 ordinis.
543 3570 630 3661 Quo
664 3569 915 3674 respondente
944 3570 1049 3674 quod
1083 3596 1180 3654 non,
1205 3547 1381 3641 ‘fecerunt
1415 3587 1502 3635 eum
1586 3654 1592 3679 Ι

87 3725 219 3773 vovere
239 3712 276 3773 et
291 3699 431 3803 jurare,
452 3727 565 3802 supra
583 3699 779 3802 quoddam
798 3698 947 3775 missale
968 3714 1155 3802 apertum,
1178 3694 1394 3776 castitatem,
1413 3689 1503 3765 obe·

88 3825 293 3912 dieucum,
314 3827 435 3901 vivere
458 3826 539 3902 siue
556 3826 726 3931 proprio,
748 3843 786 3903 et
807 3853 951 3903 servare
970 3825 1091 3902 bonos
1108 3854 1202 3903 usus
1221 3841 1258 3900 et
1276 3822 1395 3900 bonas
1419 3846 1506 3893 con·

87 3953 309 4029 suetudines
326 3955 480 4035 ordinis.
495 3956 746 4042 ,Postmodum
776 3954 897 4032 dictus
920 3971 1091 4058 receptor
1118 3954 1298 4060 imposuit
1316 3950 1387 4029 sibi
1407 3975 1506 4023 man·

87 4083 239 4170 tellum,
265 4101 305 4161 et
328 4084 407 4189 ipse
431 4102 470 4160 et
491 4085 614 4161 dictus
633 4083 828 4190 presbyter
846 4085 1002 4162 luerunt
1021 4112 1109 4160 eum
1127 4083 1283 4160 osculati
1305 4085 1344 4157 in
1365 4106 1447 4164 ore,
1470 4094 1506 4151 et

89 4214 211 4290 dictus
238 4214 431 4320 presbyter
460 4215 609 4291 dicebat
635 4213 826 4320 psalmum
852 4247 861 4291 :
889 4218 983 4294 Ecce
1010 4242 1123 4320 quam
1152 4213 1298 4291 bonum
1328 4227 1366 4287 et
1392 4235 1503 4314 quam
1628 4212 1640 4338 '-

83 4344 318 4449 jocundum,
334 4361 376 4421 et
399 4345 617 4452 aspergebat
635 4373 769 4451 aquam
789 4346 1027 4424 benedictam
1052 4372 1163 4450 supra
1191 4371 1291 4419 eum.
1320 4341 1407 4419 Post
1431 4366 1506 4442 que

89 4472 184 4548 dixit
213 4474 248 4549 ei
279 4475 403 4552 dictus
431 4492 612 4579 receptor,
644 4475 748 4579 quod
778 4475 858 4579 ipse
890 4477 1091 4553 instrueret
1118 4501 1207 4549 eum
1241 4471 1290 4547 de
1320 4466 1508 4572 aliquibus

88 4603 238 4708 punctis
257 4605 417 4692 ordinis,
440 4604 609 4681 sednon
627 4621 776 4710 poterat
793 4632 886 4685 eum
910 4607 1096 4685 instruere
1124 4604 1171 4681 de
1197 4601 1392 4684 omnibus,
1419 4596 1507 4702 quia

90 4749 174 4811 ante
193 4732 393 4837 prandium
411 4732 575 4815 habebat
593 4733 649 4812 ire
669 4733 771 4840 apud
786 4735 1034 4825 Corbolium
1052 4731 1287 4815 etinstruit
1309 4757 1396 4809 eum
1415 4754 1508 4832 qua,-

89 4864 175 4941 liter
192 4880 340 4969 generet
358 4892 397 4941 se
419 4865 458 4943 in
478 4892 622 4956 mensa,
638 4882 682 4943 et
697 4865 807 4972 qnod
820 4867 965 4975 jaceret
976 4889 1070 4945 cum
1089 4865 1222 4972 punis
1233 4862 1360 4955 lineis,
1372 4877 1416 4939 et
1427 4858 1509 4935 cin-

1109 5012 1118 5023 '
1141 5013 1145 5021 '
1244 5000 1249 5013 '
1352 4996 1404 5060 65.
