4080 6052
695 537 892 629 esoces
914 555 1009 627 nes
1035 551 1332 626 rennuens.
1642 561 1712 633 sn

308 696 401 774 divit
419 696 494 772 diei
511 721 578 799 per
597 696 817 802 Migistrurn
836 697 1018 804 majorem
1033 711 1071 770 et
1088 695 1218 799 plures
1236 692 1329 771 elios
1347 696 1479 771 finees
1491 696 1633 774 ordinis
1652 699 1719 774 eli—

307 854 404 930 ques
430 853 592 914 errores,
620 827 741 904 nescit
766 850 878 932 quon
906 825 1022 902 fuisse
1047 823 1244 902 confessos
1266 825 1377 905 Plura
1404 825 1451 900 de
1476 827 1659 902 contentis
1679 829 1716 902 ie

305 955 393 1058 ipsis
412 954 576 1032 artioulis
595 955 689 1031 dinit
704 985 745 1033 se
763 957 916 1033 nescire.
1013 1008 1016 1013 -

359 1086 472 1174 Item,
503 1085 707 1190 requisitus
738 1088 768 1162 si
793 1115 924 1192 prece,
951 1103 1146 1191 precepto,
1172 1085 1325 1171 timore,
1352 1110 1496 1172 aurore,
1523 1085 1630 1170 odio,
1657 1088 1716 1162 vel
1739 1105 1742 1109 ’

304 1214 464 1291 conredo
492 1216 688 1321 temporali
720 1216 848 1295 habito
880 1215 939 1292 vel
972 1215 1148 1293 babendo
1175 1216 1227 1292 sic
1257 1215 1494 1319 deposuerat,
1523 1217 1717 1321 respondit

305 1344 418 1447 quod·
429 1372 523 1431 non,
544 1344 610 1420 sed
628 1373 697 1450 pro
716 1347 870 1422 veritete
888 1346 1062 1430 dicenda,
1085 1362 1122 1420 et
1140 1343 1214 1421 fuit
1230 1344 1263 1419 ei
1278 1360 1496 1449 preceptum
1514 1370 1584 1447 per
1598 1345 1716 1423 dictos

306 1472 480 1549 dominos
496 1476 783 1564 commissarios,
801 1477 841 1551 in
855 1477 990 1552 virtute
1002 1475 1207 1581 juramenti
1222 1474 1367 1578 prestiti
1385 1500 1453 1578 per
1470 1498 1574 1560 enm,
1595 1500 1644 1550 ne
1657 1501 1717 1552 rea

303 1603 456 1680 velleret
481 1605 576 1680 htnc
607 1630 713 1682 suam
744 1605 1023 1711 deposicionem
1054 1631 1252 1710 quousque
1288 1602 1544 1678 attesteciones
1575 1601 1715 1679 luerint

302 1732 503 1836 publicato.

361 1864 449 1939 Aeta
474 1863 641 1941 fuerunt·
657 1867 728 1941 bec
746 1864 832 1940 loco
856 1881 897 1939 et
923 1864 984 1939 die
1010 1863 1203 1968 predictis,
1226 1888 1352 1936 cerem·
1379 1862 1521 1938 eisdem
1551 1863 1714 1938 dominis

278 2028 282 2036 ·
305 1991 568 2069 commisseriis
583 2010 621 2069 et
632 1993 909 2098 archiepiscopo
916 1991 1163 2078 Narbonensi,
1174 1992 1412 2095 presentibus
1421 1990 1589 2095 predicto
1597 1993 1715 2097 magi-

305 2137 382 2195 stro
395 2120 548 2210 denisio,
560 2150 622 2196 me
636 2122 890 2197 Floriamonte
902 2121 1117 2210 Dondedei,
1131 2120 1320 2197 Bernardo
1333 2119 1496 2208 Filiholi,
1508 2119 1713 2198 Guillelmo

306 2249 475 2340 Radulli,
492 2251 681 2327 Bernardo
699 2251 902 2328 Humbaldi
924 2269 961 2326 et
977 2253 1135 2356 Hugone
1146 2250 1284 2327 Nicolai
1305 2250 1459 2326 notariis
1478 2252 1710 2356 supradictis.

362 2511 448 2584 Post
473 2509 559 2598 hee,
585 2509 647 2583 die
666 2510 766 2584 lovis
785 2508 974 2614 sequenti,
1002 2533 1074 2612 que
1095 2506 1167 2582 fuit
1189 2507 1322 2582 ultima
1344 2508 1425 2583 dies
1457 2508 1545 2582 dieti
1575 2508 1713 2583 mensis

305 2637 535 2728 Decembris,
552 2634 626 2712 suit
642 2636 826 2713 adductus
842 2637 887 2713 ed
902 2635 1133 2740 'presenciam
1150 2636 1336 2711 dictorum
1354 2635 1596 2711 dominorum
1614 2663 1715 2712 eom·-

304 2766 564 2843 misseriorum
583 2765 621 2842 in
641 2765 756 2842 domo
774 2766 941 2871 predicta
963 2762 1107 2840 abbatis
1132 2764 1362 2840 Fiscunensis
1385 2761 1499 2839 freter
1515 2766 1651 2840 Petrus·
1666 2765 1714 2841 de

304 2894 408 2972 Bello
429 2897 557 2972 Monte
575 2894 805 2971 Belvaeensis
830 2893 1004 2980 diocesis,
1026 2893 1204 2983 serviens,
1229 2892 1340 2969 testis
1357 2920 1470 2998 supra
1491 2892 1658 2997 juratus,-
1671 2910 1714 2968 ut

306 3024 512 3129 deponeret
526 3024 668 3100 dictum
680 3052 809 3112 suum,
823 3052 903 3100 non·
918 3022 1091 3099 deserens
1104 3021 1324 3098 montellum
1341 3021 1499 3110 ordinis,
1514 3022 1602 3128 quie
1615 3022 1715 3098 dice-

305 3153 450 3231 beteibi
464 3152 630 3229 ablatum
643 3151 756 3229 luisse
767 3169 937 3257 tempore
952 3152 1136 3257 capcionis
1147 3179 1213 3227 sne
1230 3178 1298 3256 per
1313 3150 1546 3256 prepositum
1566 3130 1714 3256 regium

306 3282 426 3358 Castri
444 3280 632 3357 Landonis
651 3297 690 3356 et
709 3281 907 3357 inductum
923 3281 1038 3358 lesisse
1057 3298 1103 3357 ut
1117 3280 1293 3357 redderet
1308 3279 1380 3356 sibi
1395 3279 1567 3367 barbam,
1584 3297 1622 3354 et
1636 3296 1714 3355 eret

306 3413 425 3497 entis,
441 3428 485 3487 ut
498 3411 601 3498 dixit,
623 3437 668 3489 ru
688 3439 872 3487 annorum
891 3412 949 3488 vel
967 3413 1072 3502 circe,
1091 3428 1129 3487 et
1147 3410 1269 3486 lueret
1286 3411 1524 3496 examinatus,
1547 3425 1590 3484 ut
1609 3408 1711 3494 dixit,

306 3543 343 3616 in
367 3541 463 3620 lecto
486 3542 787 3647 Templnriorum
815 3559 852 3619 et
876 3542 1069 3619 absohrtrrs
1095 3557 1135 3616 et
1155 3540 1413 3616 reconciliatus
1431 3567 1499 3646 per
1516 3537 1714 3614 dominnm
1810 3581 1812 3585 <

307 3671 523 3774 episcopum
551 3671 858 3748 Aurelianensem
874 3671 1052 3759 Senonis,
1073 3669 1163 3745 sede
1183 3668 1394 3745 senonensi
1408 3683 1570 3744 vacante.
1592 3665 1713 3740 Lectis

306 3814 431 3872 autem
452 3814 489 3873 et
516 3798 713 3902 diligenter
737 3798 911 3902 expositis
931 3799 1002 3874 sibi
1024 3797 1200 3874 omnibus
1221 3814 1259 3872 et
1277 3795 1435 3904 singulis·
1456 3793 1636 3880 articulis,
1656 3818 1715 3868 re·
1810 3794 1814 3803 ’

257 3944 261 3951 ’
308 3926 459 4032 spondit
477 3922 523 4000 ad
543 3954 623 4013 eos,
1561 3992 1568 4005 .

362 4056 409 4131 Et
427 4054 552 4158 primo
570 4053 616 4130 ed
639 4081 690 4132 uu
709 4056 850 4159 primos
870 4071 914 4130 ut
933 4055 1104 4160 sequitur
1118 4083 1130 4127 z
1146 4052 1318 4129 videlieet
1337 4081 1377 4128 se
1400 4053 1543 4129 nescire
1563 4080 1614 4127 an·
1629 4080 1712 4127 vera

307 4185 380 4259 sint
404 4200 575 4259 contenta
601 4185 640 4259 in
665 4185 752 4289 ipsis
772 4184 945 4261 articulis.
967 4182 1260 4287 Verumptamen
1279 4181 1430 4287 quando
1456 4183 1535 4289 ipse
1563 4180 1634 4256 fuit
1657 4208 1715 4258 re-
1768 4254 1774 4260 .

308 4330 436 4418 ceptus
454 4314 493 4390 in
510 4314 660 4405 ordine,
679 4314 719 4389 in
735 4308 875 4417 capelle
895 4313 1032 4407 domin
1050 4311 1199 4416 Templi
1220 4311 1267 4388 de
1286 4311 1503 4417 Letigniaco·
1515 4312 1605 4388 Siue
1620 4310 1713 4388 Mel-

307 4444 431 4520 deusis
452 4444 625 4533 diocesis,
650 4471 718 4549 per
736 4441 890 4518 fratrem
908 4442 1102 4519 Nicolaum
1120 4440 1323 4547 Flamingi,
1339 4459 1597 4548 preceptorem
1623 4460 1713 4517 tune

307 4571 395 4645 dicti
420 4571 508 4658 loci,
538 4573 576 4646 in
601 4571 695 4648 sesto
714 4571 822 4647 beate
843 4572 956 4649 Marie
982 4572 1029 4647 de
1049 4571 1217 4677 Augusto
1241 4570 1411 4676 proximo
1431 4570 1538 4676 lapso
1560 4569 1717 4646 luerunt

306 4698 452 4774 circiter
479 4698 611 4776 decem
645 4700 748 4785 anni,
782 4698 1019 4805 presentibus
1052 4697 1228 4775 fratribus
1251 4698 1455 4807 Rnyneudo
1484 4699 1710 4805 presbitero,

306 4826 500 4932 Amulpho
525 4827 703 4935 clavigero
724 4828 1022 4939 et'Jolseuneb
1037 4826 1208 4907 Gnrufie
1228 4827 1478 4906 sentientibus
1509 4828 1597 4906 dieti
1619 4827 1709 4914 toci,

1515 4964 1565 5027 lu.
