4080 6052
688 536 885 629 raucas
910 554 1006 628 nes
1031 555 1331 633 rnursrsas.
1644 560 1717 635 sas

305 695 387 773 aliis
413 693 552 771 illicitis
578 718 656 771 non
675 694 748 772 luit
767 695 918 775 locutus
938 696 1083 785 eidem,
1112 700 1152 775 bt
1167 699 1300 776 eadem
1325 700 1492 776 dicante
1516 699 1718 804 prandium

304 824 377 902 fuit
395 822 586 902 consessus
606 825 653 902 de
670 826 846 931 predictis
864 828 1026 906 Martino
1042 823 1261 937 presbytero
1280 828 1456 922 seculari,
1476 833 1720 908 commoranti

303 955 466 1031 indicta
493 955 627 1045 domo,
655 958 763 1064 cujus
783 985 991 1066 cognomen
1007 959 1171 1066 ignorat,
1189 960 1255 1066 qui
1283 959 1374 1037 dixit
1402 961 1436 1036 ei
1465 962 1570 1067 quod
1597 959 1720 1038 forsan

303 1114 371 1189 pro
400 1085 514 1161 truffa
539 1084 634 1161 facta
665 1087 812 1164 laverant
829 1088 1063 1193 supradicta.
1095 1087 1368 1167 Nichilominus
1404 1107 1531 1166 umen
1565 1089 1723 1169 absolvit

304 1243 409 1306 eum,
432 1214 607 1319 imposita
623 1216 836 1320 penitencia
856 1218 962 1324 quod
975 1217 1157 1323 ‘deinceps
1178 1245 1256 1295 non
1283 1235 1380 1295 esset
1404 1219 1443 1293 in
1475 1217 1559 1298 loco
1579 1220 1623 1345 in
1642 1242 1720 1325 quo

305 1344 440 1420 lierent
455 1344 559 1436 talia,
582 1363 620 1422 et
637 1345 668 1421 si
688 1345 840 1436 liereut,
863 1348 967 1455 quod
987 1348 1169 1425 revelaret
1188 1376 1242 1424 ea.

361 1476 573 1580 Requisitus
601 1477 632 1552 si
661 1477 782 1554 credit
808 1478 913 1587 qupd
942 1477 1109 1582 predicta
1132 1477 1267 1574 illicita
1296 1480 1568 1555 intervenirent
1599 1480 1639 1553 in
1669 1508 1723 1554 re·

304 1604 546 1708 cepcionibus
566 1606 728 1683 aliorum
748 1606 806 1682 vcl
825 1630 928 1713 post,
951 1604 1147 1713 respondit
1169 1607 1275 1713 quod
1288 1618 1391 1694 non,
1414 1636 1485 1685 nec
1505 1608 1552 1684 de
1572 1609 1645 1684 vita
1665 1608 1723 1684 vel

303 1751 424 1811 morte
446 1734 536 1811 dicti
554 1736 779 1845 presbyteri,
799 1765 868 1814 nec
884 1735 1043 1814 illorum
1063 1739 1129 1841 qui
1150 1737 1406 1814 interfuerunt
1425 1737 1637 1844 recepcioni
1657 1764 1723 1814 sue

304 1861 750 1943 haberetcertitudinem.
1277 1862 1281 1881 ¹
1532 1858 1535 1865 ¹

360 1995 474 2081 Item,
511 1994 604 2083 dixit
638 1996 759 2102 quod,
791 2024 868 2072 non
896 1996 1133 2075 obstantibus
1160 1995 1233 2072 hiis
1265 2027 1340 2103 que
1368 1997 1479 2083 lecit,
1515 2013 1570 2072 est
1600 1997 1724 2073 bonam

305 2124 562 2211 Christianus,
578 2153 828 2232 necunquam
844 2145 996 2232 propter
1013 2126 1194 2232 premissa
1210 2127 1378 2232 perdidit
1392 2127 1528 2217 fidem,
1548 2143 1586 2202 et
1606 2126 1723 2202 confi-

305 2253 456 2331 tebetur
487 2271 525 2330 et
557 2255 857 2332 communicabat
886 2273 946 2332 ter
971 2256 1010 2333 in
1041 2284 1154 2334 anno.
1189 2261 1272 2335 Non
1305 2257 1424 2335 credit
1453 2256 1560 2364 quod
1590 2255 1725 2333 fierent

307 2384 643 2491 dogmatinaciones
659 2384 790 2463 illicite
809 2414 880 2463 nec
900 2386 1135 2466 conculcacio
1154 2389 1295 2479 crucis,
1317 2416 1387 2464 nec
1401 2388 1505 2494 quod
1525 2387 1724 2464 adorarent

260 2548 264 2554 ·
305 2533 448 2602 catum,
464 2543 533 2592 nec
549 2516 659 2622 quod
676 2544 812 2593 eorum
836 2516 1047 2596 sacerdotes
1066 2517 1311 2598 obmitterent
1330 2518 1442 2595 verba
1462 2517 1633 2603 canonis,
1654 2544 1724 2592 nec

304 2646 410 2752 quod
430 2674 560 2727 eorum
582 2646 666 2724 laici
691 2647 929 2725 absolverent
946 2648 1006 2727 vel
1020 2648 1213 2728 absolvere
1231 2662 1388 2756 possent
1404 2676 1425 2724 a
1448 2647 1623 2753 peccatis,
1654 2672 1724 2722 nec

305 2777 409 2885 quod
428 2777 564 2856 fierent
578 2778 705 2856 oscula
717 2779 934 2871 inhonesta,
953 2808 1029 2884 nec
1042 2781 1147 2889 quod
1169 2796 1428 2889 perpetrarent
1447 2778 1590 2855 cumen
1613 2777 1725 2856 sodo-

306 2909 497 2997 miticum,
522 2937 598 2987 nec·
612 2910 718 3017 quod
739 2910 922 2988 haberent
945 2911 1073 3018 ydola,
1095 2938 1164 2989 nec
1183 2912 1288 3019 quod
1307 2909 1463 2988 cordule
1487 2909 1627 3016 quibus
1644 2908 1722 2983 cin·

305 3037 490 3146 gebantur
504 3056 702 3147 tangerent
716 3041 834 3147 capita
852 3040 1065 3147 ydolorum.
1406 3077 1410 3082 ·

365 3170 479 3257 ltem,
511 3169 605 3245 dixit
629 3169 734 3276 quod
767 3168 865 3247 bene
894 3169 1071 3251 credebat
1100 3173 1356 3250 ecclesiasticis
1391 3169 1644 3259 sacramentis,
1686 3186 1724 3244 et

307 3296 433 3374 credit
460 3301 566 3406 quod
596 3299 658 3376 alii
687 3299 818 3378 fratres
844 3301 979 3380 eodem
1008 3303 1124 3380 modo
1152 3303 1360 3383 crederent.
1388 3301 1544 3385 duravit,
1582 3298 1723 3403 absque

306 3426 460 3505 licencia
473 3431 677 3535 superioris
690 3431 756 3539 qui
772 3459 854 3508 eam
875 3431 964 3508 dare
979 3449 1126 3538 posset,
1148 3430 1322 3510 ordinem
1341 3460 1417 3508 nou
1435 3430 1548 3515 exire,
1567 3427 1724 3505 credens

308 3556 412 3663 quod
436 3557 500 3635 alii
527 3559 628 3638 idem
646 3562 829 3668 jurarent.
860 3550 1101 3640 Clandestine
1126 3562 1418 3667 recipiebantur,
1445 3589 1486 3635 ex
1507 3586 1584 3665 quo
1605 3554 1724 3633 credit

308 3687 414 3792 quod
435 3705 532 3765 esset
551 3691 716 3796 suspicio
737 3708 865 3769 contra
885 3719 961 3768 eos.
979 3691 1120 3767 Juravit
1140 3720 1217 3768 non
1240 3691 1402 3769 revelare
1423 3705 1564 3768 secreta
1580 3687 1724 3792 capitu·

307 3814 466 3907 liorum,
490 3835 527 3893 et
546 3819 666 3894 credit
685 3820 791 3925 quod
807 3818 870 3895 alii
884 3819 987 3932 idem
1003 3820 1190 3927 jurarent;
1207 3822 1274 3899 sed
1295 3823 1342 3898 de
1359 3822 1474 3898 modo
1494 3812 1723 3924 recepcionis

307 3973 384 4022 non
402 3946 606 4026 revelando
626 3976 704 4025 non
727 3947 889 4054 prestitit
902 3949 1175 4056 juramentum.
1192 3949 1272 4045 Qui
1289 3947 1488 4026 revelasset
1506 3962 1647 4025 secreta
1665 3940 1724 4027 οἰδ

306 4076 549 4182 pitulicrum,
579 4078 711 4159 fuisset
737 4080 994 4158 incarceratus.
1019 4081 1240 4160 Sacerdotes
1269 4108 1402 4159 eorum
1426 4076 1601 4154 dicebant
1617 4075 1724 4189 qpod

308 4234 384 4284 non
404 4227 578 4314 poterant
592 4239 662 4288 nec
684 4209 874 4288 debebant
891 4210 973 4288 aliis
991 4211 1133 4318 absque
1155 4239 1288 4290 eorum
1308 4208 1464 4288 licencia
1479 4205 1661 4286 confiteri.

240 4324 242 4328 ¹
365 4339 405 4415 Si
428 4336 627 4446 quierant
651 4341 783 4419 fratres
812 4320 971 4422 scieutm
992 4370 1168 4431 errores,
1197 4342 1350 4420 fuenrnt
1378 4339 1611 4448 negligentes
1637 4338 1725 4446 quia

308 4497 385 4550 non
406 4490 648 4550 correxerunt
670 4500 825 4551 cosnec
847 4473 1170 4553 denunciaverunt
1187 4473 1364 4551 Ecclesie.
1385 4469 1662 4548 Eleemosinsm
1689 4486 1726 4546 et

235 4656 244 4683 .
310 4601 600 4708 hospitalitatem
621 4603 713 4680 vidit
727 4604 995 4683 convenienter
1013 4605 1096 4682 fieri
1116 4606 1155 4680 in
1177 4603 1353 4682 domibus
1372 4603 1514 4712 ordinis
1533 4602 1573 4677 in
1590 4598 1726 4708 quibus

309 4730 382 4806 luit
401 4752 666 4811 commoratus.
688 4734 842 4811 Audivit
859 4733 933 4811 dici
963 4735 1082 4843 quod,
1111 4734 1237 4861 clauso
1264 4735 1405 4824 hostio,
1434 4731 1550 4810 nullis
1574 4758 1727 4838 presen-

304 4860 412 4940 ¹tibus
444 4863 516 4941 nisi
541 4863 717 4942 fratribus
747 4864 909 4957 ordinis,
952 4894 1084 4946 eorum
1117 4865 1290 4972 capitulis
1325 4865 1561 4955 tenebantur.
1597 4860 1726 4941 Credit

396 4997 501 5060 saccis
523 5021 574 5062 nas
595 5021 841 5064 renarrans-r.
1581 5001 1622 5082 74
