4080 6052
498 542 693 636 rsocts
719 561 814 633 uss
840 560 1135 631 rsurtxsns.
1451 563 1522 634 557

109 708 289 818 grandem
309 732 389 781 rem
410 705 619 807 repetebat,
633 703 722 808 quia
732 717 923 805 oporteret
940 728 1029 776 eum
1049 727 1123 776 ase
1144 698 1316 775 abdicare
1336 701 1526 804 propriam

110 838 356 922 voluntatem,
378 850 416 908 et
431 831 551 908 multa
570 832 665 908 dura
685 847 722 907 et
740 857 868 934 aspera
888 829 1088 919 sustinere,
1111 845 1149 904 et
1169 856 1256 903 cum
1275 828 1528 932 respondisset
1604 858 1607 863 ·

108 968 212 1072 quod
242 964 368 1042 omnia
393 962 610 1050 sustineret,
631 960 794 1053 [inaliter
817 959 973 1065 prestito
993 959 1039 1036 ab
1061 965 1106 1036 e'c
1130 959 1234 1066 quod
1262 986 1337 1034 non
1365 956 1528 1035 habebat

107 1095 365 1171 infirmitatem
387 1119 457 1167 nec
475 1091 580 1167 aliud
599 1090 934 1196 impedimentum,
956 1085 1044 1165 fecit
1068 1116 1156 1165 eum
1181 1116 1312 1164 vovere
1339 1105 1376 1163 et
1398 1089 1525 1194 jurare

108 1226 328 1312 castitatem,
341 1221 616 1312 obedienciam,
631 1221 751 1297 vivere
765 1220 845 1296 sine
860 1219 1024 1324 proprio,
1039 1237 1077 1296 et
1090 1219 1334 1324 postmodum
1348 1219 1527 1324 imposuit

107 1354 177 1430 sibi
199 1351 438 1442 mantellum,
456 1369 494 1428 et
508 1351 663 1428 fuerunt
678 1349 832 1428 osculati
850 1377 940 1425 eum
955 1349 993 1425 in
1009 1377 1085 1426 ore.
1108 1349 1323 1453 Requisitus
1338 1350 1368 1425 si
1388 1349 1527 1426 sciebat

106 1483 163 1559 vel
184 1483 358 1559 credebat
376 1481 435 1558 vel
455 1481 646 1557 audiverat
666 1479 739 1555 dici
755 1479 860 1585 quod
877 1477 992 1582 aliqui
1013 1505 1157 1553 errores
1177 1494 1301 1553 essent
1317 1478 1356 1552 in
1373 1479 1523 1571 ordine,

42 1682 45 1687 .
105 1611 299 1716 respondit
318 1609 421 1716 quod
439 1637 528 1687 non.
551 1597 768 1714 Requisitus
793 1606 824 1683 si
849 1608 889 1682 in
915 1606 1134 1711 recepcione
1161 1634 1228 1682 sua
1252 1606 1527 1686 intervenerant

104 1739 228 1846 aliqua
247 1740 393 1829 illicita,
409 1739 604 1844 respondit
620 1737 725 1844 quod
745 1764 838 1828 non,
855 1737 960 1842 quod
983 1736 1061 1840 ipse
1082 1739 1312 1824 recordetur,
1331 1739 1420 1843 quia
1439 1758 1527 1815 sunt

104 1869 214 1946 multi
245 1871 331 1945 anni
362 1869 495 1974 elapsi,
526 1885 563 1945 et
584 1896 661 1945 non
681 1866 860 1953 habebat,
881 1883 925 1941 ut
945 1866 1055 1955 dixit,
1082 1883 1236 1970 propter
1255 1868 1328 1943 hoc
1353 1895 1525 1974 magnam

105 2000 337 2074 memoriam.
370 1999 633 2088 Postmodum,
662 1995 882 2101 specificatis
908 1995 979 2071 sibi
1010 1994 1083 2071 illis
1112 2023 1186 2101 que
1216 1997 1456 2074 continentur
1485 1999 1524 2074 in

104 2130 236 2234 primis
255 2156 318 2206 run
338 2128 522 2219 articulis,
540 2126 632 2204 dixit
651 2125 756 2233 quod
779 2125 1023 2203 demandato
1044 2126 1134 2202 dicti
1154 2128 1358 2232 receptoria
1375 2147 1525 2234 spuerat
1622 2110 1627 2115 ⁴

99 2260 204 2366 juxta
227 2287 375 2336 crucem
395 2277 432 2336 et
450 2259 696 2363 abnegaverat
713 2258 850 2335 Deum.
869 2256 1038 2334 Predicta
1057 2274 1183 2334 tamen
1204 2258 1297 2335 dixit
1318 2289 1386 2365 per
1409 2260 1522 2337 talem

104 2391 280 2479 modum,
295 2405 441 2465 ettanta
453 2387 688 2493 simplicitate
702 2384 900 2463 videbatur
913 2386 1035 2463 dictus
1049 2387 1170 2474 testis,
1190 2387 1285 2463 sicut
1299 2417 1367 2493 per
1386 2391 1523 2467 multas

104 2519 460 2596 circumlocuciones
480 2518 668 2628 apparuit,
691 2517 787 2595 sicut
806 2535 863 2594 est
876 2518 965 2623 quia
981 2517 1185 2622 requisitus
1204 2518 1234 2594 si
1251 2536 1424 2623 receptor
1443 2522 1524 2626 ejus

104 2651 332 2726 contrarium
365 2649 446 2756 ejus
476 2650 579 2755 quod
608 2649 687 2754 ipse
715 2648 892 2754 deposuit
921 2648 1061 2725 diceret
1088 2677 1134 2724 an
1164 2650 1390 2727 dementiret
1415 2679 1521 2742 eum,

103 2780 298 2884 respondit
316 2780 421 2886 quod
440 2808 533 2867 non3
556 2797 594 2856 et
615 2779 704 2884 quia
731 2778 849 2855 eciam
875 2779 967 2855 dixit
989 2777 1096 2884 quod
1116 2781 1283 2884 predicta
1307 2809 1383 2883 pon
1410 2810 1523 2889 repu-

103 2910 203 2987 tabat
222 2911 364 2998 illicita,
392 2911 480 3016 quia
499 2912 529 2987 si
553 2909 656 2999 lecit,
676 2909 823 2986 fecisset
843 2937 908 2986 ore
930 2938 1006 2986 non
1026 2910 1155 2998 corde3
1179 2911 1284 3017 quod
1305 2912 1386 3019 ejus
1407 2914 1522 3019 depo-

103 3040 233 3116 sicioni
254 3068 331 3117 non
356 3039 427 3116 fuit
449 3041 571 3116 visum
596 3039 703 3116 dictis
733 3039 897 3119 dominis
925 3040 1187 3118 commissariis
1212 3071 1385 3148 magnam
1406 3043 1522 3120 [idem

104 3196 183 3244 esse
205 3169 476 3256 adhibendam,
496 3197 583 3244 cum
602 3167 765 3245 multum
785 3168 919 3245 timere
939 3169 1131 3245 videretur
1148 3189 1301 3276 propter
1321 3173 1523 3278 deposicio

103 3325 191 3373 nem
208 3325 332 3375 coram
354 3298 510 3376 domino
529 3299 704 3404 episcopo
720 3298 916 3375 Parisiensi
929 3296 1061 3375 factam
1080 3327 1148 3405 per
1165 3330 1270 3389 eum,
1292 3302 1381 3406 quia
1401 3302 1523 3380 suerat

101 3429 360 3533 questionatus
390 3428 551 3505 Parisius
586 3429 736 3505 duobus
768 3429 875 3506 annis
916 3446 953 3505 et
987 3429 1086 3506 ultra
1121 3447 1205 3506 ante
1240 3429 1521 3535 deposicionem

102 3587 224 3648 suam,
252 3576 297 3637 ut
326 3559 428 3637 dixit.
456 3561 566 3652 Item,
591 3558 685 3636 dixit
705 3559 809 3665 quod
834 3559 913 3664 ipse
940 3559 1038 3636 bene
1068 3560 1244 3636 credebat
1266 3561 1522 3641 ecclesiasticis

102 3690 350 3796 sacramentis,
361 3691 518 3766 credens
529 3689 634 3793 quod
645 3688 707 3763 alii
723 3686 1003 3764 fratreseodem
1016 3689 1132 3766 modo
1140 3690 1353 3782 crederent,
1367 3711 1404 3769 et
1418 3695 1521 3798 quod

103 3847 236 3895 eorum
256 3818 465 3895 sacerdotes
484 3817 610 3894 debite
629 3816 878 3906 celebrarent-3
903 3845 974 3894 nec
998 3819 1067 3893 scit
1084 3819 1115 3894 si
1138 3848 1270 3897 eorum
1290 3823 1465 3931 Magister
1486 3841 1523 3900 et

102 3948 184 4024 laici
209 3965 381 4054 poterant
405 3947 595 4026 absolvere
620 3976 640 4022 a
664 3946 836 4053 peccatis.
858 3946 1100 4026 Clandestine
1124 3951 1412 4056 recipiebantur.
1440 3955 1522 4032 Nou

104 4079 222 4156 credit
241 4081 345 4185 quod
365 4079 562 4155 carnaliter
580 4078 924 4170 commiscerentur,
953 4107 1023 4157 nec
1050 4082 1155 4186 quod
1182 4081 1366 4161 haberent
1393 4084 1521 4191 ydola,

103 4238 172 4285 nec
194 4210 298 4316 quod
326 4209 480 4286 cordule
507 4208 648 4314 quibus
676 4208 921 4317 cingebantur
942 4226 1139 4317 tangerent
1163 4213 1283 4318 capita
1306 4214 1519 4322 ydolorum.

104 4340 318 4447 injunctum
339 4340 461 4417 fuitei
483 4340 586 4446 quod
603 4368 680 4416 non
700 4338 882 4416 revelaret
896 4358 1036 4418 secreta
1055 4342 1317 4447 capitulorum.
1336 4346 1448 4437 Item,
1469 4374 1524 4422 re

104 4470 266 4575 quisitus
287 4472 317 4548 si
342 4470 533 4549 confessus
552 4469 674 4546 luerat
698 4470 745 4546 de
765 4469 943 4576 predictis
970 4471 1180 4562 erroribus,
1205 4474 1401 4578 respondit
1419 4475 1524 4580 quod

104 4600 156 4676 sic
175 4601 326 4677 cuidam
349 4600 567 4706 presbytero
587 4600 745 4690 ordinis,
771 4601 818 4677 de
842 4601 950 4708 cujus
971 4602 1124 4679 nomine
1144 4630 1221 4681 non
1243 4604 1521 4708 recordabatur,

104 4728 199 4806 infra
221 4731 404 4818 triduum,
430 4731 496 4837 qui
518 4730 680 4837 injunxit
700 4731 734 4806 ei
754 4732 860 4837 quod
879 4731 1056 4837 deinceps
1079 4760 1155 4809 non
1186 4731 1339 4825 faceret,
1362 4753 1400 4812 et
1418 4736 1522 4840 quod

99 4859 290 4968 jejunaret
303 4859 424 4939 tribus
440 4859 585 4939 diebus.
602 4862 850 4939 Postmodum
866 4861 960 4945 dixit
969 4862 1075 4970 quod
1086 4890 1163 4942 non
1174 4864 1271 4942 bene
1282 4865 1519 4952 recordabat,
