4080 6052
500 538 521 607 s
883 506 1079 602 proces
1107 526 1202 599 nus
1229 525 1531 598 rnurnmns.

498 675 621 759 ciens,
639 697 752 777 quam
767 696 836 774 pro
850 669 1043 774 premissis
1058 669 1308 756 incurrerant,
1325 666 1626 754 absolucionem,
1644 662 1749 740 flexis
1763 665 1922 769 genibus

496 801 748 909 manibusque
765 799 982 905 complosis,
997 796 1193 874 humiliter
1212 826 1254 873 ac
1274 797 1406 873 devote
1423 813 1460 873 et
1474 825 1562 873 cum
1576 796 1814 873 lacrimarum
1829 797 1924 874 effu·

497 934 602 1012 sione
622 959 699 1009 non
719 930 881 1020 modica,
898 926 1105 1034 pecierunt.
1123 926 1198 1031 Ipsi
1211 953 1300 1003 vero
1322 926 1546 1017 cardinales,
1565 926 1652 1033 quia
1672 925 1827 1003 ecclesia
1846 955 1922 1004 non

498 1061 638 1140 cfaudit
653 1059 840 1167 gremium
859 1056 1052 1145 redeunti,
1075 1055 1122 1131 ab
1143 1054 1287 1132 eisdem
1301 1055 1479 1161 Magistro
1495 1072 1533 1131 et
1551 1053 1836 1161 preceptoribus
1856 1055 1924 1133 he·

497 1191 571 1268 resi
592 1189 760 1295 abjurata
779 1214 967 1293 expresse,
984 1185 1075 1291 ipsis
1096 1183 1306 1262 secundum
1327 1182 1489 1262 formam
1510 1183 1680 1273 ecclesie,
1703 1185 1922 1262 auctoritate

498 1334 640 1407 nostra,
659 1315 912 1394 absolucionis
925 1313 1157 1392 beneficium
1172 1312 1450 1419 impenderunt.
1467 1312 1520 1392 Ac
1539 1312 1678 1391 deinde
1695 1312 1743 1388 ad
1757 1329 1923 1391 nostram

498 1448 730 1555 presenciam
743 1446 958 1536 redeuntes,
976 1443 1227 1523 confessiones
1243 1461 1281 1522 et
1295 1444 1555 1550 deposiciones
1570 1443 1843 1551 prelibatorum
1852 1446 1925 1522 Ma·

498 1578 604 1683 gistri
625 1591 664 1652 et
680 1589 963 1680 preceptorum,
988 1574 1028 1649 in
1047 1573 1268 1679 scripturam
1286 1572 1478 1679 publicam
1496 1574 1565 1680 per
1583 1600 1716 1651 manus
1734 1570 1922 1677 publicas,

499 1723 542 1783 ut
558 1722 614 1782 est
628 1703 787 1793 dictum,
804 1705 988 1794 redactas,
1004 1702 1115 1782 nobis
1132 1720 1456 1808 presentaverunt,
1471 1719 1596 1809 etque
1612 1731 1698 1781 cum
1718 1701 1828 1780 dictis
1847 1704 1926 1780 Ma-

499 1835 616 1941 gistro
632 1850 670 1911 et
688 1832 972 1941 preceptoribus
987 1831 1152 1909 fecerant
1165 1831 1387 1910 retulerunt.
1403 1834 1458 1909 Er
1474 1831 1613 1938 quibus
1628 1830 1924 1911 confessionibus

501 1981 539 2042 et
571 1962 877 2071 deposicionibus
905 1992 946 2039 ac
974 1963 1160 2040 relacione
1189 1963 1401 2040 invenimus
1428 1961 1613 2068 sepefatus
1639 1962 1860 2067 Magistrum
1886 1980 1924 2038 et

500 2094 633 2171 fratres
652 2095 692 2171 in
710 2093 920 2199 premissis,
943 2110 981 2170 et
1005 2093 1101 2170 circa
1124 2093 1323 2199 premissa,
1344 2093 1433 2172 licet
1452 2094 1637 2201 quosdam
1653 2121 1696 2172 ex
1711 2093 1766 2169 cis
1782 2091 1823 2167 in
1838 2089 1925 2196 plu-

501 2223 625 2314 ribus,
648 2240 687 2300 et
714 2224 806 2302 alios
831 2225 871 2300 in
896 2224 1155 2330 paucioribus,
1178 2224 1337 2330 graviter
1362 2224 1577 2330 deliquisse.
1599 2224 1742 2304 Verum
1771 2222 1862 2327 quia
1885 2222 1925 2299 in

503 2354 685 2431 universis
703 2354 838 2432 mundi
855 2356 1042 2459 partibus,
1061 2383 1130 2461 per
1146 2383 1239 2461 quas
1256 2355 1359 2432 idem
1377 2355 1471 2433 ordo
1490 2354 1719 2431 diffunditur
1736 2380 1778 2426 ac
1793 2350 1925 2429 fratres

501 2483 647 2588 degunt
671 2485 807 2586 ipsius,
836 2485 1048 2588 superbiis
1073 2511 1150 2557 non
1173 2511 1377 2588 possumus
1402 2484 1593 2588 inquirere
1617 2509 1686 2585 per
1710 2508 1778 2557 nos
1802 2481 1920 2584 ipsos,

502 2610 725 2688 discrecioni
749 2627 887 2701 vestre,
910 2611 957 2686 de
981 2638 1147 2716 quorum
1170 2609 1505 2713 circumspectione
1525 2609 1726 2715 specialem
1744 2607 1923 2687 fiduciam

501 2740 684 2844 gerimus,
701 2737 749 2815 de
764 2736 923 2816 fratrum
944 2755 1159 2817 nostrorum
1176 2736 1351 2827 consilio,
1368 2766 1436 2842 per
1452 2738 1655 2843 apostolica
1669 2739 1804 2843 scripta
1818 2766 1924 2814 man-

503 2868 653 2957 damus,
680 2882 866 2971 quatenus
887 2866 935 2943 ad
951 2867 1188 2944 Senonenses
1203 2864 1408 2957 civitatem,
1432 2866 1612 2945 diocesim
1637 2884 1674 2944 ct
1694 2866 1923 2972 provinciam

502 2993 750 3100 personaliter
769 2994 968 3082 accedatis,
991 3011 1029 3072 et
1052 3024 1120 3100 per
1142 2995 1340 3100 publicum
1366 2995 1557 3073 citacionis
1583 2996 1748 3073 edictum
1766 3024 1836 3101 per
1858 3025 1924 3073 vos

503 3103 718 3201 faciendum
738 3122 778 3199 in
797 3122 890 3201 locis
915 3123 961 3200 de
986 3123 1127 3229 quibus
1152 3122 1259 3201 vobis
1281 3125 1404 3200 visum
1428 3123 1544 3202 fuerit
1568 3125 1757 3230 expedire,
1784 3125 1924 3201 vocatis

470 3258 474 3265 ’
501 3254 568 3360 qui
592 3252 747 3330 fuerunt
767 3252 961 3344 evocandi,
984 3281 1099 3357 super
1125 3253 1291 3328 articulis
1318 3282 1414 3358 quos
1439 3256 1545 3332 vobis
1569 3254 1640 3332 sub
1666 3254 1772 3331 bulla
1798 3272 1924 3333 nostra

503 3384 667 3462 inclusos
690 3384 998 3474 transmittimus,
1021 3399 1059 3459 et
1077 3411 1190 3487 super
1223 3382 1304 3459 aliis
1332 3383 1378 3460 de
1405 3385 1545 3490 quibus
1570 3386 1776 3493 prudencie
1804 3402 1922 3463 vestre

503 3511 692 3588 videbitur
712 3512 903 3617 expedire,
926 3510 1140 3618 inquiratis,
1160 3512 1230 3588 hac
1245 3513 1463 3591 auctoritate
1477 3532 1618 3607 nostra,
1636 3514 1923 3593 contradictum

504 3640 679 3717 ordinem
687 3669 774 3717 curn
788 3640 997 3745 diligencia,
1009 3641 1203 3718 veritatem
1215 3640 1435 3750 [eorumlque
1447 3672 1560 3749 super
1571 3645 1763 3750 premissis
1774 3644 1925 3721 invene-

503 3769 597 3860 ritis,
612 3768 777 3845 [ideliter
788 3769 828 3845 in
843 3768 990 3874 scriptis
1001 3769 1152 3876 publica
1167 3799 1284 3847 manu
1296 3771 1446 3849 redacta
1458 3771 1546 3877 [ciel
1561 3772 1632 3851 sub
1646 3774 1778 3849 vestris
1792 3773 1922 3879 sigillis

503 3896 551 3975 ad
565 3914 732 3975 nostram
744 3897 975 4004 presenciam
988 3898 1149 3976 delaturi
1162 3929 1229 3977 seu
1246 3901 1364 3977 eciam
1373 3900 1639 3977 transmissuri.
1651 3903 1783 3979 Testes
1796 3920 1924 3980 autem

503 4025 534 4101 si
551 4027 635 4131 qui,
650 4026 790 4106 avobis
809 4027 982 4133 requisiti
1004 4058 1073 4106 seu
1092 4030 1249 4108 amoniti
1263 4029 1322 4107 vel
1335 4029 1434 4106 citati
1452 4044 1495 4105 ut
1506 4056 1621 4134 super
1636 4028 1745 4106 dictis
1757 4031 1923 4107 articulis

503 4151 625 4230 ferant
642 4156 806 4234 veritatis
825 4157 1087 4237 testimonium
1111 4189 1242 4251 coram,
1262 4158 1385 4251 vobis,
1407 4186 1446 4235 se
1470 4188 1580 4264 prece
1600 4159 1658 4236 vel
1676 4156 1819 4263 precio,
1842 4186 1925 4264 gra·

505 4282 577 4374 cia,
599 4284 754 4377 timore,
776 4287 865 4364 odio
885 4289 944 4366 vel
963 4317 1090 4367 amore
1111 4322 1132 4368 a
1151 4291 1309 4370 ferendo
1329 4291 1546 4368 testimonio
1566 4289 1832 4380 subtraxerint,
1854 4319 1925 4367 nec

503 4441 580 4491 non
603 4413 784 4509 fautores,
804 4430 1017 4524 receptores
1042 4434 1081 4492 ct
1104 4418 1320 4498 defensores
1344 4418 1601 4524 predictorum
1620 4420 1794 4511 fratrum,
1816 4449 1883 4526 qur
1904 4448 1925 4496 a

504 4542 608 4619 vobis
633 4544 734 4618 citati
758 4545 818 4619 vel
840 4546 975 4637 vocati,
1002 4561 1047 4622 ut
1069 4547 1311 4649 premittitur,
1334 4576 1458 4626 coram
1484 4550 1589 4629 vobis
1608 4579 1685 4628 non
1705 4578 1924 4656 comparue-

502 4671 595 4760 rint,
618 4699 682 4749 eos
705 4671 859 4776 insuper
880 4675 947 4779 qui
970 4674 1178 4783 predictam
1200 4695 1359 4756 vestram
1383 4681 1674 4786 inquisicionem
1700 4681 1841 4759 directe
1865 4680 1923 4758 vel

504 4799 703 4892 indirecte,
725 4799 876 4905 publice
900 4802 959 4881 vel
985 4807 1147 4899 occulte,
1170 4836 1237 4912 per
1262 4837 1300 4886 se
1320 4809 1379 4887 vel
1400 4809 1516 4888 alium
1541 4842 1609 4890 seu
1634 4811 1744 4901 alios,
1766 4812 1825 4889 vel
1850 4811 1922 4889 alio
