4080 6052
520 543 613 620 aaa.
903 521 1097 614 esoces
1123 538 1219 610 uus
1245 534 1547 608 ruuemsus.

533 732 535 736 >
574 678 792 787 Requisitus
820 682 850 757 si
881 681 934 757 sic
962 681 1189 786 deposuerat
1224 704 1350 783 prece,
1367 693 1577 797 precepto,
1603 675 1765 763 timore,
1796 701 1940 765 amore,

521 815 621 902 odio,
633 812 692 889 vel
705 812 905 918 temporali
918 810 1079 888 comodo
1094 808 1297 887 habito=vel
1312 807 1504 897 habendo,
1519 795 1940 913 responditquod'non‚

521 946 587 1023 sed
607 972 675 1050 pro
695 944 848 1020 semme
870 943 1045 1033 dicenda3
1073 942 1132 1018 cui
1157 938 1236 1017 luit:
1255 939 1467 1046 injunctum
1491 966 1559 1045 per
1584 936 1743 1014 eosdem
1768 936 1939 1015 dominos

521 1073 809 1162 commissarios,
832 1074 871 1159 in
890 1074 1026 1149 virtute
1046 1071 1255 1180 juramenti
1277 1070 1422 1177 prestiti
1439 1097 1509 1175 per
1528 1068 1714 1155 eundem,
1737 1067 1840 1174 quod
1860 1096 1937 1144 non

521 1206 701 1284 revelaret
724 1207 819 1282 hanc
848 1234 953 1282 suam
977 1202 1257 1309 deposicionem
1286 1229 1483 1309 quousque
1516 1201 1781 1278 attestaciones
1805 1196 1939 1276 brenm

522 1337 727 1443 publicato,
743 1353 789 1412 et
813 1335 1047 1441 intelligebat
1065 1335 1253 1411 Latinum.

578 1469 690 1557 Item,
712 1467 915 1572 requisitus
935 1493 1067 1571 quare,
1087 1464 1133 1541 ab
1147 1462 1278 1553 inicio,
1300 1460 1489 1539 obtulerat
1502 1488 1542 1538 se
1560 1459 1789 1537 deffensioni
1803 1459 1942 1538 ordinis

524 1626 566 1673 ex
589 1595 665 1701 quo
686 1595 874 1701 predictos
897 1623 1043 1672 errores
1070 1593 1209 1671 sciebat
1227 1620 1307 1670 esse
1330 1593 1369 1667 in
1392 1590 1541 1682 ordine,
1560 1590 1876 1697 respondit'quod
1892 1589 1939 1666 ob

523 1727 788 1823 verecundiam
810 1742 849 1802 et
867 1725 1125 1803 confusionem
1145 1753 1252 1802 suam
1269 1740 1309 1800 et
1326 1723 1474 1831 generis
1494 1723 1552 1799 sui
1572 1722 1779 1809 vitandam,
1798 1738 1835 1796 et
1852 1722 1939 1827 quia

524 1873 716 1962 peccatum
736 1873 774 1932 et
793 1856 975 1963 dyabolus
994 1854 1236 1933 retrahebant
1252 1883 1358 1941 eum,
1379 1855 1425 1931 dc
1445 1881 1522 1960 quo
1535 1853 1702 1929 multum
1724 1852 1844 1941 dolet,
1857 1852 1940 1958 qnia

526 1988 643 2064 eciam
662 2003 767 2063 tauto
790 2002 961 2091 tempore
982 1987 1084 2062 stetit
1107 1987 1148 2061 in
1168 1984 1320 2077 ordine3
1342 2001 1380 2060 et
1404 1983 1548 2060 ibidem
1571 1984 1695 2061 dictus
1715 1982 1823 2059 testis
1841 1999 1944 2059 motu

525 2117 679 2221 proprio
712 2145 798 2191 cum
835 2133 931 2194 esset
959 2116 1176 2192 licenciatus
1210 2144 1230 2192 a
1265 2115 1375 2192 dictis
1406 2115 1569 2191 dominis
1608 2112 1877 2191 commissoriis
1907 2130 1945 2188 ut

527 2248 738 2338 recederet,
771 2247 930 2354 projecit
960 2275 1084 2323 coram
1119 2248 1172 2323 eis
1198 2247 1421 2324 mantellum
1447 2246 1590 2323 ordinis
1617 2274 1736 2351 quem
1761 2244 1944 2350 portabat,

528 2378 655 2454 dicens
671 2378 775 2485 quod
795 2379 918 2483 ipsum
935 2377 982 2454 ab
1000 2378 1168 2455 Ecclesia·
1175 2395 1381 2485 receperat,
1402 2394 1440 2453 et
1455 2377 1578 2482 ipsum
1598 2376 1765 2453 Ecclesie
1785 2376 1946 2455 dimitte-

526 2507 590 2583 bat
598 2539 611 2595 ;¹
629 2505 718 2584 dicti
737 2535 826 2584 vero
848 2508 992 2584 domini
1014 2508 1255 2586 commissarii
1277 2508 1449 2584 dixerunt
1469 2507 1501 2583 ei
1522 2504 1629 2612 quod
1649 2506 1721 2611 ipsi
1737 2534 1816 2582 non
1835 2505 1948 2582 habe·

527 2637 617 2713 bant
626 2650 850 2742 potestatem
860 2638 1067 2744 recipiendi
1079 2640 1223 2715 dictum
1237 2637 1471 2726 mantellum,
1482 2665 1553 2713 nec
1562 2635 1796 2741 recipiebant
1805 2636 1944 2741 ipsum,

529 2797 600 2844 nec
620 2786 812 2844 suaserant
826 2770 859 2845 ei
877 2758 981 2875 quod
999 2769 1227 2860 dimitteret,
1244 2797 1314 2845 nec
1334 2769 1600 2845 dissuadebant
1615 2768 1721 2875 quod
1738 2795 1811 2843 non
1828 2766 1946 2842 dimit·

528 2915 640 2983 teret,
660 2897 797 2974 laceret
818 2899 865 2975 de
880 2899 954 2975 hoc
972 2900 1078 3005 quod
1095 2899 1262 2988 volebat3
1284 2898 1351 2974 sed
1370 2899 1499 3004 etipse
1514 2898 1621 2975 testis
1638 2894 1945 3004 responditquod

532 3026 706 3131 deinceps
726 3029 850 3133 ipsum
870 3057 946 3105 non
966 3046 1151 3134 portaret,
1174 3045 1213 3105 et
1230 3028 1372 3135 rogavit
1391 3028 1496 3134 quod
1514 3027 1669 3104 daretur
1681 3053 1805 3103 amore
1822 3025 1907 3102 Dei.

586 3155 676 3230 Acta
691 3154 845 3231 fuerunt
865 3157 936 3232 hec
952 3158 1013 3232 die
1031 3175 1068 3233 et
1087 3158 1169 3234 loco
1189 3157 1384 3263 predictis,
1406 3158 1648 3263 presentibus
1661 3158 1837 3265 magistro
1851 3157 1951 3234 Ami-

533 3287 605 3370 sio,
628 3313 688 3360 me
707 3285 961 3361 Floriamonte
985 3286 1203 3375 Dondedei,
1230 3306 1268 3363 et
1295 3288 1377 3363 aliis
1406 3288 1559 3364 notariis
1586 3316 1698 3393 supra
1727 3287 1863 3364 ultimo
1884 3316 1952 3363 no·

532 3432 692 3490 mrnatrs.

589 3677 773 3762 Posthac,
790 3676 849 3750 die
865 3677 1017 3753 Sabbati
1030 3678 1214 3781 sequenti,
1229 3705 1303 3783 que
1315 3677 1386 3754 luit
1399 3679 1606 3783 penultima
1619 3678 1695 3753 dies
1710 3676 1797 3752 dicti
1808 3678 1950 3753 mensis

532 3806 712 3897 lanuarii‚
735 3806 806 3880 fuit
826 3808 1011 3884 adductus
1031 3807 1078 3883 ad
1098 3809 1329 3913 presenciam
1349 3809 1570 3885 eorumdem
1594 3808 1836 3885 dominorum
1858 3836 1953 3883 com-

534 3936 808 4028 missariorum,
830 3936 869 4012 in
896 3937 993 4013 dicta
1016 3938 1130 4014 domo
1151 3937 1307 4015 fratrum
1334 3939 1540 4027 Minorum,
1564 3938 1677 4015 frater
1696 3939 1736 4013 P.
1760 3939 1807 4015 de
1828 3955 1951 4016 sancto

481 4130 483 4134 .
534 4069 639 4143 lusto
670 4068 848 4155 serviens,
875 4069 1105 4145 Belvacensis
1136 4070 1310 4159 diocesis,
1339 4087 1535 4175 preceptor
1564 4070 1701 4146 domus
1727 4069 1880 4175 Templi
1909 4071 1951 4145 de

536 4200 719 4275 Correans
748 4199 1007 4276 Ambianensis
1034 4202 1209 4291 diocesis,
1235 4202 1341 4278 testis
1367 4202 1642 4308 suprajuratus,
1675 4219 1720 4278 ut
1750 4203 1953 4308 deponeret

538 4327 679 4404 dictum
707 4359 836 4420 suum,
859 4330 1082 4406 mantellum
1107 4331 1251 4408 ordinis
1271 4349 1309 4407 et
1327 4331 1483 4408 barbam
1505 4331 1709 4422 defferens,
1737 4333 1850 4408 etatis
1868 4360 1953 4438 qua-

411 4473 413 4479 ’
537 4456 703 4563 draginta
724 4488 908 4535 annorum
927 4460 985 4535 vel
1006 4460 1111 4547 circa,
1135 4477 1172 4536 et
1193 4458 1315 4537 fuerat
1336 4462 1565 4539 examinatus
1584 4490 1652 4568 per
1673 4462 1877 4539 dominum
1901 4490 1952 4537 ar-

537 4586 817 4693 chiepiscopum
832 4593 1055 4667 Remensem
1074 4590 1112 4665 in
1131 4591 1287 4668 consilio
1305 4592 1491 4681 Remensi,
1514 4606 1552 4667 et
1564 4592 1761 4668 absolutus
1779 4610 1818 4669 et
1831 4621 1952 4669 recon-

539 4715 683 4792 ciliatus
712 4718 854 4793 ibidem
881 4749 948 4826 per
973 4749 1082 4812 eum,
1110 4721 1216 4799 lectis
1240 4741 1366 4800 autem
1392 4741 1428 4800 et
1456 4723 1657 4828 diligenter
1680 4725 1862 4828 expositis
1887 4722 1948 4800 sibi

539 4845 715 4937 omnibns
735 4865 772 4922 et
791 4849 945 4954 singulis
965 4852 1145 4942 articulis,
1164 4854 1358 4959 respondit
1377 4853 1424 4931 ad
1441 4883 1521 4944 eos,
1544 4871 1580 4930 et
1600 4856 1724 4960 primo
1745 4856 1950 4963 adprimus
