4080 6052
287 516 385 626 'uos
696 530 1012 622 proces-ors
1039 545 1340 623 rennuens.

307 696 383 785 rio;
403 692 497 789 vidit
512 690 630 768 eciam
649 689 791 767 adicto
807 687 920 767 fratre
933 686 1108 796 Aymoue
1121 686 1361 793 d'Oysilieres
1380 685 1515 793 recipi,
1539 685 1583 762 in
1602 687 1732 767 eadem

310 822 427 903 aomo
448 824 495 900 aa
514 822 614 901 Nova
631 819 743 912 vina,
764 797 926 899 *erasm
942 821 1096 896 esaum
1110 818 1168 896 aa
1192 818 1320 897 notua
1343 817 1529 911 mittem,
1554 809 1731 925 neptam

264 935 269 943 ’
310 955 426 1060 ipsius
445 953 568 1045 testis,
590 968 680 1029 sunt
705 951 947 1030 circiter-vm
978 949 1084 1041 anni,
1105 947 1351 1054 presentibus.
1376 947 1491 1031 dictis
1520 940 1743 1055 presbitero

308 1086 476 1162 lohanne
495 1081 668 1159 d'Aubon
681 1098 719 1158 et
730 1083 772 1158 R.
789 1079 1075 1172 Molendinario,
1089 1078 1156 1186 qui
1171 1077 1418 1159 morabantur
1428 1078 1471 1155 in
1487 1077 1723 1169 dictadomoc

309 1214 402 1293 vidit
424 1214 546 1291 eciam
563 1213 604 1289 in
629 1213 762 1291 eadem
787 1212 902 1290 domo
921 1209 1037 1318 recipi
1057 1239 1125 1317 per
1141 1209 1294 1288 fratrem
1314 1207 1531 1288 Gerardum
1551 1208 1598 1289 de
1613 1210 1725 1290 Villa·

308 1344 414 1421 ribus
432 1343 614 1432 militem,
635 1364 727 1422 tunc
745 1355 1003 1451 preceptorem
1028 1341 1198 1432 Francie,
1223 1340 1377 1417 fratrem
1396 1339 1544 1418 dictum
1569 1341 1726 1421 Motardi

309 1474 484 1567 militem,
503 1490 593 1550 sunt
612 1474 759 1550 circiter
777 1501 842 1553 vm
860 1474 959 1564 anni,
971 1472 1218 1580 ¹presentibus
1228 1471 1407 1549 iratribus
1419 1472 1597 1579 proximo
1610 1474 1727 1551 nhmi-

309 1605 422 1696 natis,
436 1667 440 1677 .
453 1604 505 1679 in.
522 1603 661 1710 quibus
686 1604 843 1710 quidem
870 1603 1155 1710 recepcionibus
1180 1619 1219 1680 et
1239 1601 1412 1710 capitulis
1439 1601 1555 1682 nichil
1577 1600 1652 1679 fuit
1674 1602 1726 1681 la-

308 1754 412 1812 ctum
438 1735 498 1812 vel
525 1733 669 1813 dictum
690 1735 933 1812 inhonestum
960 1733 1020 1812 vel
1040 1734 1214 1811 illicitum
1238 1735 1343 1841 quod
1367 1735 1450 1839 ipse
1471 1732 1570 1811 testis
1586 1731 1724 1809 viderit

308 1865 366 1942 vel
391 1865 575 1942 audiverit
598 1865 657 1941 vel
686 1865 848 1956 sciverit,
878 1865 953 1941 sed
971 1865 1068 1941 dicte
1097 1864 1334 1969 recepciones
1358 1862 1516 1941 fuerunt
1538 1861 1628 1939 lacte
1654 1891 1724 1968 per

310 1996 419 2073 illum
440 1996 598 2073 modum
618 2021 814 2101 perquem
827 1994 1005 2100 deposuit
1019 2021 1059 2072 se
1078 1992 1193 2071 luisse
1213 2011 1424 2099 receptum,
1439 1993 1603 2098 exceptis
1617 1993 1725 2072 abne·

309 2126 461 2230 gecione
492 2142 529 2202 et
553 2125 747 2230 spuicione
775 2124 964 2231 predictis.
988 2122 1204 2229 Requisitus
1221 2124 1251 2200 si
1270 2122 1449 2200 credebat
1466 2123 1576 2230 quod
1598 2123 1724 2232 aliquis

309 2255 405 2332 alius
422 2255 537 2332 fuerit
554 2272 726 2361 receptus
745 2254 937 2337 inordine
957 2254 1023 2361 qui
1046 2253 1282 2359 abnegaverit
1302 2253 1429 2331 Deum
1448 2270 1489 2330 et
1504 2254 1652 2360 spuerit
1667 2283 1723 2332 su·

308 2416 375 2492 pra
395 2413 562 2480 crucem,
583 2387 780 2494 respondit
799 2386 905 2494 quod
922 2385 1040 2493 magis
1065 2383 1242 2465 credebat
1258 2411 1390 2463 omnes
1410 2383 1511 2464 bene
1530 2383 1648 2464 firi'sse
1671 2413 1723 2463 re

308 2534 436 2626 ceptos
452 2548 567 2626 quam
588 2516 835 2596 contrarium.-

363 2653 474 2741 Item,
504 2652 551 2727 de
577 2650 760 2728 contentis
779 2650 819 2725 in
842 2664 879 2728 v⁰
903 2667 942 2725 et
966 2649 1144 2727 omuibus
1171 2648 1253 2726 aliis
1278 2646 1445 2727 articulis
1468 2648 1665 2754 respondit
1686 2676 1721 2726 se

308 2782 451 2858 nescire
478 2781 565 2887 plus
592 2811 705 2888 quam
733 2809 846 2887 supra
870 2780 1104 2887 deposuerit,
1130 2780 1203 2856 hoc
1229 2796 1383 2887 excepto
1405 2780 1513 2886 quod
1530 2780 1607 2885 ipse
1623 2777 1719 2854 bene

308 2908 485 2987 credebat
498 2911 737 2990 sacramentis
747 2911 927 2998 Ecclesie,
944 2927 982 2987 et
994 2910 1114 2987 credit
1128 2910 1234 3016 quod
1246 2909 1307 2986 alii
1322 2907 1457 2987 fratres
1472 2908 1609 2991 ordinis
1621 2908 1719 2986 bene

308 3039 505 3117 crederent
533 3058 570 3116 et
595 3042 700 3148 quod
725 3043 935 3143 sacerdotes
967 3041 1111 3118 ordinis
1134 3040 1232 3118 bene
1259 3040 1511 3134 celebrarent,
1532 3058 1568 3119 et
1585 3037 1751 3117 sciebat.

307 3169 413 3276 quod
432 3169 525 3277 layci
546 3197 621 3246 non
648 3189 820 3277 poterant
843 3172 1033 3250 absolvere
1060 3200 1081 3248 a
1105 3171 1265 3277 peccatis
1286 3199 1358 3248 nec
1383 3199 1449 3250 eos
1473 3172 1721 3249 excommuni-

307 3328 401 3376 care.
417 3301 489 3377 Pro
505 3298 681 3406 professis
698 3301 946 3394 habebantur,
965 3319 1002 3378 et
1010 3303 1187 3409 jurabant
1203 3329 1279 3377 non
1299 3303 1399 3378 exire
1419 3329 1487 3406 pro
1501 3301 1652 3377 meliori
1669 3301 1722 3377 vel

306 3431 425 3539 pejori
446 3432 525 3508 sine
546 3430 701 3507 licencia
719 3432 969 3537 superiorum.
993 3432 1245 3509 Clamdcstine
1268 3432 1406 3510 fiebant
1426 3431 1663 3533 recepciones
1683 3447 1722 3505 et

306 3561 496 3668 capitulis,
516 3561 630 3638 nullis
643 3563 882 3667 presentibus
898 3562 967 3650 nisi
980 3563 1156 3639 fratribus
1172 3563 1326 3654 ordinis,
1341 3589 1403 3638 nec
1416 3557 1533 3634 credit
1548 3558 1655 3662 quod
1673 3587 1720 3634 ex

305 3693 378 3768 hoc
392 3692 553 3798 suspicio
572 3692 776 3770 haberetur
791 3711 919 3770 contra
939 3694 1128 3786 ordinem,
1144 3695 1232 3799 quia
1254 3693 1364 3769 multi
1382 3688 1542 3795 religiosi
1560 3688 1719 3766 exclusis

218 3817 219 3820 ¹
304 3822 536 3900 secularibus
554 3823 734 3900 tenebant
753 3824 928 3928 capitolia
948 3852 1092 3902 eorum.
1115 3823 1294 3902 Cordulis
1320 3850 1433 3928 super
1454 3819 1624 3897 camisias
1648 3821 1721 3896 cin-

303 3953 505 4060 gebantur;
523 3955 643 4031 nescit
664 3955 767 4061 quod
790 3955 924 4061 aliquis
943 3954 1099 4060 punitus
1122 3954 1236 4031 luerit
1255 3962 1321 4061 qui
1340 3952 1573 4031 revellaverit
1586 3967 1719 4028 secreta

304 4085 473 4190 capituli,
491 4085 579 4192 quia
602 4115 679 4162 non
705 4086 846 4163 audivit
871 4116 913 4164 ea
936 4086 1109 4174 revelari;
1131 4085 1409 4192 precipiebatur
1434 4085 1488 4160 eis
1518 4083 1625 4192 quod
1648 4109 1716 4156 non

304 4213 572 4293 confiterentur
593 4218 663 4293 nisi
684 4216 859 4294 iratribus
879 4218 1020 4294 ordinis
1041 4220 1119 4295 sine
1136 4218 1289 4294 licencia
1304 4244 1453 4307 corum,
1467 4215 1558 4321 quia
1579 4211 1717 4290 diceba-

303 4362 366 4419 tur
393 4348 498 4452 quod
523 4346 655 4424 fratres
680 4376 813 4425 eorum
839 4349 1030 4427 habebant
1057 4351 1241 4456 majorem>
1261 4364 1485 4454 potestatem
1520 4350 1641 4449 super'
1660 4369 1714 4419 eos

302 4495 456 4581 propter
474 4478 666 4584 privilegia
687 4504 826 4556 eorum>
841 4509 955 4586 quarn
975 4480 1049 4556 alii.
1072 4480 1111 4556 Si
1134 4479 1248 4585 aliqui
1269 4495 1374 4556 erant
1393 4477 1554 4554 scientes
1580 4499 1713 4553 errores

303 4606 341 4679 in
362 4607 510 4697 ordine,
527 4608 681 4686 luerunt
699 4610 930 4716 negligentes
945 4611 1033 4717 quia
1053 4638 1129 4686 non
1146 4626 1388 4687 correxerunt
1400 4636 1465 4685 eos
1486 4635 1558 4684 nec
1577 4607 1712 4685 denun-

303 4733 493 4808 ciaverunt
511 4736 683 4816 Ecclesie.
706 4741 919 4818 Elemosine
941 4760 978 4819 et
998 4741 1228 4847 hospitalitas
1248 4741 1287 4815 in
1308 4740 1442 4817 ordine
1467 4735 1710 4816 communiter

302 4863 554 4956 servabantur,
567 4883 605 4944 et
626 4872 928 4975 precipiebantur
945 4874 1001 4951 eis
1022 4873 1127 4980 quod
1147 4871 1276 4949 illicite
1302 4898 1379 4949 non
1402 4870 1638 4975 acquirerent
1648 4889 1708 4938 or-
