4080 6052
471 510 671 607 110011
698 531 793 604 nns
820 531 1120 607 1111111111.
1432 540 1506 612 111

87 713 109 759 a
134 678 372 786 carnisprivio
403 705 525 784 usque
557 674 606 752 ad
631 675 781 752 Pascha.
808 675 1023 781 Requisitus
1052 694 1147 782 quot
1172 677 1391 782 septimanis
1414 679 1514 786 jeju-

88 832 178 891 nant
196 814 235 889 in
254 811 420 890 secunda
436 806 771 912 Quadragessima,
795 809 990 914 respondit
1004 809 1109 915 quod
1130 825 1274 914 septem
1291 810 1514 914 septimanas

87 946 184 1025 sicut
203 962 242 1021 et
261 972 341 1020 nos.
368 940 585 1047 Requisitus
605 939 635 1015 si
658 937 867 1045 infringunt
891 939 990 1016 dicta
1009 940 1154 1048 jejunia
1178 970 1223 1016 an
1249 941 1454 1046 puniantur
1473 941 1511 1017 in

88 1078 187 1153 dicto
206 1074 356 1163 ordine,
378 1071 575 1179 respondit
600 1071 706 1177 quod
728 1099 818 1147 non.
841 1071 1058 1177 Requisitus
1082 1090 1177 1178 quot
1201 1072 1337 1149 diebus
1357 1072 1396 1148 in
1416 1090 1511 1150 tem-

86 1235 177 1312 pore
198 1233 277 1283 non
295 1201 610 1311 quadragesimali
631 1201 838 1279 comedunt
863 1229 991 1278 carnes
1012 1202 1051 1278 in
1072 1202 1296 1308 septimana,
1318 1202 1514 1307 respondit

88 1336 194 1442 quod
214 1337 253 1412 in
272 1335 409 1413 diebus
427 1334 627 1411 dominicis
647 1333 774 1409 Martis
794 1349 832 1409 et
852 1333 962 1410 Jovis.

155 1468 260 1556 Item,
286 1466 489 1573 requisitus
510 1465 673 1572 qualiter
692 1463 893 1569 reciperint
922 1464 983 1540 alii
1009 1462 1143 1539 iratres
1173 1463 1333 1541 indicto
1361 1462 1511 1551 ordine,

92 1598 288 1703 respondit
310 1627 350 1675 se
374 1598 531 1675 credere
556 1596 661 1703 quod
685 1596 914 1702 recipiantur
938 1595 1036 1672 sicut
1060 1595 1138 1700 ipse
1166 1593 1239 1670 suit
1261 1610 1449 1699 receptus,
1476 1611 1513 1669 et

89 1729 191 1834 quod
204 1728 348 1805 viderat
368 1727 485 1833 recipi
505 1727 544 1803 in
558 1726 659 1802 dicto
677 1726 811 1802 ordine
829 1740 908 1803 1111ω
923 1725 982 1802 111
1000 1753 1022 1803 v
1040 1724 1187 1815 fratres,
1209 1741 1247 1800 et
1265 1752 1418 1830 presens
1432 1722 1515 1800 fuc-
1624 1704 1627 1709 ,

90 1876 146 1934 rat
165 1858 211 1935 in'
224 1857 444 1964 recepcione
466 1885 612 1934 eorum.
635 1856 851 1962 Requisitus
872 1857 919 1932 de
940 1854 1160 1931 nominibus
1179 1853 1333 1930 illorum
1353 1881 1450 1959 quos
1468 1853 1516 1929 vi·

92 1987 197 2064 derat
215 1989 350 2095 recipi,
372 1987 569 2093 respondit
594 2015 632 2063 se
658 2015 734 2063 non
756 1985 960 2063 recordari.
985 1985 1203 2090 Requisitus
1227 1986 1275 2062 de
1300 1985 1391 2063 locis
1411 1985 1513 2063 unde

92 2133 198 2193 erant
219 2119 308 2195 dicti
328 2118 468 2223 recepti
488 2135 526 2193 et
546 2118 584 2192 in
609 2117 750 2221 quibus
769 2116 861 2194 locis
880 2116 1162 2222 recipiebantur
1181 2133 1219 2192 11
1237 2146 1306 2222 per
1324 2144 1435 2221 quos,
1458 2144 1516 2191 re-

92 2247 247 2353 spondit
266 2248 371 2353 quod
392 2248 469 2323 duo
489 2246 545 2322 vel
567 2263 644 2321 tres
664 2274 707 2320 ex
728 2247 905 2351 predictis
929 2247 1088 2350 receptis
1113 2265 1219 2324 erant
1238 2247 1285 2324 de
1305 2247 1454 2323 Parisiis
1478 2266 1516 2322 et

92 2377 243 2454 fuerant
259 2375 399 2480 recepti
419 2375 459 2449 in
480 2375 594 2451 doum
613 2374 763 2479 Templi
780 2374 959 2466 Parisius,
982 2375 1098 2481 aliqui
1116 2375 1154 2449 in
1174 2374 1305 2451 fratres
1322 2376 1461 2451 milites
1479 2391 1516 2451 11

92 2507 209 2613 aliqui
230 2508 269 2581 in
290 2506 508 2592 servientes,
532 2506 629 2583 duos
648 2521 787 2595 autem,
803 2504 900 2581 sicut
917 2504 1026 2594 dixit,
1042 2504 1186 2580 viderat
1199 2504 1314 2610 recipi
1332 2505 1370 2578 in
1385 2502 1516 2581 [ratres

92 2638 295 2715 servientes
315 2637 353 2712 in
373 2636 592 2742 Burgundia
613 2636 713 2742 apud
734 2635 968 2714 Cabilonem.
991 2635 1209 2741 Requisitus
1227 2636 1274 2713 de
1295 2665 1369 2742 qua
1389 2666 1516 2740 paren·

91 2768 180 2844 tella
207 2784 313 2844 111111
335 2766 493 2873 predicti
519 2796 684 2873 quorum
709 2766 998 2871 recepcionibus
1024 2766 1119 2842 dixit
1143 2793 1182 2843 se
1207 2766 1435 2855 interfuisse,
1457 2797 1517 2842 re-

93 2899 245 3007 spondit
259 2928 297 2975 se
313 2899 474 2989 nescire,
493 2915 531 2974 et
544 2899 650 3004 quod
672 2926 748 2974 non
765 2898 911 2974 viderat
926 2926 992 2973 eos
1013 2914 1098 2974 ante
1119 2896 1236 3002 ipsam
1256 2898 1515 3003 recepcionem

92 3057 161 3105 nec
177 3030 271 3105 vidit
286 3046 383 3135 post.
402 3029 620 3134 Requisitus
638 3031 685 3105 de
704 3028 923 3105 nominibus
944 3028 1098 3104 illomm
1116 3029 1182 3134 qui
1202 3029 1432 3134 recipiebant
1452 3058 1516 3106 eos

94 3175 132 3234 et
150 3158 216 3264 qui
240 3158 389 3235 fuerant
411 3176 620 3264 presentes,
642 3159 839 3265 respondit
863 3188 903 3236 11
930 3159 1090 3251 nescire,
1112 3161 1179 3236 sed
1203 3177 1441 3266 preceptores
1460 3160 1516 3236 lo-

93 3317 223 3364 corum
239 3287 423 3366 faciebant
441 3290 558 3367 dictas
574 3290 823 3395 recepciones.
841 3291 1057 3397 Requisitus
1075 3291 1123 3366 de
1140 3308 1311 3395 tempore
1331 3291 1516 3366 dictarum

94 3420 373 3524 recepcionum,
395 3423 590 3527 respondit
608 3423 868 3528 recepcionem
889 3451 1003 3527 quam
1026 3421 1119 3497 dixit
1138 3420 1252 3498 luisse
1272 3420 1434 3497 Parisius
1455 3448 1517 3495 111-

91 3549 209 3627 titisse
227 3550 360 3627 lactam
378 3552 473 3628 circa
491 3551 629 3630 festum
648 3554 847 3630 nativitatis
864 3553 964 3629 beati
985 3553 1167 3629 lobannis
1185 3568 1297 3628 erunt
1314 3568 1397 3628 octo
1416 3550 1514 3640 anni,

94 3698 130 3757 et
141 3681 215 3757 alia
227 3683 396 3788 recepcio
412 3683 484 3759 suit
495 3684 588 3762 facta
601 3702 686 3790 post
701 3687 859 3762 modum
874 3684 912 3760 in
929 3684 1136 3789 septimana
1151 3701 1236 3759 ante
1251 3685 1390 3760 Pascha
1405 3699 1517 3758 erunt

95 3838 156 3885 sex
175 3811 280 3902 anni;
295 3812 499 3915 requisitus
515 3815 562 3890 de
577 3815 713 3892 diebus
729 3817 767 3892 in
782 3815 923 3922 quibus
937 3814 1093 3892 suerunt
1105 3813 1199 3891 facte
1216 3815 1314 3890 dicte
1332 3812 1518 3918 recepcio-

95 3967 177 4029 nes,
199 3938 290 4013 dixit
310 3968 348 4015 se
369 3969 445 4017 non
465 3944 664 4020 recordari.
686 3946 903 4051 Requisitus
922 3946 1117 4052 quomodo
1138 3944 1358 4020 interfuerat
1377 3945 1456 4048 ipse
1478 3944 1515 4018 in

94 4069 380 4175 recepcionibus
396 4072 591 4177 predictis,
609 4091 647 4149 et
667 4075 696 4150 si
720 4093 799 4151 erat
815 4075 928 4151 frater
949 4076 1122 4152 residens
1146 4077 1183 4151 in
1205 4074 1313 4150 dictis
1331 4074 1437 4162 locis,
1459 4103 1517 4150 re-

94 4200 245 4305 spondit
254 4201 360 4307 quod
374 4230 450 4279 non
464 4204 667 4296 residebat,
687 4207 753 4282 sed
773 4235 793 4281 a
811 4235 897 4282 casu
912 4223 1074 4283 venerat.
1090 4204 1306 4311 Requisitus
1319 4204 1356 4279 in
1376 4203 1516 4310 quibus

95 4331 184 4408 locis
205 4349 284 4407 erat
304 4332 383 4438 ipse
405 4336 660 4412 conventualis
681 4365 725 4413 eo
746 4353 916 4442 tempore
942 4366 1019 4443 quo
1045 4334 1200 4412 fuerunt
1219 4336 1311 4412 lacte
1331 4336 1516 4441 recepcio-

95 4489 161 4536 nes
180 4462 364 4567 predicte,
385 4465 581 4570 respondit
600 4468 703 4573 quod
723 4485 894 4572 tempore
915 4467 1036 4573 prime
1056 4465 1397 4573 recepcionisdacte
1417 4467 1517 4542 Pari-

95 4591 173 4667 sius
187 4608 226 4667 et
238 4591 352 4668 eciam
368 4595 533 4671 secunde
552 4614 631 4673 erat
648 4597 903 4676 conventualis
912 4598 1086 4675 Treveris
1100 4598 1139 4675 in
1149 4598 1365 4686 Allamania,
1383 4614 1421 4674 et
1438 4616 1517 4676 erat

96 4717 207 4798 frater
224 4721 396 4800 serviens.
414 4725 633 4831 Requisitus
648 4744 744 4833 quot
760 4727 867 4804 annis
882 4727 1003 4806 fuerat
1017 4728 1070 4805 ibi
1088 4728 1351 4814 conventualis,
1368 4756 1516 4834 respon·

99 4848 151 4927 dit
165 4853 271 4958 quod
288 4881 356 4959 per
370 4854 466 4932 duos
481 4884 599 4935 annos
614 4886 700 4934 cum
716 4858 897 4936 dimedio.
911 4859 1126 4966 Requisitus
1140 4888 1184 4937 ex
1198 4889 1271 4966 qua
1287 4888 1394 4936 causa
1409 4887 1516 4937 vene
1547 4891 1549 4898 ¹
