4080 6052
533 547 600 622 loe
912 527 1106 620 rnooss
1135 544 1229 619 ons
1255 546 1554 621 rnunnlnns.

528 691 669 778 nensis,
694 688 881 764 Johannes
904 689 953 765 de
977 688 1130 763 Forestu
1158 685 1420 792 Lingonensis,
1448 686 1675 765 Guillelmus
1701 686 1748 765 de
1778 688 1950 799 Somayo

529 821 636 895 miles
659 819 894 905 Pictavensis,
913 818 1078 894 Thomas
1098 816 1145 892 de
1162 817 1443 893 Bonohaneuris
1465 816 1739 906 Ambianensis,
1757 817 1949 900 Johannes

528 949 575 1025 de
594 948 794 1028 Villaribus
826 947 1118 1034 suessionensis,
1147 945 1344 1024 Gervasius
1378 946 1425 1023 de
1459 947 1610 1024 Fannia
1646 947 1838 1052 sagensis,
1864 950 1947 1029 Cri·

527 1081 667 1155 stianus
685 1078 731 1154 de
749 1079 976 1156 Chaumerio
998 1076 1273 1165 Laudunensis,
1293 1075 1398 1153 Misso
1419 1077 1466 1153 de
1489 1078 1619 1154 Paians
1637 1076 1834 1184 presbyter
1861 1080 1947 1157 Lin-

526 1208 715 1315 gonensis,
744 1209 782 1284 P.
816 1209 862 1285 de
891 1206 1057 1313 Bragella
1089 1206 1338 1294 Belvecensis,
1364 1207 1551 1283 Johannes
1584 1207 1631 1287 de
1661 1208 1815 1312 Septem
1843 1210 1947 1289 Mon·

525 1341 626 1416 tibus
652 1340 847 1446 presbyter
873 1338 1167 1456 suessionensis,
1190 1336 1418 1415 Guillelmus
1445 1337 1492 1413 de
1519 1337 1684 1413 Puteolis
1711 1338 1944 1427 Parisiensis,

525 1471 648 1546 Droco
668 1470 715 1546 de
734 1468 889 1546 Viveriis
909 1466 1204 1554 suessionensis,
1224 1466 1488 1544 Gervasiusde
1511 1466 1663 1543 Fessinis
1688 1468 1943 1555 Carnotensis,

528 1599 749 1675 Lambertus
781 1598 827 1674 de
861 1598 1107 1674 Romanouria
1145 1598 1358 1683 Remensis,
1388 1596 1547 1673 Jacobus
1576 1597 1623 1672 de
1655 1597 1786 1674 Calido
1816 1600 1944 1675 Fumo

527 1727 743 1819 Meldensis,
769 1727 963 1833 Philippus
985 1728 1032 1803 de
1052 1726 1191 1802 Tribus
1215 1727 1397 1803 Fontibus
1421 1726 1632 1813 Trecensis,
1652 1725 1874 1803 Dominious
1896 1729 1943 1804 de

527 1856 706 1934 Verduno
734 1857 895 1947 civitate,
923 1856 1094 1933 Nicolaus
1128 1855 1174 1931 de
1209 1857 1335 1932 Maura
1366 1854 1561 1962 presbyter
1591 1855 1797 1942 Remensis,
1824 1857 1864 1931 P.
1893 1857 1942 1931 de

526 1987 744 2075 Cathalano,
773 1989 812 2063 P.
843 1987 889 2063 de
918 1987 1044 2063 Monte
1069 1983 1191 2091 Goyni
1218 1985 1436 2072 Meldensis,
1462 1987 1501 2060 Ρ.
1533 1983 1581 2059 de
1606 1986 1771 2091 Somayo
1800 1983 1953 2092 Ambiu-¹

526 2119 667 2203 nensis,
691 2118 813 2193 Droco
842 2117 889 2192 de
915 2116 1081 2222 Sornayo
1111 2114 1389 2201 Ambianensis,
1412 2115 1601 2190 Johannes
1623 2113 1660 2191 le
1683 2112 1943 2221 Champunoys

514 2246 823 2334 'Cathsionensis
848 2245 1035 2321 Johannes
1063 2246 1109 2322 de
1142 2245 1307 2349 sornayo
1337 2245 1545 2331 Remensis,
1568 2244 1788 2322 Dominicus
1817 2273 1942 2351 prece·

526 2395 612 2483 ptor
638 2377 684 2473 de
712 2379 879 2482 Jonneyo
907 2376 1168 2481 Lingonensis,
1202 2373 1359 2450 Anticus
1389 2373 1436 2449 de
1465 2374 1647 2451 Fsvarolis
1678 2375 1939 2480 lingonensis,

526 2507 809 2584 Bettholameus
842 2506 889 2581 de
917 2505 1068 2583 Volenis
1095 2505 1357 2609 Lingonensis,
1386 2505 1573 2580 Johannes
1601 2504 1690 2581 Fort
1718 2504 1854 2581 devio
1880 2505 1940 2583 Al-

525 2639 797 2728 tisiodorensis,
826 2636 1012 2712 Robertus
1042 2634 1078 2710 le
1111 2635 1240 2739 Briays
1268 2634 1511 2722 Senonensis,
1547 2633 1734 2710 Johannes
1765 2635 1814 2711 de
1843 2637 1939 2713 Nons'

526 2767 721 2871 presbyter
751 2765 1025 2853 Ambianensis,
1059 2763 1286 2841 Guillelmus
1319 2765 1366 2841 de
1398 2763 1586 2871 Mayniilio
1619 2764 1813 2872 presbyter
1842 2765 1939 2841 Pari-

527 2896 674 2984 siensis,
699 2894 845 2971 Addam
871 2895 917 2970 de
940 2893 1089 2970 inferno
1119 2910 1314 2998 preceptor
1341 2895 1586 2985 Belvaoensis,
1613 2895 1807 3002 Philippus
1833 2895 1880 2972 de
1907 2895 1938 2970 lo

527 3026 702 3103 Vercines
727 3024 969 3112 Belvacensis,
995 3024 1182 3100 Johannes
1205 3024 1251 3100 de
1277 3024 1447 3102 Chaenes
1471 3025 1747 3114 Ambianensis,
1773 3025 1939 3104 Nicolaus

529 3153 576 3229 de
596 3154 742 3231 Valiaco
770 3153 1014 3241 Belvacensis,
1042 3153 1262 3258 Radulphus
1295 3154 1342 3231 de
1371 3157 1595 3233 Taverniaoo
1624 3155 1817 3262 presbyter
1844 3155 1942 3231 Pori·
2007 3184 2010 3191 ·

528 3284 674 3373 siensis,
689 3282 928 3390 Raymondus
945 3282 1137 3388 presbyter
1153 3281 1200 3357 de
1213 3283 1389 3372 Parisius,
1402 3285 1526 3361 Helias
1538 3285 1586 3361 de
1599 3286 1707 3362 Joero
1723 3284 1939 3372 Meldensis,

528 3414 698 3491 Nicolaus
733 3414 779 3490 de
811 3413 1045 3517 Compendio
1076 3412 1373 3501 suessionensis,
1404 3415 1443 3491 P.
1475 3415 1522 3489 de
1552 3431 1675 3491 sancto
1702 3415 1809 3517 Lupo
1840 3413 1940 3487 Pari-

529 3547 674 3633 siensis,
699 3546 869 3622 Matheus
894 3544 940 3619 de
965 3542 1123 3619 Tabulla
1153 3543 1396 3633 Belvacensis,
1421 3546 1526 3621 Bono
1556 3545 1602 3621 de
1619 3542 1788 3623 Vollenis'
1806 3542 1938 3648 Lingo

528 3677 669 3762 nensis,
687 3675 873 3751 Johannes
894 3674 1041 3749 lochan
1061 3673 1290 3760 herisiensis,
1312 3675 1351 3748 P.
1374 3674 1421 3750 de
1445 3675 1609 3750 Landres
1626 3670 1835 3758 Remensis,
1856 3672 1939 3747 Ber-

527 3806 683 3882 trandus
699 3805 745 3880 de
766 3783 889 3880 sancti)
905 3802 1021 3879 Paulo
1035 3803 1270 3890 Viennensis,
1288 3804 1418 3880 Petrus
1443 3804 1490 3881 de
1509 3801 1707 3910 Msybresis
1725 3801 1937 3888 Remensis,

526 3937 712 4012 Johannes
742 3934 789 4011 de
822 3933 940 4010 Malvo
977 3932 1237 4009 Laudunensis
1270 3934 1440 4020 civitatis,
1480 3934 1664 4011 Johannes
1703 3931 1751 4009 de
1770 3932 1939 4008 -Brueria

527 4067 788 4152 Tornaoensis,
812 4066 893 4142 Ber.
922 4063 968 4139 de
991 4063 1124 4168 Biceyo
1151 4064 1411 4168 Lingonensis,
1431 4063 1590 4141 Jacobus
1613 4062 1661 4140 de
1687 4062 1825 4167 saoeyo
1852 4062 1939 4137 Tre-

528 4196 661 4282 censis,
688 4197 797 4300 Hugo
829 4194 876 4270 de
897 4192 1098 4270 Villaribus
1133 4193 1394 4300 Lingonensis,
1422 4194 1608 4270 Johannes
1634 4189 1822 4299 Poytavini
1843 4214 1939 4294 pres

526 4321 633 4428 byter
652 4324 895 4413 Belvaeensis,
923 4322 1149 4399 Laurencius
1175 4324 1221 4400 de
1246 4323 1386 4399 Pmino
1412 4321 1655 4409 senonensis,
1681 4321 1868 4398 Johannes
1893 4317 1939 4394 de

527 4453 671 4530 Gisiaco
692 4456 885 4560 presbyter
905 4452 1181 4540 Laudunensis,
1200 4452 1358 4529 Jaoobus
1380 4453 1427 4529 de
1448 4451 1650 4531 Villaribus
1672 4451 1789 4529 Ducis
1811 4450 1939 4554 Lingo

528 4585 668 4670 nensis,
687 4585 898 4660 Bernardus
917 4582 964 4659 de
990 4581 1176 4686 Ploysiaco
1201 4582 1495 4671 suessionensis,
1518 4581 1703 4659 Robertus
1725 4579 1773 4657 de
1797 4578 1939 4656 Pontis-

528 4735 608 4784 sera
631 4710 950 4815 Rothomagensis,
977 4711 1202 4815 Bandoynus
1223 4711 1271 4788 de
1289 4711 1461 4790 Gisiacho
1486 4709 1762 4797 Loudunensis,
1783 4706 1938 4812 Stepho-

526 4866 598 4915 nus
627 4836 673 4914 de
701 4839 886 4914 Bavenant
921 4839 1212 4928 Bisuntinensis,
1240 4839 1465 4920 Guillelmus
1493 4840 1636 4918 Alberti
1668 4832 1935 4919 Ruthenensis.
