4148 6052
328 537 403 610 sos
700 507 1358 608 -rnocssnnsrrnrmsss

384 679 495 763 Item,
521 675 727 783 requisitus
746 705 860 784 super
878 701 973 764 run,
996 675 1044 751 de
1063 672 1281 753 adoratione
1300 673 1388 763 cati,
1410 688 1450 751 et
1471 673 1666 780 sequenti,
1691 700 1751 751 re-

328 808 481 914 spondit
499 836 539 885 se
560 806 676 884 nichil
695 809 789 885 scire
809 836 879 884 nec
899 803 1083 884 audivisse
1103 803 1189 882 dici.

384 940 495 1028 Item,
514 937 719 1044 requisitus
735 965 850 1044 super
862 964 938 1022 ιιι,
956 933 1072 1029 Quod
1087 961 1165 1012 non
1183 934 1389 1013 credebant
1401 950 1677 1013 sacramentum
1693 935 1749 1012 el-

327 1068 431 1160 taris,
451 1085 490 1145 et
506 1067 587 1145 aliis
603 1094 652 1146 vu
669 1067 933 1175 sequentibus,
951 1064 1150 1170 respondit
1167 1065 1273 1172 quod
1289 1065 1369 1172 ipse
1385 1063 1484 1143 bene
1502 1064 1682 1142 credebat
1698 1065 1750 1145 di·

327 1216 428 1274 ctum
448 1214 722 1275 sacramentum
743 1214 782 1275 et
801 1197 871 1274 alia
889 1211 1118 1275 sacramenta
1135 1195 1318 1290 Ecclesia,
1340 1210 1379 1273 et
1401 1223 1441 1273 se
1462 1196 1620 1274 credere
1642 1196 1747 1303 quod

326 1327 387 1404 alii
402 1326 535 1406 fratres
549 1327 721 1435 ejusdem
735 1326 880 1405 ordinis
894 1325 1094 1403 crederent
1105 1325 1242 1403 eodem
1256 1323 1385 1402 modo.
1399 1324 1495 1401 Item
1508 1324 1602 1402 dixit
1613 1354 1656 1403 se
1668 1355 1747 1405 cre-

326 1460 416 1536 dere
441 1458 546 1566 quod
571 1457 782 1535 sacerdotes
802 1457 945 1535 ordinis
965 1455 1142 1534 dicebant
1163 1455 1261 1532 bene
1280 1454 1394 1532 verba
1411 1482 1480 1561 per
1498 1484 1574 1561 que
1598 1455 1748 1535 coniici-

325 1607 389 1665 tur
413 1616 550 1694 corpus
569 1587 727 1681 Christi,
748 1588 837 1695 quia
861 1585 1046 1664 faciebant
1070 1584 1338 1663 similitudines
1356 1600 1396 1662 et
1414 1585 1533 1692 signa3
1555 1603 1661 1663 extra
1679 1616 1746 1665 nec

327 1718 483 1807 audivit,
506 1735 550 1795 ut
568 1717 678 1809 dixit,
698 1718 806 1825 quod
832 1716 1061 1795 contrarium
1078 1699 1347 1824 injungeretur
1371 1714 1631 1794 sacerdotibus
1657 1718 1745 1796 dicti

327 1849 469 1927 ordinis
487 1848 547 1925 vel
565 1845 675 1926 lieret
691 1846 731 1925 in
751 1848 852 1925 dicto
872 1848 1023 1938 ordine3
1041 1863 1169 1952 posset
1187 1863 1314 1923 tamen
1334 1872 1432 1935 esse,
1450 1861 1494 1923 ut
1514 1845 1622 1938 dixit,
1640 1848 1747 1954 quod

326 1980 442 2086 aliqui
462 1978 594 2057 fratres
614 1979 705 2056 dicti
726 1979 869 2057 ordinis
883 1992 1014 2061 essent
1031 1977 1133 2055 mali.
1169 1988 1175 1992 “

382 2110 493 2203 Item,
511 2112 715 2218 requisitus
730 2140 841 2218 supra
859 2137 978 2204 xum,
994 2108 1110 2205 Quod
1125 2136 1283 2216 magnus
1297 2109 1475 2216 Magister
1488 2127 1618 2214 posset
1632 2109 1746 2188 absol

315 2244 410 2321 'vere
428 2269 450 2317 a
466 2242 640 2346 peccatis,
657 2259 700 2318 ot
718 2241 800 2320 aliis
815 2270 838 2324 v
855 2241 1118 2350 sequentibus,
1136 2240 1334 2347 respondit
1352 2267 1391 2326 sc
1410 2239 1595 2318 audiuisse
1615 2239 1665 2317 ab
1683 2239 1747 2317 ali·

325 2371 464 2478 quibus
489 2370 667 2450 fratribus
692 2372 865 2480 ejusdem
890 2372 1051 2460 ordinis,
1078 2371 1125 2448 de
1153 2398 1319 2478 quorum
1342 2368 1562 2449 nominibus
1585 2396 1665 2448 non
1689 2399 1747 2449 re·

325 2504 512 2590 cordatus,
528 2504 568 2580 in
584 2504 699 2583 domo
717 2504 860 2581 ordinis
871 2520 1001 2581 vocata
1017 2531 1038 2578 a
1055 2501 1159 2580 Sivrc
1174 2500 1333 2580 diocesis
1349 2499 1625 2592 Cabilouensis,
1642 2503 1745 2610 quod

325 2633 500 2740 Magister
519 2663 652 2714 eorum
671 2635 793 2740 major
811 2637 960 2739 poterat
984 2631 1217 2711 absolveres
1236 2631 1395 2737 peccatis
1417 2629 1550 2709 iratres
1575 2630 1668 2711 dicti
1686 2654 1746 2711 or·

325 2762 439 2850 dinis,
461 2763 566 2870 quod
590 2781 716 2840 tamen
742 2763 820 2867 ipse
846 2761 953 2839 testis
976 2788 1173 2868 nunquam
1197 2760 1372 2851 credidit,
1395 2761 1491 2839 sicut
1510 2761 1620 2851 dixin
1641 2763 1746 2870 quod

260 2890 270 2901 ‘
326 2906 452 2966 nutem
468 2892 636 2970 visitator
651 2892 710 2969 vel
727 2909 967 2999 preceptores
982 2907 1139 2998 possent
1155 2890 1364 2982 absolvere,
1383 2891 1576 2998 respondit
1589 2921 1631 2970 se
1647 2922 1748 2971 nun-

325 3049 438 3125 quam
458 3022 641 3099 audivisse
665 3049 735 3098 nec
751 3023 861 3130 plura
880 3022 974 3101 scire
996 3023 1043 3101 de
1063 3022 1249 3103 contentis
1268 3022 1308 3097 in
1328 3022 1493 3101 articulis
1510 3024 1744 3101 memoratis.

381 3152 493 3240 Item,
510 3152 715 3258 requisitus
731 3180 847 3259 super
865 3180 953 3246 xxx,
971 3152 1019 3235 de
1039 3151 1335 3232 osculationibus
1355 3153 1446 3242 oris,
1466 3169 1551 3243 etc,
1569 3169 1609 3230 et
1626 3179 1668 3231 ιιι
1687 3183 1748 3233 se-

325 3280 545 3387 quentibus,
567 3281 763 3389 respondit
787 3312 826 3361 se
851 3282 968 3361 nichil
992 3281 1097 3360 aliud
1120 3284 1214 3361 scire
1234 3311 1348 3389 quam
1367 3310 1480 3388 supra
1500 3283 1678 3389 deposuit
1695 3285 1743 3364 de

325 3440 363 3487 se
385 3411 483 3516 ipso,
505 3413 625 3490 credit
644 3431 789 3504 tamen,
810 3428 856 3491 ut
875 3412 984 3504 dixit,
1005 3413 1111 3520 quod
1130 3412 1232 3491 idem
1256 3412 1366 3491 ficret
1389 3412 1428 3490 in
1449 3412 1583 3491 ordine
1603 3415 1644 3501 in
1664 3414 1744 3495 aliis

325 3542 501 3619 fratribus
521 3544 625 3650 quod
645 3544 823 3651 deposuit
842 3543 891 3622 de
910 3572 950 3621 sc
971 3544 1064 3651 ipso·

381 3673 493 3760 Item,
515 3674 719 3781 requisitus
739 3703 853 3781 super
872 3701 1011 3764 ιιιιιιι,
1034 3675 1081 3753 de
1096 3677 1313 3785 juramento
1338 3678 1444 3783 quod
1468 3678 1647 3755 ordinem
1669 3706 1742 3757 non

325 3804 483 3895 exirent,
503 3821 591 3894 otc,
609 3821 648 3881 et
667 3834 781 3911 super
800 3805 989 3910 sequenti,
1008 3807 1114 3913 quod
1131 3807 1255 3884 statim
1275 3836 1344 3914 pro
1364 3807 1540 3914 professis
1559 3808 1743 3887 baberen-

325 3951 400 4024 tur,
421 3935 617 4039 respondit
637 3965 677 4012 se
698 3935 851 4013 credere
870 3964 956 4013 uera
975 3964 1055 4014 esse
1075 3954 1249 4015 contenta
1269 3939 1309 4015 in
1327 3938 1418 4045 ipsis
1438 3940 1591 4018 duobus
1610 3941 1744 4020 articu-

322 4064 385 4150 lis,
411 4065 501 4171 quia
525 4064 588 4141 ille
615 4066 680 4172 qui
706 4066 850 4172 recepit
873 4095 963 4144 eum
989 4066 1078 4144 lecit
1105 4096 1194 4145 eum
1213 4069 1341 4176 jurare
1366 4069 1405 4145 in
1431 4070 1655 4176 reoepcione
1681 4100 1742 4150 sua

323 4222 437 4299 super
455 4195 648 4301 quendam
670 4224 828 4302 parvum
851 4195 992 4274 librum
1017 4196 1122 4303 quod
1146 4197 1289 4274 dictum
1315 4199 1489 4277 ordinem
1512 4206 1589 4278 ιιὸιι
1611 4203 1740 4289 exuet,

323 4340 361 4398 et
377 4322 470 4399 dixit
484 4326 589 4431 quod
603 4354 673 4432 pro
690 4324 859 4432 professo
878 4325 1101 4420 habebatur,
1124 4327 1314 4406 subiciens
1331 4330 1437 4435 quod
1455 4332 1534 4438 ipse
1554 4333 1664 4410 testis
1680 4332 1743 4410 eri·

322 4454 433 4531 visset
453 4454 598 4534 dictum
618 4456 811 4546 ordinem,
832 4456 864 4532 si
884 4484 998 4534 ausus
1017 4456 1161 4536 suisset

375 4585 488 4673 Item,
510 4586 716 4690 requisitus
740 4615 854 4692 super
873 4613 981 4665 ιιιιιι
1008 4604 1046 4664 et
1074 4591 1264 4696 sequenti,
1295 4590 1343 4670 de
1371 4592 1617 4672 clamdestine
1644 4620 1740 4673 rece·

322 4712 474 4817 pcione,
501 4716 695 4818 respondit
718 4747 758 4795 se
783 4718 936 4798 credere
956 4747 1042 4796 vera
1062 4748 1142 4798 esse
1160 4739 1335 4801 contenta
1358 4723 1397 4800 in
1422 4724 1532 4821 dictis
1560 4724 1738 4815 articulis,

320 4841 410 4950 quia
444 4842 525 4950 ejus
554 4846 722 4951 reoepcio
756 4835 841 4926 luit
862 4847 955 4924 lacta
989 4848 1250 4945 clamdestine,
1285 4851 1411 4960 januis
1446 4853 1597 4948 clausis,
1629 4852 1740 4935 nullia
