4080 6052
657 612 661 619 .
695 545 891 638 proces
917 560 1012 636 uns
1037 563 1335 638 retinemus.
1647 576 1717 647 sot

308 736 407 797 eam,
430 725 468 783 et
492 708 569 813 ipse
589 704 696 780 linxit
722 732 761 782 se
781 732 938 809 spuere,
960 703 1027 780 sed
1046 722 1200 810 sputum
1220 734 1298 782 non
1318 708 1457 794 emisit;
1477 712 1720 813 postmodum

305 838 469 942 precepit
497 835 611 942 quod·
632 835 865 912 oscularetur
897 861 984 910 eum
1010 835 1049 909 in
1077 863 1186 912 carne
1212 837 1334 925 nuda,
1363 855 1400 915 et
1425 837 1655 943 discoperuit
1681 870 1720 918 se

305 969 398 1043 circa
422 966 563 1054 femur,
589 983 629 1042 et
651 967 729 1073 ipse
752 965 825 1042 luit
849 965 1036 1042 osculatus
1061 993 1149 1043 eum
1175 966 1213 1041 in
1239 993 1328 1043 anca
1353 969 1449 1044 circa
1474 968 1601 1060 illum3
1620 987 1724 1076 post-

304 1098 461 1175 modum
487 1097 579 1173 dixit
604 1098 639 1172 ei
663 1097 731 1173 ista
754 1095 865 1174 verba
889 1129 897 1173 ε
926 1097 978 1174 Et
1002 1097 1141 1183 devant,
1169 1091 1444 1203 aliquantulum
1468 1099 1626 1177 levando
1650 1103 1721 1181 sibi

304 1244 440 1318 vestes3
465 1254 535 1334 per
557 1226 661 1333 quod
687 1227 871 1305 intellexit
893 1229 974 1335 ipse
1001 1228 1122 1316 testis,
1148 1228 1253 1333 quod
1283 1229 1496 1336 injungeret
1523 1231 1628 1335 quod
1657 1232 1723 1309 de-

307 1359 414 1436 beret
438 1387 526 1436 eum
549 1359 705 1435 osculari
732 1376 817 1436 ante
842 1361 937 1436 circa
961 1357 1176 1445 femoralia3
1199 1376 1457 1437 verumtamen
1480 1389 1558 1436 non
1582 1364 1723 1440 curavit

307 1491 428 1567 dictus
444 1507 615 1596 receptor
632 1490 737 1596 quod
756 1490 864 1566 fieret
882 1490 1024 1565 dictum
1045 1487 1232 1576 osculum,
1251 1516 1321 1565 nec
1340 1488 1502 1595 amplius
1521 1490 1551 1567 si
1572 1508 1610 1568 et
1629 1523 1721 1599 qua-

305 1620 390 1696 liter
414 1619 556 1697 dictum
582 1620 757 1696 osculum
782 1618 946 1696 debebat
970 1616 1052 1694 lieri
1078 1617 1294 1706 declaravit,
1318 1646 1387 1695 nec
1406 1619 1500 1696 dixit
1520 1621 1591 1699 sibi
1617 1624 1721 1728 quod

306 1750 471 1855 predicta
497 1764 622 1826 essent
644 1749 693 1826 de
716 1749 864 1855 punctis
885 1749 1042 1835 ordinis,
1064 1775 1134 1824 nec
1158 1747 1282 1853 aliqua
1306 1748 1375 1824 alia
1400 1749 1597 1828 inhonesta
1616 1754 1719 1858 quod

307 1880 458 1956 recolat.
474 1880 577 1957 Dixit
593 1880 748 1984 insuper
759 1879 864 1987 quod
876 1879 1028 1985 quando
1043 1876 1183 1953 fiebant
1195 1878 1361 1983 predicta
1374 1879 1587 1968 inhonesta,
1601 1881 1722 1958 dictus

307 2026 478 2115 receptor
506 2006 724 2116 frequenter
752 2008 960 2115 respicebat
987 2008 1278 2114 circumquaque
1305 2026 1342 2084 et
1370 2009 1563 2114 potissime
1594 2038 1722 2088 versus

307 2140 447 2217 ostium
467 2138 607 2245 capelle
628 2139 812 2245 predicte,
831 2166 879 2214 ne
900 2138 1035 2244 aliquis
1054 2138 1219 2242 predicta
1233 2139 1394 2226 videret,
1412 2156 1456 2215 ut
1474 2139 1612 2229 credit3
1631 2142 1722 2218 dixit

309 2269 425 2344 eciam
439 2269 545 2375 quod
563 2267 807 2374 depredictis
825 2266 896 2343 luit
912 2268 991 2372 ipse
1007 2267 1129 2354 testis,
1149 2284 1193 2342 ut
1207 2268 1314 2357 dixit,
1331 2269 1381 2344 ita
1399 2269 1514 2346 tristis
1535 2287 1573 2346 et
1589 2271 1722 2349 dolens

309 2399 413 2505 quod
435 2399 597 2477 libenter
621 2397 867 2475 interfecisset
892 2398 1036 2475 dictum
1057 2413 1312 2502 receptorem,
1337 2398 1368 2474 si
1391 2426 1503 2475 ausus
1527 2398 1658 2480 fuisset
1685 2420 1722 2477 et

306 2531 504 2634 potuisset,
523 2547 561 2606 et
578 2528 683 2635 quod
703 2556 745 2605 ex
764 2544 856 2605 tunc
875 2527 946 2604 suit
965 2554 1049 2603 cum
1071 2526 1201 2603 dolore
1223 2527 1362 2615 cordis,
1380 2555 1449 2604 nec
1467 2526 1539 2605 fuit
1557 2530 1656 2608 letus
1674 2532 1721 2609 de

308 2688 386 2736 uno
403 2686 546 2737 mense.
564 2658 676 2745 ltem,
699 2658 791 2734 dixit
812 2657 917 2764 quod
940 2656 1072 2733 eadem
1088 2656 1149 2732 die
1170 2673 1371 2762 antequam
1390 2659 1620 2749 comederet,
1642 2662 1721 2766 ipse

307 2789 411 2866 testis
441 2788 633 2865 reintravit
662 2788 799 2864 dictam
830 2785 1030 2893 capellam,
1062 2802 1100 2862 et
1123 2787 1288 2863 adoravit
1312 2805 1351 2864 et
1378 2787 1510 2864 devote
1536 2790 1722 2866 osculatus

306 2919 379 2996 fuit
398 2919 535 2996 dictam
556 2945 705 2994 crucem
726 2917 946 3024 applicando
967 2922 1049 2993 eam'
1075 2917 1121 2993 ad
1143 2945 1184 2994 os
1209 2934 1247 2994 et
1270 2918 1317 2993 ad
1341 2917 1470 2994 oculos
1491 2908 1596 3007 suos,
1615 2937 1653 2996 et
1670 2921 1722 2995 vi-

307 3051 418 3126 detur
437 3051 578 3136 eidem,
604 3066 648 3124 ut
667 3042 775 3140 dixit,
797 3047 1042 3154 quod·dictus
1062 3064 1248 3152 receptor,
1271 3048 1361 3124 dum
1381 3047 1550 3155 reposuit
1572 3078 1720 3127 crucem

307 3179 512 3286 predictam
535 3180 573 3255 in
600 3178 722 3266 altari,
744 3177 932 3254 osculatus
956 3176 1071 3253 fuerit
1094 3204 1177 3252 eam
1201 3193 1425 3255 reverenter.
1446 3179 1662 3285 Requisitus
1691 3181 1721 3257 si

308 3309 446 3386 sciebat
463 3338 506 3399 ex
522 3337 603 3416 qua·
616 3337 726 3385 causa
740 3307 899 3414 predicti
916 3335 1061 3384 errores
1078 3306 1227 3383 fuerant
1241 3307 1312 3384 sibi
1330 3310 1511 3415 precepti,
1529 3311 1725 3414 respondit

307 3467 346 3517 se
367 3441 518 3517 credere
539 3441 642 3547 quod
658 3439 706 3515 ad
725 3440 797 3516 hoc
814 3454 857 3514 ut
874 3455 972 3515 esset
990 3439 1045 3515 eis
1064 3438 1182 3543 magis
1199 3438 1409 3546 subjectus,
1428 3454 1466 3514 et
1482 3440 1522 3514 in
1541 3440 1722 3545 majorem

308 3568 565 3649 confusionem
590 3599 697 3648 suam
732 3570 762 3647 si
788 3569 903 3646 vellet
932 3569 1074 3675 erigere
1104 3598 1143 3644 se
1175 3586 1303 3645 contra
1332 3569 1565 3675 superiorem
1595 3599 1720 3645 suurn.

308 3700 418 3784 Item,
436 3700 528 3776 dixit
547 3729 586 3776 se
602 3700 716 3777 fuisse
737 3698 949 3776 consessum
968 3697 1156 3802 predictos
1177 3724 1324 3774 errores
1343 3698 1446 3775 fratri
1467 3700 1616 3806 Hugoni
1629 3699 1723 3779 Ger-

310 3844 416 3902 mont
433 3829 481 3904 de
495 3829 627 3905 ordine
637 3828 794 3904 fratrum
810 3828 1013 3917 Minorum,
1034 3827 1312 3934 consanguineo
1328 3830 1519 3934 quondam
1538 3859 1623 3921 suo,
1644 3858 1725 3906 con-

306 3957 470 4033 ventuali
491 3955 700 4044 Ambianis,
721 3957 788 4062 qui
809 3956 887 4032 ibat
904 3985 991 4033 cum
1011 3957 1165 4034 custode
1186 3958 1393 4062 provincie;
1415 3977 1453 4034 ct
1473 3960 1595 4036 dictus
1613 3959 1725 4036 frater

308 4087 420 4192 peciit
439 4084 546 4164 abeo
567 4087 597 4163 si
617 4086 784 4192 predicta
802 4085 939 4163 lecerat
954 4084 1181 4175 voluntarie,
1197 4103 1235 4161 et
1252 4114 1337 4162 cum
1353 4090 1606 4193 respondisset
1621 4091 1724 4195 quod

306 4245 383 4293 non
409 4232 448 4292 et
466 4218 570 4324 quod
594 4216 756 4292 libenter
781 4215 897 4291 exiret
922 4215 1064 4292 dietum
1090 4214 1262 4290 ordinem
1287 4216 1315 4291 si
1343 4233 1483 4321 posset,
1508 4217 1726 4295 confortavit

307 4375 396 4423 eum
416 4348 521 4453 quod
539 4363 704 4454 speraret
723 4347 762 4421 in
772 4347 855 4423 Deo
872 4346 938 4452 qui
958 4343 1170 4422 remitteret
1189 4345 1261 4422 sibi
1282 4345 1345 4421 illa
1364 4365 1512 4452 peccata
1532 4349 1672 4437 etalio,
1690 4367 1727 4425 et

308 4478 422 4553 suasit
442 4479 475 4554 ei
497 4478 601 4583 quod
621 4504 698 4552 non
718 4475 834 4551 exiret
847 4503 1064 4582 quanquam
1081 4475 1222 4551 diceret
1240 4476 1462 4582 religionem
1481 4507 1560 4557 esse
1579 4481 1725 4566 duram,

308 4623 346 4683 et
371 4606 527 4684 absolvit
553 4634 659 4699 eum,
687 4605 854 4712 injuncta
879 4607 913 4682 ei
936 4605 1148 4712 penitencia
1171 4606 1276 4710 quod
1291 4607 1480 4713 jejunaret
1503 4610 1542 4685 in
1568 4637 1663 4715 pane
1691 4626 1729 4684 et

308 4766 403 4844 aqua
428 4754 591 4843 quatuor
615 4737 725 4814 sextis
755 4736 857 4813 leriis
882 4763 1016 4843 magne
1042 4735 1373 4839 Quadragessime,
1396 4756 1440 4815 ut
1466 4740 1539 4817 sibi
1562 4739 1726 4826 videtur,

308 4884 347 4944 et
371 4868 507 4944 dictam
533 4867 804 4945 confessionem
827 4866 920 4943 dixit
944 4895 983 4944 se
1004 4865 1136 4945 fecisse
1159 4866 1198 4939 in
1224 4866 1386 4971 quadam
1411 4871 1562 4978 grangia
1578 4869 1726 4972 Templi

392 5003 498 5066 esocis
520 5025 572 5068 nus
593 5023 764 5066 taurum.
778 5039 820 5051 -
833 5024 852 5067 1.
1535 5006 1576 5073 tt
