4080 6052
691 521 887 615 esoces
912 538 1009 612 nes
1034 539 1334 612 senseratis.
1650 543 1718 618 me

304 705 351 766 et.
373 682 660 764 ratum'habent
687 682 791 788 quod
809 708 881 787 per
899 708 965 758 eos
986 696 1110 756 aetum
1136 696 1192 756 est
1215 696 1257 757 et
1274 681 1508 785 propositum
1540 683 1601 759 die
1632 686 1717 776 ista,

308 835 348 893 et
364 816 500 894 dieunt.
515 814 622 921 quod
639 813 816 891 siminus
834 811 946 918 plene
971 810 1305 902 dixerunt„adhuc
1336 828 1424 887 sunt
1446 811 1563 916 parati
1597 812 1719 890 dicere

309 962 346 1022 et
363 971 577 1051 proponere
594 943 642 1020 ad
656 941 920 1019 defensionem
942 940 1208 1046 ordinisquod
1224 940 1328 1017 Deus
1349 939 1576 1016 ministrabit
1593 941 1661 1030 eis,
1684 963 1722 1020 et

308 1091 520 1157 statuerunt
545 1072 734 1179 predictos
759 1070 893 1148 fratres
914 1069 1107 1148 Nicolaum
1127 1086 1166 1146 et
1183 1068 1424 1151 Dominicnm
1450 1069 1498 1145 ad
1519 1068 1720 1148 dicendum

310 1221 349 1281 et
372 1202 682 1309 proponendum,
701 1201 771 1279 bac
798 1200 948 1277 instanti
969 1200 1032 1276 die
1056 1198 1249 1290 Mercurii,
1270 1226 1395 1276 coram
1423 1197 1532 1276 dictis
1560 1200 1722 1278 dominis

312 1331 659 1435 comminantem
677 1328 935 1410 defensionem
951 1329 1110 1421 ordinis,
1127 1327 1229 1406 'illud
1240 1317 1345 1435 quod
1358 1327 1509 1405 interim
1522 1333 1723 1408 occurrerit

313 1464 377 1542 eis.
398 1462 489 1541 Acta
511 1460 959 1566 fuerunt-baepredictis
975 1459 1041 1537 die
1065 1476 1103 1538 et
1125 1457 1232 1550 locis,
1257 1458 1495 1564 presentibus
1519 1459 1619 1538 dicto
1644 1491 1721 1537 ma·

311 1594 427 1699 gistro
450 1591 711 1681 Aminiosme»
726 1587 1225 1680 Floriamonte·;Dondedei,
1256 1605 1294 1665 et
1319 1587 1401 1664 aliis
1424 1589 1579 1666 notariis
1611 1620 1721 1696 snpra

302 1722 481 1828 proximo
500 1721 711 1819 nominatis.
815 1726 818 1731 ’
918 1761 921 1769 =
986 1782 990 1789 .
1106 1773 1107 1777 η
1153 1788 1157 1795 .

332 1890 336 1897 ·
356 1852 436 1930 ·Die
450 1852 576 1931 Sabati
588 1860 644 1929 1111
654 1849 1185 1956 mensisdprilisacomsimus
1200 1849 1249 1926 ad
1264 1849 1401 1926 dictam
1418 1850 1575 1927 domum
1586 1851 1728 1928 Johae

310 1980 370 2058 nn
387 1981 435 2058 n
454 1955 698 2073 canossam
714 1977 1045 2058 aenesidemo
1064 1977 1286 2084 Tempus,
1315 1995 1353 2056 a
1373 1977 1574 2083 panvinus
1598 1979 1645 2056 ab
1669 1981 1723 2056 es

312 2126 439 2187 utrum
464 2109 576 2187 frater
601 2110 790 2187 lohannes
809 2109 857 2186 de
881 2107 1134 2200 Valbellendi,
1156 2109 1222 2216 qui
1248 2108 1309 2185 die
1328 2109 1484 2188 Veneris
1507 2110 1721 2214 precedenti

311 2257 569 2344 comparuerat
582 2266 707 2315 coram
722 2238 830 2315 dictis
850 2238 1013 2315 dominis
1033 2239 1294 2316 commissoriis
1307 2267 1376 2344 pro
1395 2238 1484 2343 ipsis
1499 2255 1537 2314 et
1551 2239 1598 2315 de
1618 2269 1723 2315 man·

312 2369 399 2447 dato
413 2368 598 2476 ipsorum,
611 2367 774 2446 venisset
786 2386 823 2444 ct
833 2367 1089 2473 proposuisset
1101 2367 1149 2443 ad
1163 2365 1421 2444 defensionem
1433 2368 1576 2446 ordinis
1591 2398 1633 2446 ea
1648 2400 1722 2475 que

311 2497 363 2578 ibi
378 2499 567 2605 proposita
586 2496 757 2586 bremun
774 2496 997 2574 etdirerunt
1011 2521 1143 2573 omnes
1156 2494 1261 2601 quod
1280 2495 1351 2602 ipsi
1370 2495 1554 2573 miserunt
1573 2500 1723 2573 eumad

310 2627 497 2733 predictos
516 2627 707 2714 dominos,
726 2654 804 2704 non
824 2644 868 2703 ut
885 2633 1182 2732 procuratorem,
1204 2626 1273 2702 sed
1291 2643 1336 2702 ut
1354 2625 1521 2704 raciones
1539 2626 1723 2733 predictas

310 2773 347 2835 et
366 2755 602 2835 defensiones
619 2761 848 2863 preponeret
866 2781 991 2833 coram
1011 2754 1082 2841 eis,
1104 2781 1174 2831 nec
1191 2753 1437 2832 intendebant
1455 2755 1620 2863 aliquem
1639 2786 1724 2863 pro

311 2894 520 2965 curatorem
549 2887 788 2965 constituere.
809 2885 996 2992 -Requiaiti
1016 2913 1038 2961 a
1058 2868 1169 2962 nobis
1191 2901 1322 2963 utrum
1347 2885 1489 2963 vellent
1509 2886 1633 2994 aliqua
1652 2888 1722 2964 alia

311 3016 434 3095 dicere
454 3017 502 3095 ad
517 3015 775 3095 defensionem
792 3016 952 3105 ordinis,
970 3032 1009 3092 et
1024 3031 1186 3094 statuere
1201 3014 1367 3122 aliquem
1383 3044 1427 3094 ax
1444 3017 1499 3094 eis
1509 3016 1567 3094 vel
1583 3017 1723 3095 axeliis

312 3145 361 3223 ad
388 3146 660 3250 dicendumet
681 3145 980 3252 proponendum
1013 3143 1156 3251 aliquas
1179 3144 1348 3223 raciones
1376 3147 1422 3223 ad
1451 3145 1721 3225 deffensionem

312 3274 401 3354 dicti
421 3275 579 3368 ordinis,
600 3276 876 3383 responderunt
894 3275 1000 3382 quod
1018 3275 1087 3362 sic,
1103 3292 1140 3352 et
1158 3274 1350 3353 mitterent
1363 3276 1529 3382 predicta
1544 3277 1605 3353 die
1626 3280 1723 3356 Mer-

310 3404 404 3483 curii
418 3405 589 3511 proxima-
603 3405 754 3509 dictum
766 3404 921 3498 fratrem
935 3405 1147 3509 lohannem
1160 3405 1207 3481 de
1221 3404 1327 3484 Valle
1346 3404 1525 3483 Bellando
1540 3405 1588 3482 ad
1608 3405 1724 3482 domi-

309 3561 378 3614 nos
391 3535 664 3614 connaissarios
685 3534 891 3642 predictos,
910 3562 980 3641 pro
996 3563 1129 3613 eorum
1152 3533 1365 3613 nacionibus
1384 3552 1423 3612 et
1441 3533 1723 3613 defensionibus

309 3664 564 3771 proponendis
578 3683 615 3744 et
634 3665 947 3745 dicendistcoram
963 3664 1107 3753 eisdem
1127 3664 1289 3742 dominis
1307 3664 1580 3750 commissariis.
1714 3671 1717 3681 '

368 3925 629 4019 Postmodum,
660 3931 792 4010 eadem
823 3929 886 4010 die
916 3931 1039 4011 Sabati
1070 3932 1293 4010 accessimus
1320 3931 1368 4009 ad
1399 3929 1557 4009 domum
1581 3927 1722 4006 Blavoti

310 4055 535 4161 predictam,
556 4056 623 4133 ubi
635 4057 989 4139 detinebantur-nn
1002 4059 1206 4167 Templarii
1220 4060 1395 4167 predicti,
1413 4077 1451 4136 et
1461 4058 1662 4165 petivimus
1676 4057 1723 4135 ab

308 4186 366 4263 eis
392 4201 523 4262 utrum
546 4184 660 4264 frater
687 4185 916 4265 Gnillelmus
944 4189 991 4267 da
1022 4188 1203 4294 Sornayo.
1221 4188 1355 4275 miles,
1385 4188 1450 4293 qui
1478 4188 1541 4266 die
1568 4188 1723 4267 Veneris

309 4314 477 4420 proxima
494 4314 710 4420 precedenti
722 4335 1135 4423 ,comparuerat‘coram
1154 4317 1263 4397 dictis
1282 4316 1445 4395 dominis
1464 4317 1724 4396 commissariis

310 4470 380 4550 pro
397 4443 486 4550 ipsis
505 4461 543 4522 et
562 4444 610 4522 de
625 4446 801 4524 mandato
816 4447 1004 4554 ipsorum,
1025 4448 1186 4527 venisset
1203 4465 1243 4526 et
1260 4447 1516 4555 proposuisset
1532 4446 1581 4524 ad
1595 4445 1723 4525 defen-

312 4572 455 4651 sionem
475 4573 619 4652 ordinis
638 4603 682 4653 ea
700 4601 775 4683 que
795 4575 850 4655 ibi
873 4579 1065 4686 proposita
1082 4576 1248 4656 fuerunt.
1269 4578 1452 4658 Dixerunt
1470 4604 1602 4655 omnes
1617 4578 1723 4684 quod

312 4703 382 4809 ipsi
411 4703 588 4783 miserant
609 4707 769 4785 eumad
783 4707 973 4815 predictos
990 4707 1165 4797 dominos
1184 4708 1472 4803 commissarios,
1494 4725 1598 4787 etex
1618 4724 1722 4815 parte

310 4859 445 4912 eornm
463 4837 659 4943 proposuit
679 4837 738 4917 vei
756 4839 916 4946 proponi
935 4838 1023 4917 fecit
1041 4867 1173 4949 eaque
1192 4839 1347 4920 bierunt
1358 4838 1419 4918 ibi
1438 4839 1644 4947 proposita,
1665 4837 1723 4915 di·
