4080 6052
691 474 887 599 Procne
913 522 1008 597 nes
1032 524 1331 596 rnnrmsns.
1645 523 1718 598 reo

305 680 458 771 negaret
476 662 617 754 Deum,
640 665 784 741 etcum
799 664 878 770 ipse
898 662 1005 752 testis
1024 660 1166 741 diceret
1185 690 1224 740 se
1244 664 1316 767 hoc
1335 662 1452 740 nullo·
1469 665 1585 744 modo
1606 665 1721 743 sactu-

304 819 408 878 rum,
429 792 521 870 dixit
542 793 576 869 ei
596 791 701 899 qnod
713 793 1002 900 hocoportehat
1020 820 1112 870 eum·
1126 791 1262 884 facere,
1284 791 1373 899 quia
1389 791 1474 869 talis
1493 808 1575 868 erat
1588 793 1720 900 religio

306 948 459 1013 eorum,
481 939 520 998 et
534 940 625 1001 tnnc
639 922 834 1032 abnegavit
852 952 916 1003 ore
930 952 1008 1000 non
1024 919 1137 1000 corde
1152 923 1317 1001 multum
1331 922 1503 1000 turbatus
1519 939 1557 998 et
1570 922 1719 1014 dolens,

307 1067 349 1135 ut
363 1052 471 1146 dixit3
483 1070 658 1161 postque
673 1054 766 1133 dixit
774 1057 809 1130 ei
828 1054 944 1161 quod,
959 1052 1172 1133 secundum¹
1186 1053 1323 1133 dietam
1339 1052 1563 1160 religionem
1575 1081 1718 1142 eorum,

305 1199 452 1286 poterat
476 1183 930 1263 carnaliter-commisceri
957 1184 1137 1263 fratribus
1162 1186 1323 1277 ordinis,
1336 1252 1339 1258 .
1354 1202 1392 1261 et
1418 1185 1494 1290 pati
1519 1183 1626 1290 quod
1651 1185 1721 1289 ipsi

306 1313 639 1393 commiscerentur
659 1344 746 1393 cum
767 1342 830 1404 eo,
855 1316 928 1393 hoc
949 1332 1075 1393 tamen
1101 1343 1179 1392 non
1204 1314 1303 1391 secit-
1316 1342 1387 1392 nec
1407 1312 1478 1392 suit
1499 1315 1720 1421 requisitus,

306 1444 519 1522 nec-credit
536 1444 719 1556 quod'alii
736 1444 869 1522 [ratres
888 1444 978 1522 dicti
1004 1445 1149 1522 ordinis
1175 1443 1456 1522 committerent
1475 1443 1617 1520 dicttun
1637 1472 1722 1549 pcc-

306 1587 447 1663 catum3
465 1573 603 1651 deinde
620 1574 713 1651 dixit
727 1573 762 1651 ei
777 1573 899 1680 quod,
910 1573 1137 1651 secundum
1151 1573 1288 1650 dictam
1303 1573 1541 1679 religionem,
1559 1572 1722 1650 debebat

306 1728 393 1777 eum
405 1702 564 1780 osculari
578 1704 618 1781 in
635 1712 719 1793 ano,
731 1702 838 1809 quod
847 1721 973 1780 tamen
983 1732 1060 1781 non
1075 1703 1174 1792 fecit,
1189 1703 1277 1810 quia
1288 1705 1519 1809 supportavit
1533 1731 1637 1794 eum;
1652 1705 1722 1781 alia

306 1831 504 1910 inhonesta
518 1861 604 1928 non,
616 1834 899 1911 intervenerrmt
915 1833 955 1908 in
973 1834 1191 1938 recepcione
1212 1832 1476 1937 sua-predicta.
1498 1833 1609 1921 Item,
1630 1834 1723 1910 dixit

306 1960 548 2051 se,infratres
563 1965 788 2070 septimanas
800 1962 938 2068 ahejus
951 1962 1184 2069 recepcione,
1201 1961 1315 2039 fixisse
1325 1962 1538 2039 confessum
1549 1965 1595 2040 de
1612 1964 1721 2043 dictis

308 2089 500 2168 erroribus
512 2091 616 2171 fratri
632 2091 781 2169 Andree
802 2090 849 2168 de
864 2090 968 2169 Bella
986 2091 1143 2184 Pertica,
1161 2093 1354 2198 quondam
1368 2110 1458 2169 tunc
1473 2096 1721 2171 commoranti

307 2219 347 2297 in
368 2241 553 2300 conventu
570 2221 728 2300 fratrum
747 2223 940 2300 Minorum
959 2222 1006 2299 de
1025 2221 1268 2301 Abbatisvilla
1292 2223 1466 2331 ejusdem
1486 2225 1659 2316 diocesis,
1681 2228 1721 2302 in
1750 2199 1760 2224 Γ

309 2351 462 2428 ecclesia
482 2352 669 2431 dictorum
689 2351 848 2429 fratrum
866 2350 1015 2457 Templi
1034 2350 1294 2460 d’Oysemont,
1309 2351 1376 2458 qui
1390 2350 1461 2429 suit
1478 2380 1521 2428 ex
1535 2354 1608 2430 hoc
1621 2355 1722 2431 mul-

306 2497 389 2560 tum
409 2482 653 2589 stupefactum
674 2483 832 2561 absolvit
848 2500 976 2560 tamen
992 2511 1082 2559 cum
1094 2481 1256 2587 inposita
1273 2481 1485 2587 penitencia
1504 2483 1609 2589 quod
1622 2485 1722 2591 jeju—

308 2630 415 2690 naret
432 2614 576 2719 in'pane
593 2631 631 2690 et
645 2642 741 2720 aqna
752 2642 821 2719 per
836 2641 957 2691 unum
969 2640 1128 2704 annum,
1146 2613 1258 2690 sextis
1271 2612 1392 2701 feriis,
1407 2613 1512 2719 quod
1522 2614 1722 2719 complevit

303 2743 409 2850 juxta
422 2772 531 2849 posse
551 2773 676 2821 suum.
698 2744 914 2850 Requisitus
939 2743 971 2820 si
995 2741 1218 2823 interfuerat
1235 2743 1398 2820 aliorum
1421 2743 1719 2849 recepcionibus‚

308 2875 625 2980 responditquod
641 2872 708 2964 sic,
723 2891 812 2951 sunt
823 2874 954 2981 viginti
970 2875 1056 2950 anni
1070 2890 1108 2952 et
1121 2873 1219 2980 plus,
1237 2874 1332 2951 vidit
1345 2874 1463 2978 recipi
1475 2872 1627 2950 fratrem
1642 2875 1723 2951 Ste-

307 3006 475 3110 phanum
494 3004 715 3081 scutilerum
725 3005 815 3082 dicti
835 3003 959 3082 fratris
977 3003 1183 3111 Arnulphi,
1210 3005 1318 3111 cujus
1333 3021 1545 3110 cognomen
1560 3005 1720 3111 ignorat,

308 3135 349 3210 in
367 3134 466 3211 dicta
482 3133 624 3238 capella
646 3134 692 3210 de
713 3134 909 3226 Mofleriis,
929 3162 999 3242 per
1017 3135 1161 3212 dictum
1180 3133 1331 3211 fratrem
1355 3133 1612 3240 Amulphum,
1636 3135 1724 3240 plu-

310 3263 415 3341 ribus
439 3264 677 3370 presentibus
704 3266 750 3341 de
775 3294 940 3371 quorum
960 3265 1178 3343 nominibus
1203 3293 1281 3343 non
1304 3263 1454 3358 recolit,
1481 3283 1520 3342 et
1547 3294 1634 3341 cnm
1660 3294 1723 3342 ve-

309 3395 424 3471 nisset
441 3412 479 3471 et
493 3395 713 3501 injunxisset
727 3395 792 3471 illa
807 3423 881 3502 que
896 3396 1099 3501 ipsetestis
1111 3413 1264 3474 voverat·
1277 3413 1316 3472 et
1324 3395 1528 3502 juraverat,
1546 3410 1585 3471 et
1601 3394 1723 3474 dictus

308 3523 645 3630 fraterArnulphus
660 3525 876 3604 tradidisset
890 3527 1016 3602 eidem
1025 3526 1218 3632 Stephano
1231 3523 1470 3614 mantellum,
1483 3522 1605 3601 dictus
1620 3527 1725 3602 testis

309 3654 451 3733 habens
471 3655 674 3761 negociari,
691 3656 780 3760 quia
796 3673 874 3732 erat
890 3655 1115 3732 senescallus
1134 3655 1232 3731 dicte
1248 3654 1400 3742 domus,
1417 3654 1597 3758 recessit,
1607 3671 1646 3749 et
1661 3682 1725 3732 ne-

310 3787 378 3860 scit
395 3787 425 3862 si
446 3803 594 3862 extunc
611 3787 780 3892 predicta
793 3785 922 3862 illicita
940 3789 1238 3876 intervenerunt,
1255 3785 1374 3861 credit
1386 3802 1513 3863 tamen
1532 3785 1639 3893 quod
1659 3788 1722 3863 sic.

311 3916 423 4008 Item,
445 3914 538 3989 dixit
553 3913 659 4020 quod
675 3915 770 3991 circa
789 3916 892 3992 idem
912 3932 1063 4020 tempus
1082 3915 1175 3992 vidit
1194 3914 1306 4005 duos,
1327 3941 1491 4020 quorum
1510 3915 1664 3992 nomina
1688 3935 1726 3993 et

312 4045 532 4150 cognomina
551 4044 712 4150 ignorat,
731 4045 846 4151 recipi
861 4045 901 4121 in
916 4044 1056 4151 capella
1071 4044 1208 4122 domus
1222 4043 1371 4148 Templi
1384 4044 1629 4152 d’Oysemont
1638 4044 1727 4122 Am-

310 4174 498 4253 bianensis
524 4175 766 4283 diocesis'per
796 4175 1187 4254 fratrem'lohannem
1212 4174 1379 4254 dedlilla
1393 4177 1506 4267 Nova,
1532 4179 1726 4282 quondam

309 4323 400 4382 tunc
416 4323 674 4414 preceptorem
694 4309 742 4385 de
763 4309 933 4402 Fontine,
958 4306 1133 4414 pluribus
1152 4305 1390 4413 presentibus
1410 4305 1457 4383 de
1481 4333 1645 4412 quorum
1665 4330 1727 4386 no

312 4434 477 4513 minibus
486 4464 564 4514 ηοη
573 4437 722 4526 recolit,
742 4455 796 4528 et,
812 4438 949 4515 tradito
971 4439 1024 4514 eis
1043 4435 1240 4527 mantello,
1257 4436 1335 4542 ipse
1353 4435 1458 4512 testis
1467 4436 1620 4513 retraxit
1634 4465 1673 4514 se
1690 4456 1727 4515 et

311 4566 378 4665 ivit
396 4594 462 4670 per
479 4569 766 4659 monasterium,
788 4585 827 4647 et
844 4570 963 4646 nescit
981 4569 1011 4646 si
1027 4568 1126 4646 dicta
1143 4567 1272 4645 illicita
1286 4567 1586 4660 intervenerunt,
1609 4569 1726 4646 credit

309 4714 446 4772 tamen
456 4698 561 4802 quod
577 4699 650 4792 sic,
673 4698 835 4778 aliorum
851 4699 1135 4808 recepcionibus
1149 4714 1188 4777 et
1201 4695 1372 4806 capitulis
1388 4696 1465 4779 non
1486 4697 1724 4788 interfuerat,

311 4854 381 4905 nec
399 4827 509 4932 plura
528 4829 675 4908 sciebat·
686 4831 734 4930 de
754 4833 939 4911 contentis
962 4831 1132 4912 itt-dictis
1149 4857 1213 4910 xm
1238 4831 1402 4911 articulis
1409 4832 1536 4921 3¹·sicut
1555 4830 1659 4908 dixit.

397 4963 502 5029 rnools
524 4988 575 5030 crs
596 4989 850 5032 rennuens-r.
1579 4967 1616 5029 62
