4080 6052
464 524 661 617 esoces
686 544 781 617 uss
806 544 1106 625 reseremus.
1418 554 1492 624 ass

77 687 145 763 bat
161 688 208 761 ei.
224 686 326 763 Dixit
344 684 461 760 eciam
486 684 610 761 dictus
629 685 807 762 dominus
829 686 1111 762 archidiaconus
1126 687 1371 763 Tridentinus
1390 692 1494 794 quod

75 818 179 921 prius
199 842 274 892 non
291 814 413 891 suerat
439 816 711 892 contradictum
735 817 783 892 de
802 842 951 893 recessu
976 846 1064 893 cum
1084 845 1145 908 eo,
1167 817 1264 894 salva
1284 821 1493 895 reverencia

74 946 258 1022 dictorum
279 946 521 1023 dominorum
541 946 770 1053 collegarum
790 976 957 1023 suorum.

128 1077 218 1153 Acta
232 1075 387 1154 fuerunt
402 1078 474 1154 bec
494 1077 591 1153 dicta
608 1079 686 1170 die,
703 1080 742 1154 in
762 1079 869 1154 dictis
888 1077 995 1169 locis,
1009 1081 1244 1185 presentibus
1267 1109 1328 1155 me
1352 1081 1492 1158 Floria·
1569 1136 1572 1141 -

73 1223 201 1282 monte
214 1208 431 1307 Dondedei,
449 1224 486 1284 et
500 1210 684 1313 magistris
699 1210 890 1285 Bernardo
904 1208 1046 1297 Filioli,
1063 1211 1254 1286 Bemardo
1269 1210 1489 1300 Humbaldi,

71 1337 231 1441 Hugone
245 1338 382 1415 Nicolai
402 1354 441 1415 et
457 1338 627 1415 Johanne
643 1341 690 1415 de
707 1326 860 1417 Fellinis
875 1339 1030 1415 notariis
1049 1338 1316 1447 suprascriptis,
1336 1367 1376 1413 ac
1390 1339 1492 1416 Guil-

73 1464 188 1543 lelmo
207 1468 405 1574 Badulpbi.

125 1727 209 1819 Qua
234 1727 389 1832 quidem
416 1728 477 1805 die
501 1730 616 1805 tercia
644 1730 784 1806 mensis
810 1728 1028 1807 Novembris
1052 1746 1307 1804 convenerunt
1332 1729 1488 1805 indicta

69 1857 208 1961 capella
228 1859 344 1933 sancti
364 1857 489 1964 Elligii
511 1861 612 1965 apud
630 1878 791 1936 sanctam
813 1858 1041 1938 Genefevam
1067 1858 1156 1934 dicti
1179 1859 1321 1934 domini
1347 1860 1488 1962 episco-

67 2015 140 2090 pus
160 1988 407 2075 Mimatensis,
429 1990 603 2066 Matbeus
623 1991 671 2065 de
694 1991 846 2095 Neapoli
869 2007 906 2065 et
925 1988 1208 2065 archidiaconus
1227 1990 1486 2073 Tridentinus,

70 2132 107 2191 et
126 2115 295 2194 fecerunt
321 2120 464 2223 requiri
495 2137 595 2195 extra
624 2121 761 2195 dictam
792 2120 972 2226 capellam
993 2136 1030 2194 et
1049 2121 1087 2194 in
1112 2120 1338 2196 monasterio
1363 2136 1486 2196 sancte

69 2244 255 2322 Genevefe
276 2248 305 2323 si
329 2265 426 2323 esset
446 2248 589 2324 ibidem
609 2248 744 2354 aliquis
763 2251 829 2353 qui
848 2250 962 2324 vellet
981 2249 1123 2354 aliquid
1145 2251 1268 2325 dicere
1288 2277 1412 2324 coram
1434 2251 1487 2324 eis

67 2403 137 2479 pro
158 2378 291 2454 ordine
311 2377 477 2482 Templi,
505 2395 543 2453 et
561 2377 668 2452 nullo
696 2395 935 2482 comparente
955 2378 1022 2482 qui
1048 2377 1191 2481 aliquid
1216 2378 1374 2468 diceret,
1397 2378 1485 2452 dicti

69 2505 212 2581 domini
236 2522 311 2581 tres
336 2507 580 2582 commissarii
605 2507 774 2582 videntes
798 2507 903 2611 quod
928 2505 997 2611 ipsi
1024 2533 1100 2582 non
1124 2521 1297 2610 poterant
1322 2506 1361 2578 in
1387 2506 1485 2581 dicto

67 2635 222 2739 negocio
242 2635 446 2739 procedere
471 2636 578 2741 juxta
606 2635 781 2710 traditam
809 2636 864 2711 eis
890 2633 1064 2719 formam,
1093 2651 1246 2738 propter
1274 2633 1485 2709 absenciam

66 2763 225 2839 aliorum
253 2765 665 2841 concommissariorum
696 2792 870 2851 suorum,
900 2774 985 2839 curn
1014 2764 1135 2839 dictus
1165 2764 1341 2839 dominus
1367 2764 1485 2838 archi-

66 2893 261 2998 episcopus
280 2893 531 2969 Narbonensis
553 2911 650 2969 esset
670 2910 770 2969 extra
792 2893 955 2969 Parisius
980 2908 1181 2997 occupatus
1199 2907 1353 2997 propter
1372 2920 1485 2997 nego-

66 3023 119 3099 cia
138 3025 240 3128 regia
261 3041 298 3099 et
316 3040 472 3129 propter
490 3023 656 3144 sigillum
677 3024 826 3129 regium
846 3023 949 3128 quod
970 3024 1137 3108 tenebat,
1160 3039 1198 3097 et
1217 3023 1393 3098 dominus
1413 3024 1484 3127 epi-

65 3181 199 3258 scopus
213 3154 425 3260 Bajocensis
443 3153 489 3229 de
510 3155 686 3231 mandato
706 3155 811 3259 regio
829 3181 899 3259 pro
919 3154 1046 3229 arduis
1064 3153 1229 3259 negociis
1248 3151 1483 3258 prolecturus

65 3300 161 3358 esset
180 3284 228 3359 ad
247 3284 388 3359 curiam
407 3285 630 3369 Romanam,
658 3300 695 3359 et
718 3283 917 3361 Nicbolaus
947 3311 985 3358 se
1014 3298 1222 3358 excusasset
1246 3309 1315 3386 per
1342 3282 1481 3358 litteras

63 3439 163 3497 suas,
187 3429 225 3488 et
243 3411 408 3519 prefatus
428 3387 606 3489 dominus
626 3413 912 3510 archidiaconus
931 3412 1219 3517 Magalonensis,
1241 3409 1404 3514 quiesse
1425 3410 1482 3483 di·-

63 3543 216 3618 cebatur
230 3543 332 3649 apud
346 3545 514 3621 Montem
530 3544 793 3635 Pessulanum,
813 3544 997 3620 excusavit
1012 3569 1050 3618 se
1062 3559 1216 3647 propter
1224 3540 1480 3616 infirmitatem
1494 3601 1496 3604 .

62 3673 119 3746 sui
141 3674 306 3775 corporis
330 3700 398 3779 per
419 3690 590 3778 patentes
614 3673 756 3750 litteras
782 3700 883 3760 suas,
908 3690 946 3748 et
964 3666 1193 3747 membratus
1213 3670 1391 3746 dominus
1408 3671 1480 3744 Le-

63 3801 281 3876 movicensis
296 3803 507 3907 episcopus,
530 3804 596 3907 qui
615 3805 663 3879 ad
689 3804 896 3909 predictam
915 3802 1017 3878 diem
1033 3801 1221 3889 veniebat,
1251 3799 1481 3875 retrocessis-

63 3946 134 4018 set,
152 3930 341 4007 intellecto
355 3959 424 4036 per
442 3931 583 4008 litteras
603 3934 724 4038 regias
742 3936 847 4038 quod
866 3961 943 4008 non
962 3932 1184 4037 expediebat
1198 3931 1306 4005 certis
1326 3929 1373 4003 de
1393 3956 1479 4011 cau-

62 4060 166 4136 sibus
182 4059 317 4167 [siclin
340 4060 440 4137 dicto
461 4061 616 4167 negocio
635 4063 789 4167 procedi
810 4089 931 4166 usque
953 4061 999 4136 ad
1017 4060 1244 4165 principium
1256 4059 1476 4163 parlamenti

61 4191 164 4296 regni
184 4191 355 4296 proximo
374 4188 508 4277 futuri,
530 4192 635 4297 quod
658 4193 779 4268 teneri
810 4190 973 4269 debebat
992 4191 1030 4266 in
1052 4190 1252 4265 crastinum
1274 4188 1356 4264 lesti
1377 4189 1475 4264 beati

60 4321 265 4412 Vincencii‚
297 4320 543 4397 decreverunt
572 4322 843 4427 expectandum
876 4349 955 4398 esse
989 4320 1190 4396 adventurn
1220 4318 1475 4424 predictorum
1574 4357 1580 4367 ·

60 4451 302 4527 dominorum
322 4449 680 4538 commissariorum,
702 4451 761 4528 vel
782 4451 997 4558 aliquorum
1017 4478 1061 4527 ex
1082 4449 1150 4539 eis,
1172 4450 1211 4523 in
1230 4448 1295 4524 tali
1316 4476 1474 4558 numero

59 4582 163 4685 quod
184 4556 335 4686 procedi
356 4596 482 4687 posset
495 4579 600 4686 juxta
619 4582 795 4658 uaditam
818 4581 872 4657 eis
896 4579 1067 4656 sormam.
1095 4579 1153 4656 De
1181 4579 1319 4685 quibus
1342 4576 1473 4683 prelati

59 4727 135 4786 tres
160 4710 302 4786 domini
323 4710 566 4787 commissarii
590 4712 788 4817 pecierunt
810 4739 878 4817 per
901 4710 1097 4817 magistros
1111 4711 1314 4815 vHugonem
1333 4707 1471 4786 Nicolai

61 4855 98 4916 et
113 4838 361 4918 Guillelmum
378 4840 565 4947 Badulphi
590 4843 757 4920 notarios
785 4841 1035 4949 supradictos,
1054 4840 1121 4947 qui
1138 4857 1331 4946 presentes
1348 4854 1470 4922 erant,
