4080 6052
694 533 892 626 moces
918 550 1014 624 nus
1038 550 1341 624 rsurcrnns.
1656 555 1728 632 oss

308 698 509 787 velassent3
526 693 606 770 sine
625 691 779 770 licencia
795 716 873 770 non
892 707 1066 798 poterant
1084 691 1166 769 aliis
1180 721 1294 799 q11am
1309 691 1566 770 sacerdotibus
1587 696 1729 774 ordinis

309 827 494 915 confiteri,
511 824 647 930 etipse
661 824 769 900 testis
788 822 861 901 luit
880 820 1072 901 confessus
1090 823 1258 930 predicta
1279 824 1379 901 dicto
1400 822 1503 901 fratri
1525 826 1729 934 Raynaudo

305 957 540 1065 presbitero,
570 955 637 1062 qui
668 954 761 1032 dixit
785 954 856 1033 sibi
882 954 987 1061 quod
1011 952 1110 1031 male
1134 951 1288 1047 fecerat,
1311 972 1349 1031 et
1373 954 1532 1033 absolvit
1558 985 1646 1032 eum
1672 957 1730 1032 in·

301 1089 431 1195 juncta
456 1084 672 1193 penitencia
695 1085 802 1192 quod
823 1086 1014 1193 jejunaret
1032 1084 1073 1160 in
1091 1113 1188 1191 pane
1210 1102 1248 1163 et
1269 1114 1366 1194 aqua
1389 1085 1521 1163 multis
1543 1088 1655 1164 sextis
1675 1087 1694 1164 s
1713 1136 1729 1146 -

307 1219 389 1308 riis3
414 1216 704 1296 malefecerunt
726 1216 886 1293 scientes
906 1242 1052 1293 errores
1071 1216 1160 1322 quia
1184 1240 1262 1293 non
1284 1234 1549 1307 correxerunt,
1571 1246 1641 1294 nec
1663 1218 1730 1294 de-

308 1349 581 1426 nunciaverunt
603 1344 788 1434 Ecclesie3
818 1345 1024 1424 elemosine
1044 1362 1082 1423 et
1105 1346 1339 1451 hospitalitas
1361 1347 1460 1423 bene
1488 1326 1732 1425 servabantur

308 1480 346 1555 in
375 1479 523 1568 ordine,
557 1493 595 1553 et
624 1474 762 1553 melius
790 1491 961 1581 tempore
986 1475 1131 1553 caristie
1155 1504 1271 1582 quam
1295 1475 1573 1567 habundancia,
1598 1496 1635 1554 et
1659 1480 1731 1555 hoc

308 1610 400 1686 dixit
416 1610 550 1687 vidisse
573 1607 614 1682 in
634 1607 750 1684 domo
772 1606 819 1684 de
840 1607 1015 1714 Soysiaco
1031 1605 1235 1684 Meldensis
1258 1607 1438 1701 diocesis,
1454 1607 1730 1714 precipiebatur

307 1740 412 1845 quod
430 1768 499 1845 per
517 1737 621 1816 nefas
640 1736 758 1814 nichil
777 1737 1017 1843 acquirerent
1034 1736 1179 1825 ordini3
1201 1737 1374 1843 capitulis
1393 1766 1470 1815 non
1490 1738 1726 1830 interfuerat,

306 1898 376 1976 pro
400 1868 641 1947 absolucione
664 1886 905 1974 peccatorum
931 1895 1064 1945 eorum
1086 1865 1134 1943 ad
1156 1865 1368 1978 capellanos
1393 1867 1537 1946 ordinis
1562 1870 1732 1947 remitte-

307 2000 464 2091 bantur3
484 1997 701 2076 servabatur
723 1996 915 2075 inordina
936 1997 1042 2105 quod
1060 2024 1220 2104 magnus
1239 1998 1415 2105 Magister
1436 2026 1523 2076 cum
1544 2019 1731 2078 conventu

310 2127 516 2206 ordinabat.
534 2127 702 2236 Multum
715 2127 886 2233 loquitur
901 2127 1069 2206 mundus
1085 2144 1215 2206 contra
1229 2130 1415 2219 ordinem,
1431 2146 1587 2236 propter
1604 2129 1668 2207 illa
1684 2132 1730 2207 de

310 2260 450 2366 quibus
474 2260 596 2366 agitur
614 2274 743 2336 contra
772 2287 871 2335 eum.
897 2257 1029 2336 Credit
1054 2259 1160 2364 quod
1184 2259 1246 2335 alii
1270 2258 1402 2337 lratres
1427 2260 1572 2337 ordinis
1595 2260 1733 2337 scirent

310 2390 416 2498 quod
434 2390 475 2465 in
494 2386 778 2493 recepcionibus
798 2387 956 2463 fratrum
976 2403 1212 2464 servarentur
1228 2385 1292 2463 illa
1312 2387 1359 2464 de
1380 2386 1520 2494 quibus
1540 2416 1654 2493 supra
1674 2388 1733 2464 do-

310 2521 452 2627 posuit,
476 2536 514 2597 et
531 2519 676 2597 audivit
696 2517 769 2595 dici
790 2517 952 2595 Parisius
971 2546 1151 2624 magnum
1172 2517 1392 2625 Magistrum
1413 2532 1452 2594 et
1470 2516 1563 2595 alios
1587 2517 1733 2625 aliquos

310 2678 456 2729 errores
477 2665 605 2727 contra
621 2648 795 2725 ordinem
815 2647 928 2724 fuisse
945 2646 1144 2725 confessos.

365 2781 581 2887 Requisitus
595 2780 625 2857 si
639 2780 692 2856 sic
708 2778 933 2884 deposuerat
942 2805 1075 2884 prece,
1093 2795 1288 2886 precepto,
1299 2779 1454 2868 timore,
1467 2807 1611 2868 amore,
1629 2780 1730 2871 odio,

310 2912 368 2990 vel
386 2911 585 3017 temporali
605 2909 767 2988 comodo
788 2909 917 2986 habito
929 2909 989 2986 vel
1007 2908 1200 2996 habendo,
1217 2910 1414 3016 respondit
1431 2911 1538 3018 quod
1557 2938 1650 2997 non,
1666 2911 1733 2987 sed

309 3071 380 3148 pro
394 3043 547 3119 veritate
564 3038 734 3117 dicenda.
749 3040 822 3118 Cui
836 3039 909 3117 fuit
921 3039 1134 3147 injunctum
1148 3069 1217 3147 per
1234 3041 1353 3119 dictos
1371 3041 1546 3120 dominos
1558 3043 1734 3120 commis-

313 3173 445 3263 sarios,
466 3172 506 3249 in
518 3172 655 3247 virtute
670 3171 877 3279 juramenti
896 3171 1041 3276 prestiti
1060 3198 1128 3278 per
1141 3173 1324 3262 eundem,
1339 3174 1445 3281 quod
1459 3173 1537 3252 noir
1552 3175 1734 3252 revelaret

312 3307 418 3389 hanc,
432 3328 539 3380 suam
559 3300 839 3408 deposicionem
863 3328 1063 3408 quousque
1087 3302 1347 3380 attestationes
1366 3302 1509 3381 suerint
1530 3303 1730 3411 publicata.

368 3434 457 3511 Acta
469 3433 625 3510 suerunt
643 3433 713 3510 hec
733 3432 840 3509 dictis
860 3431 923 3510 die
941 3448 979 3509 et
994 3431 1097 3526 loco,
1116 3434 1355 3539 presentibus
1375 3435 1553 3542 magistro
1571 3434 1731 3525 Amisio,

312 3594 372 3642 me
392 3564 645 3643 Floriamonte
664 3563 880 3652 Dondedei,
901 3579 939 3640 et
959 3563 1041 3641 aliis
1059 3564 1214 3642 notariis
1233 3593 1347 3670 supra
1365 3566 1502 3644 ultimo
1517 3566 1731 3644 nominatis.

298 3887 304 3903 .
370 3829 459 3904 Post
474 3827 563 3914 hec,
586 3824 646 3901 die
664 3825 822 3903 Veneris
840 3824 1032 3931 sequenti,
1050 3853 1124 3931 que
1144 3824 1218 3901 fuit
1235 3851 1310 3903 rxn
1331 3824 1422 3902 dicti
1442 3823 1582 3899 mensis
1600 3824 1735 3899 Janua'-

313 3959 379 4044 rii,
400 3954 473 4033 fuit
491 3956 678 4033 adductus
697 3955 745 4031 ad
762 3956 997 4061 presenciam
1015 3955 1238 4033 eorumdem
1257 3955 1499 4033 dominorum
1520 3953 1735 4033 commissa-

315 4088 458 4164 riorum
483 4088 522 4162 in
546 4085 660 4164 domo
684 4085 854 4191 predicta
879 4084 994 4163 frater
1018 4085 1307 4163 Bartholomeus
1333 4087 1380 4162 de
1404 4082 1533 4161 Trecis
1553 4083 1733 4169 serviens,

315 4218 419 4295 testis
440 4240 553 4322 supra
565 4217 732 4323 juratus,
755 4233 799 4292 ut
818 4216 1027 4321 deponeret
1046 4215 1191 4293 dictum
1211 4244 1340 4305 suum,
1363 4213 1679 4323 quadragenarius
1699 4232 1737 4291 et

316 4348 425 4437 ultra,
436 4366 481 4425 ut
492 4348 597 4435 (lixit,
609 4374 686 4424 non
700 4347 887 4426 defferens
897 4346 1121 4424 mantellum
1133 4347 1292 4435 ordinis,
1307 4347 1396 4456 quia
1406 4347 1531 4452 ipsum
1544 4345 1754 4422 dimiserat.

316 4505 499 4554 unacum
525 4478 699 4584 pluribus
724 4478 806 4557 aliis
831 4479 870 4555 in
890 4479 1049 4557 concilio
1070 4479 1301 4567 Senonensi,
1328 4496 1366 4556 et
1386 4475 1632 4584 postmodum
1656 4475 1736 4554 radi

316 4609 454 4684 lecerat
480 4608 550 4685 sibi
581 4609 755 4697 barbam,
782 4625 820 4685 et
848 4608 972 4688 fuerat
997 4638 1085 4687 cum
1113 4638 1159 4688 eo
1188 4607 1413 4717 inquisitum
1441 4636 1510 4716 per
1538 4607 1736 4686 dominum

317 4740 533 4847 episcopum
550 4740 814 4831 Parisiensem‚
835 4757 873 4816 et
890 4740 1086 4820 absolutus
1103 4759 1140 4819 et
1159 4739 1420 4818 reconciliatus
1443 4744 1632 4846 per'eum.
1660 4738 1736 4834 Qui

316 4872 387 4949 luit
405 4887 632 4977 protestatus
651 4871 754 4980 quod
774 4900 851 4951 non
872 4872 1093 4953 intendebat
1111 4873 1287 4952 recedere
1305 4902 1326 4950 a
1342 4873 1581 4980 deposicione
1592 4863 1639 4948 wet
1656 4896 1739 4947 con-

404 5027 510 5090 rnocics
532 5049 585 5091 nes
605 5047 774 5093 reuertens.
789 5063 831 5075 -
846 5049 866 5088 1.
1594 5026 1630 5087 55
