4080 6052
690 491 887 608 esoces
912 506 1007 581 nas
1034 506 1334 581 rrurtrcss.
1646 505 1719 575 ssa

307 661 474 766 proxima
488 675 598 735 erunt
608 656 755 732 circiter
769 678 894 730 sunu
913 649 1018 737 anni,
1040 647 1276 756 presentibus
1294 645 1470 724 iratribus
1488 647 1658 735 iohanne
1675 648 1721 725 de

308 787 537 874 Renauvilla,
554 783 751 890 Arnulpho
776 783 823 859 de
841 780 957 861 Guisa
972 796 1189 886 preceptore
1211 777 1308 857 dicte
1328 774 1465 857 domus
1481 774 1725 882 d’Oysemont

306 918 568 1008 servientibus,
595 933 634 994 et
658 914 795 1009 Aurios
820 911 868 989 de
892 909 1100 991 Gamaches
1125 908 1350 1016 presbitero,
1367 907 1447 1014 jam
1472 907 1620 983 dudum
1646 905 1725 983 det-

306 1048 459 1139 functis,
481 1048 521 1127 in
540 1049 643 1128 bunc
662 1044 839 1149 modum;
860 1070 948 1129 nam
968 1069 1056 1123 cum
1080 1039 1283 1119 instetisset
1305 1068 1374 1145 per
1395 1036 1568 1117 bieuium
1592 1066 1659 1144 per
1686 1066 1725 1121 se

309 1197 346 1257 et
369 1179 509 1257 amicos
537 1203 627 1255 suos
652 1174 756 1280 qnod
776 1173 1007 1278 reciperetur
1028 1171 1067 1251 in
1095 1170 1197 1253 dicto
1221 1170 1374 1257 ordine,
1399 1167 1563 1247 finaliter
1589 1168 1659 1245 tuit
1687 1170 1726 1248 in

310 1309 408 1386 dicta
428 1306 587 1413 capella,
608 1321 662 1396 et,
683 1303 789 1381 flexis
807 1301 986 1408 genibus,
1004 1300 1118 1407 peciit
1135 1299 1311 1406 pluribus
1328 1298 1471 1377 vicibus
1491 1317 1529 1376 et
1547 1300 1728 1379 instanter

310 1438 416 1545 quod
431 1466 500 1544 pro
520 1437 601 1515 Deo
620 1433 870 1513 concederent
888 1431 958 1509 sibi
979 1459 1117 1536 panem
1136 1448 1175 1509 et
1193 1459 1342 1541 aquam,
1355 1430 1570 1511 societatem
1589 1431 1729 1536 probo-

310 1596 397 1645 rum
426 1567 593 1645 virorum
623 1581 661 1654 et
692 1590 897 1670 pauperem
928 1546 1106 1651 vestitum
1134 1563 1282 1639 domus.
1310 1561 1384 1641 Cui
1408 1559 1481 1639 luit
1504 1588 1727 1669 responsum

309 1696 414 1805 quod
442 1696 539 1775 bene
565 1692 791 1779 deliberaret
811 1691 920 1799 quod
940 1690 1109 1797 petebam
1133 1719 1223 1768 nam
1246 1710 1420 1797 magnam
1445 1720 1526 1771 rem
1556 1692 1726 1800 petebat,

310 1826 413 1932 quia,
436 1827 530 1904 dum
550 1841 631 1902 erat
651 1825 690 1900 in
711 1821 856 1912 seculo,
876 1837 1028 1926 poterat
1040 1820 1095 1897 ire
1115 1848 1192 1928 quo
1209 1819 1373 1910 volebat,
1396 1823 1567 1903 dormire
1581 1841 1620 1900 et
1636 1825 1729 1931 vigi-

312 1954 388 2032 lare
411 1953 563 2061 qnando
584 1952 749 2045 volebat,
772 1968 826 2039 et,
848 1951 878 2027 si
901 1968 999 2037 esset
1021 1949 1120 2027 inter
1144 1976 1225 2037 eus,
1251 1978 1330 2029 non
1350 1950 1507 2031 haberet
1527 1952 1664 2032 dicum
1683 1955 1730 2031 li·

313 2083 514 2181 bertatem,
543 2085 660 2163 immo
687 2097 878 2189 oporteret
898 2081 1024 2187 ipsum
1046 2079 1101 2167 ire
1126 2080 1279 2187 quando
1306 2082 1419 2163 vellet
1443 2110 1654 2178 remanere,
1678 2088 1730 2161 vi-

314 2213 428 2322 gilare
453 2213 606 2319 quando
633 2211 745 2305 vellet
768 2211 952 2297 dormire,
980 2226 1019 2289 ct
1049 2210 1211 2289 exterius
1242 2210 1393 2307 ridebat
1417 2242 1570 2321 magnas
1598 2245 1730 2322 cappas

316 2361 352 2421 et
377 2343 550 2451 pulcrum
576 2341 750 2421 habitum
771 2369 924 2439 eorum,
947 2357 985 2419 et
1009 2339 1110 2445 ipsos
1130 2340 1340 2446 equitantes
1362 2370 1518 2449 magnos
1541 2371 1674 2450 equos,
1695 2364 1732 2422 et

315 2474 467 2579 quando
489 2472 570 2579 ipse
585 2452 694 2565 'esset
716 2471 756 2551 in
786 2466 969 2575 religione
992 2469 1163 2575 ipsorum
1189 2467 1285 2548 torte
1316 2499 1393 2550 non
1424 2471 1596 2559 haberet,
1617 2495 1732 2579 prout

316 2602 444 2692 vellet,
466 2600 701 2693 vestitumet
717 2627 835 2707 equos
855 2616 894 2677 et
912 2598 1133 2705 hujusmodi
1152 2598 1257 2690 talia3
1276 2627 1321 2679 eo
1336 2617 1462 2679 antem
1480 2605 1731 2708 respondente

315 2733 435 2840 quod,
455 2733 536 2811 Deo
558 2732 686 2823 dante,
705 2729 803 2807 bene
828 2730 1036 2836 compleret
1054 2730 1386 2836 omnia-predicta,
1406 2733 1608 2812 voluerunt
1628 2738 1733 2843 quod

316 2862 374 2941 bis
385 2861 551 2940 traheret
564 2889 603 2940 se
618 2860 667 2939 ad
677 2876 839 2966 partem,
859 2875 898 2936 et
910 2859 1012 2953 venit
1028 2858 1076 2947 ad
1094 2887 1181 2940 eum
1205 2858 1326 2945 dictus
1345 2859 1459 2943 trater
1476 2864 1665 2943 lohannes
1686 2868 1733 2944 de

317 2991 548 3083 Renanvilla,
569 3008 607 3069 et
627 2990 801 3069 instruxit
820 3018 910 3069 sum
929 2989 1035 3096 quod
1053 2990 1100 3076 ad
1120 2989 1277 3099 illaque
1296 3008 1516 3099 peterentur
1533 2993 1580 3073 ab
1600 3024 1646 3075 eo
1665 3027 1734 3103 per

320 3122 463 3200 dictum
480 3138 739 3227 preceptorem
762 3118 1008 3226 responderet
1029 3122 1133 3225 quod
1155 3120 1283 3201 omnia
1301 3121 1399 3203 beue
1423 3125 1629 3236 compleret
1651 3130 1733 3207 Deo

319 3250 443 3338 dante,
464 3267 503 3327 et
521 3251 626 3357 qnod
633 3265 779 3356 peteret
793 3248 917 3326 adhuc
933 3247 997 3327 illa
1016 3277 1091 3354 que
1106 3278 1218 3355 supra
1235 3249 1419 3357 pecierat,
1435 3283 1524 3333 cum
1540 3273 1666 3335 autem
1684 3277 1735 3337 te·

319 3381 385 3458 stis
409 3378 581 3486 periisset
609 3396 648 3457 et
671 3378 804 3458 fuisset
830 3378 936 3456 flexis
959 3379 1120 3485 genibus
1144 3408 1268 3458 eoram
1294 3402 1504 3489 receptore,
1525 3386 1732 3467 astantibus

320 3508 428 3591 dictis
443 3507 637 3597 fratribus,
659 3508 753 3589 dixit
771 3509 806 3586 ei
826 3508 950 3588 dictus
970 3526 1142 3616 receptor
1165 3511 1268 3616 quod
1288 3539 1334 3595 ‚ex
1352 3540 1428 3618 quo
1453 3530 1598 3592 tantum
1623 3516 1736 3594 insta·

319 3637 441 3727 barat
460 3637 653 3726 affeetabat
672 3665 752 3716 esse
772 3636 886 3727 ltater
902 3638 1180 3744 eorum-quod
1196 3638 1275 3744 ipse
1294 3641 1479 3746 reciperet
1501 3670 1590 3723 eum
1609 3645 1649 3723 in
1665 3645 1737 3722 lra-

319 3783 419 3843 trem
437 3765 525 3845 dicti
545 3765 704 3855 ordinis,
734 3765 774 3841 in
798 3765 951 3843 nomine
970 3765 1087 3842 Patris
1107 3782 1144 3841 et
1167 3767 1251 3842 Filii
1272 3784 1310 3845 et
1330 3769 1491 3875 Spiritus
1510 3773 1650 3865 Sancti,
1670 3776 1736 3853 sed

322 3911 406 3981 ante
425 3892 591 3973 mantelli
615 3893 860 3971 tradicionem
887 3891 974 3970 secit
997 3921 1085 3971 eum
1100 3894 1229 4001 jurare
1248 3924 1361 4004 supra
1380 3900 1572 4005 quoddam
1590 3903 1736 3988 missale

322 4022 427 4131 quod
445 4038 609 4125 servaret
624 4021 846 4110 castitatem,
865 4022 1005 4121 rivaret
1023 4023 1102 4109 siue
1123 4026 1293 4131 proprio,
1315 4045 1352 4105 et
1367 4027 1540 4114 obediret
1555 4033 1739 4114 mandatis

323 4150 529 4260 superioris
539 4152 598 4230 sui
612 4152 702 4231 dieti
715 4150 875 4245 ordinis,
894 4153 960 4259 qui
976 4153 1220 4260 preficeretur
1232 4157 1373 4247 eidem,
1389 4176 1426 4237 et
1442 4180 1604 4240 servaret
1617 4163 1739 4243 bonos

324 4314 415 4362 usus
435 4301 473 4362 et
495 4266 613 4369 bonas
638 4283 929 4379 consuetudines
952 4284 1095 4365 ordinis
1115 4302 1154 4362 et
1177 4305 1318 4364 secreta
1341 4289 1500 4379 ordinis,
1523 4309 1562 4369 et
1583 4294 1614 4371 si
1633 4294 1739 4372 Deus

325 4416 462 4493 faceret
479 4415 551 4495 sibi
575 4413 737 4522 graciam
756 4413 796 4491 in
815 4414 948 4511 ordine
967 4417 1071 4523 quod
1091 4415 1248 4497 haberet
1266 4419 1429 4527 aliquam
1446 4421 1741 4503 administracio-

326 4573 432 4636 nem,
457 4545 562 4652 quod
585 4544 665 4652 ipse
690 4561 837 4631 teneret
860 4545 1031 4625 ecclesias
1053 4548 1102 4625 in.
1123 4564 1222 4631 statu
1250 4549 1380 4628 debito
1405 4568 1444 4629 et
1457 4552 1666 4633 luminaria
1687 4554 1741 4632 la-

327 4691 431 4751 ceret
447 4675 568 4753 teneri
589 4692 628 4753 et
646 4675 869 4767 elemosinas
888 4693 1043 4763 statutas
1062 4678 1145 4757 lieri
1166 4695 1204 4767 et
1221 4681 1512 4788 hospitalitatem
1529 4686 1664 4763 servari
1683 4686 1746 4762 de.

327 4803 409 4883 bito
433 4806 548 4883 modo
574 4824 613 4884 et
631 4823 810 4886 consueto
834 4808 1044 4887 secundum
1064 4809 1293 4918 exigenci'am
1316 4841 1572 4920 personarum.
1595 4816 1743 4911 Quibus
