4080 6052
509 544 551 610 1⁶
887 514 1205 608 rnocnsnns
1229 533 1531 607 resumens.

502 700 577 763 tur,
596 693 827 785 presentare,
844 691 882 750 et
896 676 1023 751 omnia
1036 670 1210 764 fideliter,
1227 673 1334 779 juxta
1345 701 1456 780 posse
1471 701 1624 761 eorum,
1639 679 1883 789 aequique
1901 712 1925 761 a

502 811 613 888 dictis
632 807 797 885 dominis
814 805 1080 882 commissoriis
1098 803 1239 881 luerint
1257 803 1424 910 injuncta
1455 803 1612 882 eisdem.
1634 806 1684 884 Et
1706 808 1924 889 immediate

502 940 594 1017 dicti
608 938 752 1016 domini
765 936 1008 1013 commissarii
1017 951 1267 1042 precepertmt
1280 933 1377 1011 tradi
1393 934 1618 1041 supradictis
1628 941 1779 1017 nunciis
1791 970 1925 1019 eorum

497 1072 633 1179 juratis
651 1085 820 1176 patentes
841 1067 1009 1173 ipsorum
1034 1065 1182 1141 lieteras
1209 1093 1279 1171 per
1302 1065 1420 1142 dictas
1439 1067 1650 1172 pmiincias
1670 1069 1922 1163 defimenda,

500 1200 714 1308 predictum
730 1197 896 1275 edictum
910 1196 1146 1272 continentes
1160 1193 1233 1271 sub
1248 1194 1368 1270 lorma
1382 1198 1644 1304 suprascripta,
1657 1198 1841 1307 directap]
1855 1200 1924 1279 do-
1939 1307 1945 1314 .

501 1332 607 1407 mino
621 1326 902 1433 archiepiscopo
917 1325 1127 1403 Senonensi
1148 1341 1186 1400 et
1206 1325 1288 1430 ejus
1306 1324 1558 1432 suffraganeo,
1575 1331 1729 1407 mutatis
1747 1330 1925 1408 duntaxat

502 1458 721 1538 nominibus
733 1456 1011 1564 pmiinciarum
1029 1472 1067 1531 et
1083 1454 1315 1561 prelatorum
1330 1455 1566 1534 eorumdem.
1582 1458 1674 1536 Acta
1686 1458 1841 1536 luerim
1854 1461 1926 1539 bec

502 1617 601 1667 anno
629 1586 818 1695 predicto,
843 1585 906 1662 die
927 1613 1028 1664 nona
1051 1585 1224 1661 intrantis
1241 1585 1382 1661 mensis
1399 1586 1576 1692 Augusti,
1598 1589 1760 1666 Parisios
1778 1589 1820 1666 in
1836 1618 1925 1696 prc-

505 1716 615 1794 dictis
640 1717 819 1795 domibus
845 1715 976 1822 prelati
1009 1715 1244 1804 monasterii,
1268 1716 1509 1822 presentibus
1535 1717 1815 1797 venerabilibus
1830 1719 1926 1801 viris

505 1847 670 1925 dominis
688 1847 733 1926 G.
759 1847 807 1924 de
825 1846 1040 1923 Flavacuria
1062 1845 1325 1923 archidiacono
1343 1847 1659 1954 Rotbomagensi‚
1687 1848 1859 1927 Jobannc
1876 1848 1924 1926 de

503 1979 677 2083 Luperiis
696 1978 876 2055 canonico
890 1977 1007 2053 sancti
1022 1976 1128 2052 Pauli
1148 1977 1196 2051 de
1215 1992 1343 2051 sancto
1354 1976 1923 2086 Dionisio,Aymoneroqueio

504 2124 650 2184 rectore
670 2106 824 2183 ecclesie
851 2106 968 2182 sancti
988 2105 1164 2197 Quintini
1183 2104 1231 2180 de
1251 2104 1424 2180 l'arenna
1437 2106 1731 2184 Cenomanensis
1748 2109 1925 2196 diocesis,

507 2238 546 2313 P.
563 2236 612 2312 de
626 2236 820 2316 Chadeleu
839 2235 1018 2311 canonico
1033 2234 1176 2310 Ensiati
1191 2232 1510 2312 Claromontensis
1523 2233 1697 2325 diocesis,
1714 2253 1754 2312 et
1767 2264 1832 2313 me
1847 2237 1929 2316 Flo

504 2364 690 2441 riamonte
709 2364 925 2452 Dondedei‚
942 2362 1150 2441 Guillelmo
1171 2362 1376 2469 lladulphi‚
1391 2363 1582 2441 bernardo
1599 2363 1761 2455 Filholi,
1773 2367 1927 2446 Nicolao

504 2492 801 2583 Constanciensi‚
823 2492 1015 2569 Bcrnardo
1034 2491 1211 2569 Umbaldi
1232 2492 1281 2569 de
1299 2493 1534 2573 Barchinona
1553 2509 1591 2569 et
1607 2494 1766 2599 Hugone
1784 2495 1924 2573 Nicolai

505 2622 552 2701 de
571 2623 747 2729 Eugubio
770 2623 927 2698 notariis
945 2619 1127 2726 publicis,
1151 2620 1293 2727 quibus
1310 2639 1532 2729 preceptum
1550 2621 1624 2699 luit
1640 2652 1709 2729 per
1727 2623 1848 2702 didos
1867 2625 1929 2703 do·

505 2752 628 2829 minos
648 2750 938 2833 commissarios,
955 2749 1062 2855 quod
1075 2749 1336 2858 redigeremus
1355 2751 1567 2858 supradicta
1581 2752 1708 2829 omnia
1726 2770 1766 2830 et
1783 2753 1926 2862 singula

507 2881 546 2955 in
564 2906 759 2984 processu,
782 2896 820 2955 et
837 2879 942 2985 quod
961 2878 1009 2956 de
1019 2879 1104 2957 biis
1123 2880 1395 2959 conficeremus
1412 2882 1565 2989 publica
1583 2883 1843 2962 iustrumenta.

943 3140 977 3199 ln
992 3141 1048 3202 ista
1061 3145 1169 3224 pagina
1183 3143 1274 3205 nichil
1286 3149 1425 3228 scriptum
1439 3159 1490 3208 est

564 3396 604 3472 ln
624 3395 695 3474 Dei
718 3398 873 3474 nomine
892 3428 1014 3478 amen.
1035 3403 1175 3480 Notum
1195 3407 1243 3483 sit
1263 3407 1446 3483 universis
1466 3436 1508 3483 ac
1527 3405 1700 3513 singulis,
1721 3405 1927 3525 quodcum

509 3525 702 3601 reverendi
732 3527 772 3602 in
792 3527 943 3606 Christo
972 3549 1096 3637 patres
1118 3534 1262 3609 domini
1292 3537 1364 3613 Dei
1389 3537 1511 3642 gracia
1530 3535 1784 3615 Narbonensis
1811 3538 1931 3615 archi·

507 3653 721 3760 episcopus,
737 3657 967 3763 Bajocensis‚
981 3662 1213 3741 lllimatensis
1229 3681 1266 3740 et
1281 3666 1557 3743 Lemovicensis
1572 3666 1754 3773 episcopi,
1769 3695 1841 3743 nec
1853 3695 1929 3745 non

507 3799 544 3858 et
563 3784 795 3862 venerabiles
817 3788 886 3863 viri
915 3790 1059 3867 domini
1086 3793 1261 3870 Matlrcus
1279 3793 1327 3870 de
1355 3795 1508 3900 Neapoli
1536 3797 1688 3904 majoris
1709 3794 1831 3875 Caleti
1855 3799 1928 3874 llo·

505 3909 761 4021 tlromagonsis
782 3916 882 3994 sedis
901 3921 1102 4024 apostolice
1125 3923 1309 4007 notarius,
1328 3924 1517 4003 lohannes
1536 3927 1584 4003 de
1599 3928 1753 4005 Mantua
1769 3926 1932 4005 Triden-

504 4040 625 4131 tinus,
660 4061 697 4122 et
727 4045 916 4124 Johannes
951 4048 997 4126 dc
1030 4053 1158 4130 Monte
1185 4055 1309 4129 Lauro
1341 4054 1614 4161 Magalonensis
1658 4057 1928 4146 archidiaconi,

506 4165 555 4241 ad
579 4168 846 4276 inquirendum
871 4196 1000 4257 contra
1020 4183 1325 4289 Templariorum
1349 4184 1537 4275 ordinem,
1559 4188 1598 4263 in
1618 4212 1733 4295 regno
1752 4186 1927 4277 Fraude,

503 4323 574 4400 per
588 4299 716 4377 sedem
733 4309 989 4409 apostolicam,
1011 4340 1088 4387 una
1106 4342 1193 4389 cum
1212 4312 1416 4391 venerabili
1431 4317 1510 4391 viro
1524 4320 1705 4424 magistro
1722 4315 1932 4396 Guillelmo

505 4428 642 4533 Agarni
671 4436 860 4541 proposito
890 4437 1075 4544 Aquensi,
1103 4438 1286 4546 legittime
1314 4461 1503 4533 excusato,
1535 4477 1623 4525 cum
1652 4448 1717 4525 illa
1745 4446 1931 4534 clausula,

507 4555 624 4646 Quod
642 4560 673 4633 si
693 4589 770 4637 non
786 4590 932 4655 omnes,
955 4586 1024 4645 etc.
1042 4567 1231 4673 deputati,
1248 4573 1295 4648 ad
1315 4575 1578 4654 execucionem
1597 4578 1767 4656 mandati
1786 4596 1933 4685 aposto-

505 4682 569 4765 lici
593 4681 680 4761 sacti
705 4686 847 4765 cisdcnr
872 4695 1074 4796 procedere
1095 4697 1348 4793 intendentes,
1370 4726 1562 4784 vocassent
1591 4726 1630 4785 et
1653 4709 1835 4787 citassent
1852 4736 1933 4815 per-

506 4814 705 4919 emptorie,
732 4821 950 4899 auctoritate
972 4826 1026 4905 eis
1045 4827 1182 4907 tradite
1203 4836 1413 4936 potestatis,
1435 4863 1504 4940 per
1526 4838 1725 4945 publicum
1744 4836 1934 4918 citacionis
