4080 6052
319 545 392 618 ara
703 520 898 614 esoces
924 538 1019 612 uss
1045 513 1366 633 rennuens(

315 706 500 763 mineram
522 682 620 759 dicte
638 680 776 758 domus
786 679 954 786 Templi,
977 695 1016 754 et
1036 676 1193 754 firmatis
1211 703 1280 782 per
1296 703 1361 752 eos
1382 674 1535 762 hostiis,
1563 703 1737 785 preceps,

315 833 405 897 runt
424 816 458 894 ei
478 814 582 922 quod
604 812 803 920 abnegaret
813 811 954 900 Deum,
977 825 1016 885 et
1038 807 1118 915 ipse
1141 807 1234 885 dixit
1255 805 1448 914 quomodo
1470 823 1600 912 posset
1623 809 1735 888 abne

315 974 401 1054 gare
420 947 543 1024 Deum
562 945 628 1052 qui
647 960 835 1020 creaverat
854 970 942 1018 eum
963 956 1003 1017 ct
1020 967 1090 1047 pro
1108 967 1157 1023 eu
1175 966 1308 1045 passus
1326 936 1468 1028 fuerat,
1496 953 1535 1015 et
1553 937 1595 1015 ia
1614 967 1728 1046 quem

315 1077 506 1165 credebat3
523 1092 562 1152 et
573 1075 662 1151 dieti
681 1075 883 1152 servientes
899 1072 1073 1150 dixerunt
1087 1071 1192 1177 quod
1205 1067 1487 1176 oportebathoc
1503 1067 1725 1158 mmltoerc,

316 1226 355 1285 et
379 1227 470 1286 tunc
499 1207 706 1312 abnegavit
722 1229 787 1282 ore
819 1230 897 1282 non
926 1202 1058 1290 corder
1087 1202 1263 1278 dixerunt
1291 1201 1409 1277 eciam
1442 1200 1477 1277 ei
1512 1201 1617 1308 quod
1646 1202 1728 1279 alias

317 1355 508 1445 oporteret
528 1366 615 1414 eum
635 1364 771 1442 spuere
795 1362 909 1441 super
933 1360 1101 1423 crucem,
1124 1332 1191 1409 sed
1213 1350 1341 1408 tamen
1356 1357 1426 1407 nec
1445 1347 1539 1408 tunc
1560 1359 1630 1408 uec
1650 1332 1733 1410 elica

316 1470 433 1575 spuit,
455 1495 525 1545 nec
543 1465 616 1544 fuit
634 1466 854 1572 requisitus,
876 1492 946 1541 nec
966 1464 1014 1541 de
1037 1463 1166 1540 osculo
1191 1463 1408 1552 inhonesto,
1429 1489 1502 1538 nec
1517 1459 1565 1539 de
1581 1463 1732 1540 mimine

316 1597 556 1685 sodomitico,
578 1623 646 1673 nec
666 1595 714 1672 de
739 1596 864 1698 aliqua
888 1594 958 1670 alia
982 1620 1024 1671 re
1044 1594 1159 1670 ilicita
1177 1593 1334 1671 fuerunt
1351 1591 1423 1670 sibi
1445 1591 1580 1679 loeuu‘,
1600 1611 1638 1670 et
1655 1622 1731 1672 cre·

317 1731 373 1807 dit
388 1730 535 1836 pocius,
556 1728 662 1835 quod
678 1726 753 1803 illis
764 1727 835 1832 qui·
848 1724 1127 1830 recipiebantur
1145 1725 1184 1800 in
1206 1724 1339 1801 ordine
1356 1722 1612 1831 preciperetur
1626 1726 1729 1830 quod

315 1861 543 1968 abnegarent
574 1859 716 1949 Deum,
751 1855 847 1933 sicut
878 1853 951 1932 fuit
976 1855 1046 1933 sibi
1077 1871 1315 1961 preceptum,
1344 1872 1461 1962 quam
1495 1855 1726 1933 scunarium.

315 1994 372 2069 De
414 1989 592 2068 omnibus
621 2005 660 2065 et
691 1975 857 2092 singulis
882 1986 1067 2064 contentis
1103 1987 1143 2061 in
1174 1984 1353 2063 omnibus
1388 1984 1473 2062 aliis
1505 2002 1546 2063 et
1583 1986 1732 2094 singrrhs

316 2119 496 2206 articulis,
518 2116 714 2224 respondit
733 2142 772 2192 se
792 2116 908 2192 nichil
928 2115 1021 2192 scire
1041 2116 1140 2192 ultra
1156 2143 1270 2222 quam
1285 2143 1396 2221 supra
1411 2115 1649 2221 deposuerit,
1667 2118 1731 2196 hoc

316 2266 468 2355 excepto
486 2247 591 2356 quod
608 2248 686 2354 ipse
703 2246 801 2325 bene
821 2245 998 2325 credebat
1014 2247 1268 2324 ecelesiasticis
1282 2247 1540 2338 sacramentis,
1560 2264 1601 2324 et
1613 2249 1731 2326 crede

313 2381 378 2457 bat
393 2379 499 2488 quod
518 2378 580 2456 alii
598 2376 730 2455 fratres
749 2377 852 2454 idem
872 2376 1081 2466 crederent,
1096 2395 1135 2453 et
1147 2376 1287 2453 sciebat
1304 2375 1409 2482 quod
1426 2376 1512 2453 laici
1533 2404 1611 2455 non
1630 2397 1730 2485 pote·

313 2528 398 2587 rant
415 2510 606 2590 absolvere
627 2538 647 2585 a
666 2509 836 2614 peccatis.
859 2506 1039 2619 durabant
1065 2535 1142 2584 non
1170 2507 1271 2584 exire
1301 2507 1494 2596 ordinerm
1519 2510 1647 2586 statim
1667 2536 1731 2616 pre

313 2640 488 2746 professis
519 2640 767 2728 habebantur,
796 2639 1041 2716 clamdestine
1067 2637 1358 2745 recipiebantur,
1387 2664 1432 2714 ex
1459 2666 1541 2745 quo
1574 2640 1730 2745 suspicio

314 2789 441 2848 eontra
464 2771 637 2848 ordinem
666 2767 893 2856 habebatur3
919 2796 996 2846 non
1023 2769 1142 2846 credit
1165 2769 1270 2875 quod
1293 2768 1495 2846 carnaliter
1518 2770 1726 2847 commisce·

313 2917 463 2988 rentur3
496 2901 660 2978 cordulis
692 2928 784 3007 quas
814 2899 1053 2976 assumebant
1080 2900 1183 2976 unde
1212 2899 1387 2976 volebant
1412 2900 1671 3008 cingebanttu,
1685 2899 1724 2974 in

312 3029 579 3131 penitenciam,
603 3057 715 3135 super
737 3030 905 3107 camisias
924 3058 1009 3107 suas
1029 3057 1116 3106 cum
1137 3029 1278 3135 quibus
1291 3024 1487 3137 jacebant,
1508 3029 1623 3108 nescit
1638 3058 1726 3138 qua-

313 3156 399 3233 liter
422 3157 579 3236 luissent
604 3159 727 3264 puniti
753 3161 819 3265 qui
846 3159 1056 3236 noluissent
1080 3158 1263 3267 abnegare
1287 3159 1345 3235 vel
1361 3159 1482 3237 lacere
1503 3160 1574 3237 alia
1589 3160 1726 3250 illicita,

312 3289 370 3362 vel
390 3288 456 3393 qui
477 3315 520 3365 ea
543 3287 783 3375 revelassent;
805 3289 886 3365 sine
911 3289 1064 3366 licencia
1089 3316 1165 3365 non
1190 3306 1365 3394 poterant
1383 3291 1454 3367 nisi
1472 3290 1651 3369 iratribus
1675 3321 1729 3369 sa·

312 3418 528 3496 cerdotibus
549 3419 636 3496 dicti
658 3416 801 3495 ordinis
821 3418 1003 3494 confiteri.
1023 3419 1261 3525 Negligentes
1278 3419 1446 3507 luerunt,
1467 3421 1521 3495 illi
1545 3424 1612 3526 qui
1632 3424 1723 3497 scie-

310 3548 401 3626 bant
415 3552 593 3656 quianon
610 3567 851 3627 correxerunt
868 3577 1014 3626 errores
1031 3578 1100 3625 nec
1122 3551 1436 3627 denunciaverunt
1451 3549 1624 3626 Ecclesie.
1637 3551 1722 3626 Ele-

310 3681 454 3756 mosine
475 3698 512 3758 et
530 3681 762 3787 hospitalitas
782 3709 826 3757 ex
845 3697 1021 3786 precepto
1040 3682 1276 3785 superiorum
1296 3681 1719 3769 convenienterhebant3

310 3809 404 3887 clam
425 3811 598 3917 capitulia
619 3811 856 3899 tenebantur,
880 3810 993 3887 nullis
1012 3811 1250 3916 presentibus
1276 3813 1347 3889 nisi
1373 3810 1547 3889 fratribus
1566 3812 1723 3898 ordinis;

309 3940 412 4044 quod
438 3969 595 4048 magnus
622 3941 795 4049 Magister
824 3968 910 4016 cum
938 3958 1122 4016 conventu
1147 3941 1344 4018 ordinabat
1365 3942 1579 4019 servabatur
1604 3943 1644 4018 in
1666 3971 1723 4018 or·

303 4069 395 4147 ‘dina
406 4105 415 4160 3
427 4072 580 4178 grandia
596 4071 766 4148 scandala
784 4089 938 4178 propter
949 4048 1121 4177 predicta
1135 4092 1263 4150 contra
1284 4073 1457 4150 ordinem
1478 4091 1568 4150 sunt
1585 4091 1720 4161 exorta,

307 4200 464 4278 modum
484 4202 712 4306 recepcionis
732 4228 799 4277 sue
819 4201 1067 4278 manifestavit
1086 4201 1276 4307 aliquibus
1290 4201 1468 4281 fratribus
1484 4205 1644 4294 ordinis,
1661 4204 1720 4282 sed

307 4330 424 4405 nescit
456 4332 486 4407 si
522 4359 653 4408 omnes
683 4330 813 4407 fratres
842 4331 985 4409 ordinis
1014 4333 1181 4409 sciebant
1209 4335 1446 4438 recepciones
1475 4333 1605 4412 illicite
1632 4334 1717 4411 sieri.

306 4457 459 4538 Audivit
478 4460 550 4538 dici
571 4490 751 4569 magnum
762 4461 981 4567 Magistrum
994 4479 1031 4572 et
1048 4462 1139 4539 alios
1159 4481 1396 4568 preceptores
1408 4465 1556 4570 aliquos
1569 4492 1716 4553 errores,

306 4591 423 4666 nescit
442 4618 554 4695 quos,
577 4609 705 4670 contra
722 4593 897 4670 ordinem
917 4592 1032 4670 luisse
1053 4593 1252 4669 confessos.

362 4720 471 4807 Item,
519 4723 721 4826 requisitus
757 4725 786 4802 si
822 4724 873 4800 sic
913 4725 1138 4830 deposuerat
1168 4751 1293 4829 prece,
1335 4741 1528 4830 precepto,
1570 4727 1710 4811 umore,

305 4874 447 4936 amore,
470 4846 575 4939 odio,
596 4853 654 4928 vel
673 4853 869 4958 temporali
893 4855 1051 4932 comodo
1074 4855 1202 4933 habito
1227 4854 1285 4931 vel
1309 4854 1502 4947 habendo,
1530 4853 1712 4964 respondit
