4080 6052
696 540 892 633 raeces
919 560 1015 631 nas
1041 560 1342 634 Terentiana
1659 569 1729 641 175

365 702 540 807 bhgister
557 700 783 806 Radulphus
803 699 850 777 de
872 699 1043 791 Praellis,
1065 699 1222 777 diocesis
1236 698 1513 792 laudunensis,
1530 704 1627 808 juris
1637 709 1736 811 peri-

309 833 605 923 tus,'advoeatus
624 832 663 907 in
683 831 787 908 curia
809 831 929 937 regia,
950 830 1057 907 testis
1075 829 1240 936 juratus,
1262 832 1473 907 secundum
1492 831 1650 910 sormam
1670 862 1731 911 su-

308 962 435 1068 perius
453 960 631 1069 positam,
649 961 809 1038 existens
824 962 862 1037 in
883 960 1075 1067 presencia
1095 961 1287 1037 dictorum·
1296 961 1539 1039 dominorum
1558 966 1732 1041 commis·

307 1094 510 1182 sariorum,
539 1092 626 1168 visis
645 1109 684 1169 et
707 1092 812 1169 lectis
841 1120 910 1198 per
939 1119 1030 1169 eum
1060 1090 1225 1168 articulis
1249 1091 1371 1168 missis
1394 1092 1538 1168 eisdem
1568 1094 1731 1172 dominis

308 1220 572 1300 commissariis
587 1250 607 1297 a
621 1221 710 1298 sede
725 1222 939 1327 apostolica,
954 1250 1068 1327 super
1080 1221 1222 1327 quibus
1234 1220 1505 1326 inquirendum
1522 1240 1588 1309 est,
1604 1226 1729 1330 requi-

308 1353 402 1429 situs
422 1381 442 1428 a
463 1352 572 1430 dictis
597 1351 761 1429 dominis
787 1352 1054 1430 commissoriis
1080 1353 1185 1458 quod
1209 1351 1353 1428 diceret
1372 1351 1426 1427 eis
1444 1353 1569 1458 siqua
1591 1354 1732 1432 sciebat

309 1483 357 1558 de
377 1482 560 1559 contentis
583 1482 623 1557 in
642 1483 806 1560 articulis
829 1483 1049 1589 supradictis
1068 1481 1126 1559 vel
1151 1482 1199 1558 de
1219 1481 1474 1587 pendentibus
1498 1510 1544 1558 ex
1569 1484 1728 1574 eisdem,

261 1623 262 1626 ’
309 1611 401 1687 dixit
419 1629 456 1689 et
475 1612 666 1718 deposuit,
682 1614 755 1691 sub
770 1613 988 1720 juramento
1004 1613 1159 1719 prestito
1179 1640 1248 1718 per
1266 1612 1450 1700 eundem,
1471 1631 1584 1717 prout
1606 1615 1731 1721 sequi-

306 1758 379 1831 tur,
401 1743 506 1848 quod
524 1743 705 1848 scriptum
724 1743 798 1823 fuit
816 1745 865 1822 ad
887 1745 1075 1839 dictamen
1095 1744 1286 1850 ejusdem,
1306 1741 1494 1830 videlicet,
1513 1743 1617 1848 quod
1636 1761 1730 1820 tem·

306 1898 397 1975 pore
416 1901 493 1977 quo
509 1873 727 1951 morabatur
745 1874 849 1980 apud
867 1876 1114 1961 Laudunum,
1136 1873 1292 1980 quidam
1311 1871 1565 1977 Templarius,
1581 1891 1731 1952 vocatus

305 1997 417 2077 frater
436 2001 634 2080 Gervasius
651 2004 697 2081 de
716 2005 890 2091 Belvaco,
906 2023 996 2082 tunc
1008 2023 1133 2083 rector
1147 2006 1283 2081 domus
1299 2000 1448 2106 Templi
1461 2003 1510 2079 de
1530 2002 1728 2091 lauduno,

308 2128 472 2207 multum
490 2132 682 2211 familiaris
701 2134 873 2240 ejusdem
886 2137 1053 2241 magistri
1068 2135 1275 2240 Radulphi,
1296 2133 1388 2209 dixit
1407 2133 1532 2210 eidem
1552 2134 1730 2238 magistro

307 2259 506 2365 Radulpho
527 2290 614 2367 sepe
639 2280 678 2340 et
697 2265 824 2368 sepius
844 2281 882 2340 et
901 2266 940 2340 in
960 2265 1152 2370 presencia
1176 2265 1345 2368 plurium
1366 2263 1417 2338 ita
1434 2265 1540 2370 quod
1564 2292 1631 2368 per
1651 2280 1730 2341 11110r

307 2388 364 2464 vel
385 2416 407 2468 v
426 2390 485 2467 vel
500 2418 536 2470 v1
553 2420 670 2469 annos
686 2410 771 2469 ante
794 2393 1009 2498 capcionem
1024 2393 1328 2497 Templariorum
1347 2392 1548 2496 plusquam
1573 2394 1729 2484 centies,

307 2520 412 2623 quod
431 2521 470 2596 in
490 2499 623 2599 ordine
643 2523 946 2629 Templariorum
961 2540 1041 2600 erat
1055 2522 1210 2629 quidam
1230 2538 1408 2627 punctus,
1429 2521 1480 2596 ita
1497 2521 1679 2599 mirabilis
1694 2540 1732 2599 et

307 2647 357 2723 ita
384 2651 660 2756 precipiebatur
688 2653 831 2743 cellari,
858 2654 961 2759 quod
987 2653 1092 2730 idem
1121 2651 1321 2731 Gervasius
1347 2651 1399 2727 ita
1427 2650 1500 2727 cito
1530 2650 1643 2727 vellet
1673 2681 1731 2728 ea·

306 2794 374 2881 put
400 2809 512 2857 suum
537 2784 722 2888 amputari
742 2812 856 2890 quam
885 2783 999 2860 vellet
1023 2784 1147 2889 ipsum
1183 2798 1368 2887 punctum
1392 2808 1460 2885 per
1483 2808 1522 2856 se
1547 2780 1727 2874 revelare,

306 2907 399 3000 dum
418 2927 545 2990 tamen
568 2914 653 2990 sciri
676 2931 819 3019 posset,
845 2914 951 3020 quod
981 2914 1061 3019 ipse
1089 2912 1300 2989 revelasset.
1331 2910 1434 2988 Dixit
1460 2909 1595 2998 eciam,
1623 2913 1729 3017 quod

306 3038 441 3117 eodem
461 3043 576 3120 modo
601 3044 695 3119 dixit
720 3044 792 3120 sihi
819 3044 940 3128 dietus
964 3042 1078 3120 frater
1097 3043 1310 3132 Gervasius,
1336 3041 1442 3147 quod
1467 3041 1584 3116 eciam
1609 3025 1647 3115 iri
1672 3070 1730 3117 ca-

305 3167 426 3271 pitulo
450 3170 617 3279 generali
635 3173 954 3278 Templariorum,
976 3189 1057 3250 erat
1074 3173 1230 3279 quidam
1249 3187 1411 3277 punctus
1433 3171 1526 3246 adeo
1547 3188 1727 3260 secretus,

305 3298 462 3402 quodsi
485 3300 588 3376 idem
611 3303 789 3407 magister
807 3305 849 3379 R.
878 3303 987 3379 illum
1016 3320 1200 3409 punctum
1219 3303 1383 3387 videret,
1404 3328 1646 3406 quocumque
1672 3302 1729 3376 in-

304 3425 486 3517 fortunio,
508 3432 583 3507 sive
604 3432 721 3509 eciam
741 3436 818 3510 Rex
837 3436 1065 3511 Francorum
1084 3433 1246 3518 videret,
1268 3460 1345 3507 non
1365 3429 1535 3505 obstante
1561 3445 1665 3505 metu
1692 3447 1730 3506 et

303 3584 399 3662 pana
417 3560 737 3670 quibuscumque,
755 3564 880 3670 ipsum
904 3565 1095 3642 videntem
1114 3580 1288 3641 tenentes
1308 3559 1514 3666 capitulum
1534 3587 1728 3665 proposse

303 3713 372 3762 suo
402 3689 673 3780 interficerent,
702 3696 865 3772 neminis
903 3695 1221 3801 quandocumque
1260 3689 1469 3767 auctoritati
1504 3688 1727 3766 deferentes.

304 3813 408 3891 Dixit
424 3819 541 3893 eciam
559 3820 701 3923 pluries
717 3823 821 3901 idem
845 3823 959 3901 frater
978 3824 1176 3904 Gervasius
1206 3822 1331 3899 eidem
1351 3818 1532 3924 magistro
1552 3820 1594 3894 R.
1624 3820 1727 3923 quod

305 3941 468 4022 habebat
496 3949 701 4051 quemdam
729 3952 872 4029 libmm
891 3955 1107 4060 parvulum,
1137 3981 1253 4059 quem
1284 3951 1384 4027 bene
1413 3947 1650 4034 ostendebat,
1680 3947 1727 4027 de

303 4074 451 4152 statutis
470 4077 528 4152 sui
549 4078 712 4167 ordinis,
733 4083 802 4158 sed
820 4084 936 4160 alium
953 4084 1193 4161 secretiorem
1211 4081 1392 4166 habebat,
1414 4106 1545 4184 quem,
1568 4094 1727 4182 prototo

304 4205 468 4301 mundo,
503 4236 580 4284 non
615 4210 868 4288 hostenderet.
900 4215 1054 4318 Rogavit
1082 4212 1200 4289 eciam
1228 4211 1331 4288 idem
1353 4207 1554 4288 Gervasius
1582 4208 1724 4285 dictum

305 4337 524 4441 magistrum
544 4341 605 4427 R,
628 4359 671 4417 ut
688 4340 760 4418 sibi
781 4360 1000 4448 procanaret
1018 4371 1105 4451 erga
1123 4369 1279 4449 magnos
1299 4341 1345 4418 de
1366 4339 1500 4417 ordine
1518 4367 1603 4428 suo,
1622 4341 1727 4445 quod

304 4484 430 4569 posset
443 4470 618 4548 accedere
639 4472 687 4548 ad
701 4473 907 4579 capitulum
921 4474 1092 4581 generale
1108 4472 1200 4550 dieti
1210 4472 1372 4562 ordinis,
1391 4488 1430 4548 et
1442 4470 1591 4582 quodsi
1602 4486 1728 4574 posset

306 4594 353 4670 ad
373 4595 517 4674 dictum
537 4601 743 4704 capitulum
767 4606 962 4694 accedere,
990 4634 1066 4683 non
1085 4603 1284 4681 dubitabat
1303 4602 1398 4709 quin
1420 4600 1631 4679 efficeretur
1648 4617 1726 4676 tam

306 4725 378 4803 cito
394 4756 551 4833 magnus
570 4734 747 4840 magister
761 4735 800 4810 in
817 4735 962 4814 ordine.
977 4737 1025 4812 Et
1043 4753 1243 4843 procurato
1262 4735 1309 4812 ab
1326 4735 1464 4813 eodem
1485 4732 1662 4838 magistro
1682 4733 1724 4808 R.

307 4859 408 4961 quod
419 4860 463 4936 ad
480 4861 624 4940 dictum
640 4865 845 4971 capitulum
856 4867 1065 4961 accederet,
1079 4884 1164 4975 post
1175 4867 1259 4974 ejus
1274 4893 1502 4975 eggressum,
1516 4863 1609 4940 dixit
1626 4863 1727 4940 idem
