4080 6052
690 513 885 606 procas
912 532 1006 604 aas
1031 531 1332 604 ranam-ans.
1646 539 1718 607 aar

305 673 544 782 presentibus
578 671 752 748 fratribus
785 672 954 749 lobanne
989 671 1035 747 de
1070 672 1305 749 Moranciaco
1332 670 1564 776 presbitero,
1596 678 1720 779 priore

304 825 395 883 tunc
423 804 572 910 Templi
602 803 836 895 Parisiensis,
864 805 1032 881 lobanne
1058 803 1106 879 de
1130 803 1227 881 Villa
1255 807 1352 881 Nova
1388 820 1606 908 preceptore
1630 824 1720 883 tune

304 935 454 1041 Templi
483 933 720 1024 Parisiensis,
749 934 908 1011 Arberto
935 936 981 1010 de
1012 933 1161 1011 luriaco
1190 951 1409 1040 preceptore
1432 931 1479 1009 de
1509 935 1721 1040 Latigniaco

304 1065 437 1157 Sicco,
471 1064 677 1144 Guillelmo
712 1065 915 1142 Normanni
960 1064 1214 1170 dispensatore
1253 1082 1344 1141 tunc
1375 1063 1473 1139 dicte
1506 1064 1643 1142 domus
1674 1069 1720 1142 de

306 1197 502 1303 Soysiaco,
534 1212 570 1272 et
601 1195 798 1301 Raynardo
832 1197 880 1273 de
911 1195 1051 1274 Charni
1082 1197 1264 1304 agricola,
1297 1194 1515 1283 dcffunctis,
1550 1196 1588 1271 in
1621 1199 1723 1273 hunc

306 1329 464 1405 modum
487 1359 497 1406 a
519 1357 605 1403 nam
625 1356 712 1404 cum
732 1327 983 1434 requisivisset
1001 1357 1137 1433 panem
1163 1346 1200 1404 et
1219 1356 1353 1433 aquam
1379 1327 1522 1404 ordinis
1542 1329 1723 1405 instanter

306 1474 343 1533 et
362 1457 590 1563 frequenter,
614 1474 652 1533 et
672 1487 739 1563 per
753 1459 1014 1566 juramentum
1035 1458 1313 1562 protestavisset
1332 1457 1437 1562 quod
1457 1486 1531 1535 non
1554 1475 1633 1534 erat
1647 1487 1723 1533 ser-

302 1588 386 1665 vilis
404 1588 653 1674 condicionis,
671 1588 1034 1678 excommunicatus,
1053 1586 1190 1664 debitis
1208 1588 1313 1694 qnod
1330 1586 1473 1676 solvere
1491 1616 1568 1664 non
1580 1606 1722 1693 posset,

305 1719 409 1794 alteri
432 1717 604 1824 religioni
625 1716 683 1793 vel
707 1717 948 1795 matrimonio
969 1717 1172 1825 obligatus,
1192 1744 1261 1793 nec
1282 1717 1444 1792 babebat
1465 1715 1722 1794 infirmitatem
1846 1820 1850 1828 Ι

304 1848 501 1938 latentem,
529 1847 616 1923 lecit
634 1875 721 1923 eum
738 1873 869 1924 vovere
891 1863 928 1922 et
951 1847 1172 1951 promittere
1195 1846 1421 1933 castitatem,
1443 1845 1722 1935 obedienciam,

306 1996 345 2054 et
361 1979 483 2053 vivere
499 1978 578 2054 sine
591 1960 766 2083 proprio,
788 1993 826 2052 et
843 2004 987 2054 servare
1002 1975 1123 2052 bonos
1139 2004 1229 2054 usus
1246 1993 1283 2052 et
1298 1975 1416 2053 bonas
1432 1979 1724 2054 consuetudines

307 2107 461 2184 ordinis.
482 2109 569 2199 Quo
590 2107 705 2196 sacto,
729 2108 821 2183 dixit
840 2109 962 2212 qnod,
985 2109 1024 2184 in
1044 2107 1198 2184 nomine
1218 2108 1336 2183 Patris
1351 2125 1390 2183 et
1406 2107 1490 2182 Filii
1512 2125 1549 2184 et
1563 2108 1725 2215 Spiritus

307 2239 432 2316 Sancti
453 2256 492 2315 et
515 2238 687 2314 omnium
708 2256 941 2328 sanctorum,
964 2254 1001 2314 et
1021 2267 1065 2314 ex
1085 2255 1268 2343 potestate
1288 2266 1402 2343 quam
1424 2238 1587 2315 babebat
1606 2270 1625 2314 a
1646 2243 1725 2317 Ma·

305 2371 440 2478 gistro,
463 2368 691 2445 concedebat
716 2369 750 2444 ei
772 2397 910 2474 panem
929 2385 967 2444 et
991 2396 1125 2474 aquam
1152 2384 1190 2443 ct
1211 2369 1387 2444 vestitum
1409 2367 1571 2458 ordinis,
1597 2387 1633 2445 et
1651 2387 1725 2445 tra-

308 2502 407 2577 didit
426 2501 497 2577 sibi
518 2499 766 2586 mantellum,
793 2517 830 2576 et
855 2500 935 2605 ipse
963 2517 1002 2575 et
1019 2526 1151 2575 omnes
1173 2516 1332 2576 astantes
1351 2496 1505 2575 fuerunt
1527 2500 1648 2606 ipsum
1668 2518 1725 2577 te-

307 2650 403 2708 stem
429 2631 586 2709 osculati
605 2630 738 2707 inore.
761 2633 848 2706 Post
868 2657 944 2735 que
964 2630 1003 2705 in
1018 2630 1212 2735 presencia
1232 2629 1488 2735 predictorum
1503 2631 1672 2735 precepit
1691 2632 1724 2706 ci
1844 2661 1846 2665 ·

309 2764 411 2870 quod
433 2762 635 2869 abnegaret
653 2762 833 2849 Jhesum;
862 2777 1004 2838 etcum
1030 2761 1109 2869 ipse
1129 2763 1236 2838 testis
1255 2761 1509 2867 respondisset
1528 2763 1632 2867 quod
1656 2763 1727 2839 hoc

309 2893 414 2970 nullo
435 2892 550 2970 modo
570 2891 727 2982 laceret,
756 2892 849 2968 dixit
868 2892 903 2968 ei
920 2874 1025 2998 quod
1046 2893 1119 2969 hoc
1143 2892 1337 2999 oportebat
1357 2919 1444 2968 eum
1470 2891 1608 2983 facere,
1640 2893 1726 2997 quia

310 3025 485 3100 hocerat
512 3023 559 3099 de
589 3022 737 3127 punctis
767 3023 928 3111 ordinis,
953 3039 992 3098 et
1017 3023 1118 3129 quia‘
1135 3052 1265 3100 omnes
1290 3022 1420 3098 fratres
1450 3023 1539 3099 dicti
1567 3023 1725 3109 ordinis,
1789 3050 1790 3056 ¹

310 3172 660 3262 quantumcumque
677 3151 826 3229 nobiles
842 3170 881 3229 et
900 3170 1094 3259 potentes,
1111 3155 1184 3231 hoc
1198 3153 1402 3242 faciebant3
1420 3170 1458 3229 et
1470 3171 1560 3230 tunc
1577 3154 1655 3259 ipse
1674 3171 1730 3231 te·

310 3285 376 3359 stis
400 3283 592 3390 abnegavit
616 3284 775 3360 lhesum
801 3311 868 3360 ore
900 3311 975 3361 noa
1002 3286 1136 3372 corde,
1164 3302 1207 3360 ut
1233 3284 1335 3361 dixit.
1362 3286 1543 3389 Postque
1563 3286 1729 3389 precepit

310 3415 343 3489 ei
360 3415 464 3520 quod
482 3430 633 3518 spueret
656 3442 770 3520 super
793 3442 941 3490 crucem
960 3414 1129 3492 mantelli
1152 3415 1321 3519 ejusdem
1341 3413 1464 3488 fratris
1484 3413 1522 3488 in
1543 3430 1642 3488 terra
1660 3441 1729 3518 po·
1761 3428 1765 3440 '

309 3544 390 3632 siti,
416 3544 598 3649 quiahoc
621 3560 700 3621 erat
728 3546 776 3621 de
802 3545 911 3621 dictis
929 3546 1104 3652 punctis,
1132 3562 1169 3620 et
1193 3561 1286 3619 tunc
1311 3544 1389 3648 ipse
1406 3543 1511 3619 testis
1531 3544 1633 3649 spuit
1652 3572 1728 3620 non

311 3702 422 3777 supra
448 3674 517 3750 scd
535 3674 642 3779 juxta
667 3675 801 3748 dictam
820 3702 982 3748 crucem.
1008 3672 1156 3750 Deinde
1181 3674 1274 3749 dixit
1293 3673 1325 3750 ei
1349 3673 1472 3779 quod,
1503 3703 1545 3749 ex
1569 3702 1647 3779 quo
1666 3702 1751 3764 vo-,

312 3820 413 3878 verat
436 3802 662 3886 castitatem,
692 3801 854 3878 debebat
876 3801 1062 3880 abstinere
1083 3831 1104 3878 a
1126 3803 1367 3895 mulieribus,
1390 3833 1437 3880 ne
1457 3806 1552 3881 ordo
1575 3803 1730 3879 infama-

314 3952 432 4021 retur,
454 3949 756 4037 verumptamen,
786 3934 996 4010 secundnm
1024 3933 1122 4010 dicta
1145 3949 1303 4039 puncta,
1327 3936 1358 4012 si
1389 3936 1543 4013 baberet
1569 3935 1730 4012 calorem

315 4043 540 4151 naturalem,
562 4079 708 4169 poterat
726 4062 944 4171 refrigerare
965 4081 1003 4140 et
1022 4065 1218 4141 carnaliter
1242 4065 1475 4142 commisceri
1502 4094 1589 4141 cum
1612 4065 1732 4142 fratri-

313 4194 385 4269 bus
400 4192 560 4280 ordinis,
582 4210 618 4269 et
633 4193 702 4298 ipsi
721 4223 808 4268 cum
822 4221 867 4269 eo
882 4225 890 4269 ε
906 4194 977 4270 boc
993 4211 1121 4271 tamen
1137 4223 1214 4272 non
1229 4194 1336 4286 fecit,
1354 4223 1424 4271 nec
1439 4196 1559 4270 credit
1573 4194 1677 4300 quod
1693 4195 1730 4268 in

314 4325 446 4400 ordine
476 4321 596 4400 fieret.
623 4324 740 4407 ltem,
776 4323 869 4400 dixit
896 4325 1001 4429 quod
1022 4323 1116 4401 vidit
1139 4325 1252 4430 recipi
1273 4352 1341 4429 per
1365 4324 1531 4400 eundem
1555 4325 1727 4411 modum,

316 4455 457 4561 (quoad
471 4455 570 4530 licita
586 4472 623 4530 et
638 4453 762 4559 quoad
777 4453 903 4530 illicita
917 4455 1142 4559 supradicta,
1158 4457 1230 4532 hoc
1243 4473 1395 4560 excepto
1409 4456 1514 4564 quod
1526 4454 1728 4561 aliquando

316 4616 404 4662 crux
428 4614 504 4661 non
525 4604 603 4661 erat
623 4584 790 4660 mantelli
811 4585 878 4662 sed
902 4585 1025 4690 aliqua
1042 4586 1114 4662 alia
1126 4589 1157 4690 ,j
1177 4585 1449 4691 infrascriptos,
1474 4586 1616 4663 scilicet
1633 4618 1641 4661 :
1658 4584 1731 4660 lra-

315 4736 412 4794 trem
437 4716 680 4821 Radulpbum
715 4713 841 4792 filiurn
871 4716 1016 4792 domini
1044 4717 1232 4823 Radulplri
1262 4716 1309 4793 de
1339 4719 1577 4795 Fremecuria
1600 4717 1731 4793 militis

316 4848 510 4938 secularis,
532 4875 600 4951 per
618 4874 795 4953 magnum
816 4845 1055 4953 Magistrum,
1082 4848 1147 4954 qui
1172 4877 1274 4925 nunc
1294 4865 1366 4938 est,
1389 4847 1544 4926 fuerunt
1563 4875 1622 4925 xvi
1643 4847 1730 4921 anni
1834 4880 1840 4889 ·

1537 5005 1586 5068 79·
