4148 6052
709 527 908 619 procus
934 548 1030 618 uns
1056 548 1355 624 rnurnnms.
1693 556 1742 627 ss

325 685 585 762 commissariis
603 682 734 761 lratres
750 684 965 791 subscripti,
984 688 1049 793 qui
1068 688 1219 764 adducti
1237 689 1350 767 luisse
1366 689 1586 765 dicebantur
1604 693 1651 768 de
1670 693 1746 771 dio

324 815 396 891 cesi
416 814 653 905 Bituricensi‚
672 814 846 892 videlicet
861 815 1017 893 fratres:
1042 817 1228 895 Robertus
1250 819 1389 927 Vigerii
1412 818 1741 911 claramontensis,

324 943 442 1050 Aymo
460 946 507 1023 de
524 946 683 1022 Pratemi
697 946 988 1037 Lemovicensis‚
1002 948 1190 1025 lohannes
1209 950 1255 1025 de
1271 949 1483 1055 Chantalup
1490 949 1742 1045 Nivernensis,

295 1072 435 1153 -Oddo
461 1074 508 1151 de
535 1074 644 1152 Buris
675 1074 936 1183 Lingonensis‚
963 1076 1152 1153 lohannes
1183 1077 1229 1153 de
1259 1080 1463 1156 Bussavent
1491 1081 1742 1173 Nivernensis,

323 1202 507 1280 Henricus
525 1202 729 1280 Honorello
756 1205 1087 1295 Claramontensis,
1114 1205 1289 1285 Galterus
1317 1209 1364 1285 de
1390 1209 1532 1313 Campo
1562 1208 1743 1297 Allaman,

324 1333 507 1411 Henricus
534 1334 580 1411 de
603 1334 762 1412 Caritate
792 1335 1110 1423 Altisiodorensis,
1133 1336 1361 1414 Guillelmus
1391 1339 1438 1415 de
1463 1340 1603 1415 Tolltes
1627 1339 1748 1418 Clara-

325 1464 546 1556 montensis,
572 1462 800 1542 Guillelmus
825 1466 872 1542 dc
899 1467 933 1541 la
957 1466 1228 1572 Toyssonioyra
1256 1467 1458 1558 Educnsis‚
1485 1471 1667 1548 Martinus
1697 1470 1744 1545 de

324 1592 479 1669 Verines
508 1595 709 1686 Eduensis‚
737 1595 950 1699 Stephanus
980 1598 1026 1673 de
1052 1596 1194 1672 Paredo
1223 1596 1556 1688 claramontensis,
1589 1599 1745 1704 Stepha-

323 1750 395 1799 nus
419 1723 467 1799 de
492 1724 646 1802 Lalansa
674 1726 932 1815 Bituricensis‚
961 1725 1174 1830 Stephanus
1203 1725 1250 1801 de
1267 1728 1472 1836 Panenges
1496 1729 1742 1818 Nivernensis‚

324 1869 360 1927 et
376 1853 518 1959 Symon
536 1853 722 1933 Testasort
734 1854 1037 1933 Altisiodorensis
1054 1855 1271 1932 diocesium.
1288 1858 1363 1950 Qui
1383 1857 1620 1965 singulariter
1637 1874 1674 1933 et
1694 1886 1746 1933 se·

324 1983 479 2084 paratim
501 1985 733 2093 interrogati,
753 1986 783 2061 si
802 1985 979 2063 volebant
998 1986 1139 2061 dictum
1161 1985 1334 2062 ordinem
1350 1985 1571 2076 defendere,
1591 2014 1744 2092 respon-

328 2109 466 2188 derunt
490 2116 594 2221 quod
620 2116 688 2208 sic,
719 2133 869 2221 excepto
897 2117 996 2192 dicto
1023 2113 1142 2221 Aymo
1173 2115 1219 2191 de
1249 2117 1426 2208 Pratemi‚
1456 2118 1521 2223 qui
1551 2115 1744 2222 respondit

326 2240 429 2342 quod
458 2271 534 2319 non
564 2244 658 2335 vult,
692 2273 761 2320 nce
792 2262 930 2349 potest,
962 2272 1031 2320 nec
1059 2246 1141 2332 scit,
1173 2263 1211 2321 et
1237 2247 1331 2350 petit
1358 2246 1602 2324 ecclesiastica
1626 2274 1742 2321 sacra-

325 2387 461 2445 menta.

383 2498 474 2577 Acta
499 2500 656 2578 luerunt
681 2504 751 2578 hec
777 2501 955 2607 predictis
981 2501 1042 2578 die
1071 2520 1107 2577 et
1132 2501 1233 2596 loco,
1260 2502 1496 2607 presentibus
1520 2531 1580 2578 me
1605 2503 1745 2578 Floria-

324 2652 451 2714 monte
471 2632 669 2712 Dondedci
691 2649 729 2708 et
747 2631 828 2708 aliis
846 2633 1000 2710 notariis
1019 2660 1129 2736 supra
1149 2634 1319 2736 proximo
1339 2632 1550 2709 nominatis.

379 2899 466 2974 Post
485 2898 571 2986 hec,
594 2893 655 2970 die
677 2893 800 2971 Sabati
821 2896 1010 2997 sequenti,
1037 2923 1111 3000 quc
1139 2893 1211 2970 fuit
1235 2921 1295 2972 inv
1323 2894 1403 2970 dies
1429 2893 1567 2969 mensis
1595 2890 1740 2982 Marcii,

323 3026 480 3132 predicti
506 3024 649 3102 domini
671 3023 913 3101 commissarii
940 3026 1209 3131 congregatim
1235 3024 1331 3101 dicta
1356 3051 1499 3100 camera
1525 3022 1740 3128 episcopali,

325 3157 477 3233 absente
498 3155 652 3231 domino
667 3153 899 3231 Narbonensi
917 3171 1006 3230 etse
1028 3172 1239 3244 excusante,
1257 3153 1426 3230 lecerunt
1444 3155 1570 3230 venire
1592 3153 1639 3229 ad
1658 3182 1742 3259 pre-

325 3286 487 3363 senciam
519 3282 741 3371 eorumdem
772 3281 1024 3389 infrascriptos
1055 3282 1187 3360 lratres
1214 3283 1357 3359 ordinis
1382 3283 1531 3387 Templi
1562 3283 1626 3387 qui
1655 3280 1743 3357 alias

324 3416 492 3493 dixerant
509 3443 547 3492 se
566 3415 660 3491 velle
679 3413 881 3491 defendere
900 3413 1073 3489 ordinem
1090 3414 1364 3519 supradictum,
1382 3430 1421 3489 et
1437 3412 1614 3489 omnibus
1633 3411 1670 3485 in
1691 3411 1744 3514 ip-

323 3574 450 3623 sorum
469 3546 711 3622 dominorum
728 3544 919 3649 presencia
938 3542 1091 3618 insimul
1110 3543 1332 3630 constitutis,
1350 3542 1519 3618 lecerunt
1538 3569 1582 3617 ex
1598 3541 1743 3645 integro

324 3675 396 3783 legi
418 3674 721 3753 commissionem
741 3672 874 3749 factam
895 3674 1038 3749 eisdem
1059 3673 1238 3762 dominis,
1258 3700 1372 3778 super
1392 3671 1639 3776 inquisicione
1660 3696 1745 3772 pre·

326 3804 422 3879 dicta
442 3803 608 3879 facienda
626 3831 695 3908 per
715 3831 779 3879 eos
798 3804 997 3908 apostolica
1015 3804 1249 3893 auctoritate,
1273 3820 1310 3879 et
1334 3803 1373 3877 in
1399 3830 1532 3878 eorum
1554 3799 1745 3906 presencia

326 3947 554 4034 aperuerunt
574 3931 764 4019 articulos,
781 3932 851 4008 sub
869 3932 972 4009 bulla
993 3934 1163 4039 ejusdem
1184 3932 1328 4010 domini
1350 3932 1445 4034 Pape
1468 3930 1609 4006 eisdem
1631 3928 1746 4003 domi·

326 4060 383 4136 nis
399 4059 547 4147 missos,
570 4085 683 4161 super
703 4057 841 4163 quibus
862 4061 1049 4165 inquirere
1070 4062 1229 4151 habent,
1249 4078 1287 4135 et
1300 4060 1419 4134 dictos
1439 4056 1628 4132 articullos
1646 4054 1745 4131 sece-

325 4207 413 4266 runt
428 4188 501 4294 legi
517 4188 661 4264 eisdem
677 4187 714 4261 in
729 4186 871 4278 Latino,
889 4207 926 4265 et
941 4190 1181 4294 postmodum
1196 4189 1235 4262 in
1251 4187 1379 4264 Galico
1395 4184 1594 4290 vulgariter
1609 4187 1741 4290 exponi

326 4319 629 4395 commissionem
654 4335 692 4394 et
716 4318 891 4395 articulos
920 4318 1163 4424 supradictos.
1192 4317 1311 4423 Cujus
1337 4316 1608 4393 conmaissionis
1635 4334 1744 4391 tenor

326 4450 596 4554 suprascriptus
615 4465 671 4525 est
691 4466 729 4525 et
746 4467 856 4526 tenor
875 4450 1117 4527 articulorum
1137 4449 1307 4554 sequitur
1327 4448 1365 4522 in
1385 4446 1455 4523 hec
1473 4446 1609 4522 verba:

384 4578 446 4653 Isti
465 4594 552 4654 sunt
569 4577 727 4654 articulli
746 4608 859 4683 super
877 4579 1015 4685 quibus
1034 4580 1244 4683 inquiretur
1264 4594 1392 4654 contra
1412 4577 1584 4653 ordinem
1605 4575 1742 4652 milicie

325 4707 487 4813 Templi.

382 4840 508 4916 Primo
528 4842 647 4945 quod,
670 4841 757 4918 licet
776 4860 982 4920 assererent
1002 4861 1124 4920 sancte
1145 4843 1319 4920 ordinem
1338 4841 1452 4919 luisse
1472 4841 1685 4918 institutum
1707 4854 1744 4912 et

411 4975 517 5038 rnocias
539 4995 592 5038 urs
614 4998 784 5040 rsurmrns.
798 5013 840 5025 -
853 5001 872 5039 1.
1537 4997 1569 5036 ια
