4080 6052
546 536 619 610 sss
933 520 1127 612 raucas
1153 538 1248 610 nas
1272 538 1606 617 reustum..

544 708 613 757 nec
632 679 805 786 capitulis
817 679 977 767 ordinis3
999 679 1177 757 credebat
1191 697 1318 756 tamen
1337 680 1444 786 quod
1458 680 1709 758 communiter
1723 708 1865 760 omnes
1879 686 1972 765 reci·

543 829 723 919 perentur
744 812 783 887 in
803 809 955 897 ordine,
980 810 1175 915 sicutipse
1198 809 1270 888 fuit
1288 828 1461 918 receptus
1478 841 1546 918 per
1564 813 1718 888 nauem
1737 814 1968 896 Maurellum

544 946 591 1023 de
609 947 741 1035 Belua,
759 961 850 1020 tunc
869 959 1128 1049 preceptorem
1147 942 1286 1021 domus
1302 924 1457 1049 Templi
1470 945 1518 1021 de
1536 943 1655 1022 Salice
1670 970 1789 1051 super
1803 949 1963 1044 Yonem,

542 1079 580 1153 in
603 1076 744 1182 capella
764 1075 862 1153 dicte
880 1074 1034 1162 domus,
1055 1074 1253 1152 Dominica
1275 1091 1361 1179 post
1383 1071 1523 1152 festum
1546 1074 1646 1152 beati
1673 1074 1859 1170 Dionisii‚
1886 1079 1966 1158 late·

543 1226 625 1284 rant
645 1224 730 1284 ante
752 1207 968 1312 capcionem
991 1233 1124 1283 eorum
1139 1232 1192 1282 1111
1213 1205 1318 1294 anni,
1338 1205 1578 1310 presentibus
1595 1205 1778 1285 lintribus
1795 1208 1962 1289 Iohanne

542 1339 591 1415 de
610 1338 760 1428 Vallon,
778 1337 948 1415 Jobanne
968 1337 1017 1412 de
1032 1335 1232 1429 Monestal,
1253 1336 1426 1413 Jobanne
1440 1337 1580 1415 Ptsoon
1597 1354 1635 1415 et
1651 1337 1863 1418 Guillelmo
1874 1338 1964 1422 Gau·

542 1470 642 1558 cher,
659 1466 877 1554 Vincencio,
890 1466 997 1572 cujus
1011 1493 1220 1572 cognomen
1236 1466 1426 1574 ingnorat,
1445 1484 1482 1544 et
1495 1469 1669 1546 Johanne
1689 1469 1738 1547 de
1754 1471 1877 1571 Sellin
1891 1500 1963 1551 ser·

541 1597 747 1684 viantibus,
764 1596 844 1703 jam
864 1595 1066 1688 defunctis,
1088 1597 1128 1672 in
1149 1596 1260 1703 cujus
1279 1598 1499 1704 recepcione
1527 1600 1619 1677 dixit
1642 1597 1758 1677 luisse
1769 1621 1961 1681 servamur

542 1731 642 1807 hunc
662 1728 833 1804 modum.
856 1728 948 1803 Nam
972 1754 1058 1803 cum
1082 1726 1257 1832 peciisset
1275 1754 1411 1834 panem
1432 1746 1471 1805 et
1488 1755 1641 1836 aquam,
1658 1729 1903 1825 etiustasset,
1922 1752 1961 1813 et

539 1878 710 1966 receptor
730 1876 768 1935 et
788 1858 876 1934 dicti
897 1855 1029 1935 fratres
1048 1876 1174 1936 essent
1192 1858 1289 1936 intra
1309 1860 1446 1937 dictam
1464 1861 1644 1967 capellam
1661 1861 1872 1940 adinvicem
1886 1864 1962 1942 eol·

539 1992 672 2081 locuti,
692 1990 794 2098 venit
811 1988 860 2065 ad
883 2016 971 2065 eum
993 1989 1185 2094 predictus
1204 1988 1318 2066 frater
1334 1992 1525 2069 lohannes
1545 1993 1593 2069 de
1611 1991 1875 2084 Moneantur
1893 1995 1961 2074 sibi

539 2122 698 2207 videtur,
721 2137 759 2196 et
774 2119 981 2196 introduxit
995 2121 1134 2197 eumin
1146 2120 1298 2227 capella.
1314 2122 1361 2197 Et
1380 2121 1503 2199 dictus
1517 2139 1725 2228 preceptor,
1741 2125 1960 2204 auctoritate

539 2253 737 2329 visitatoris
750 2251 920 2339 Francia,
937 2253 1078 2357 recepit
1094 2279 1199 2340 enm,
1216 2267 1256 2329 et
1270 2252 1436 2359 inposuit
1453 2253 1524 2330 sibi
1543 2252 1767 2331 mantellum
1786 2273 1826 2335 et
1845 2255 1961 2334 birre-

536 2401 636 2470 tum,
657 2382 746 2490 quia
766 2399 845 2458 erat
868 2380 1070 2485 presbiter;
1095 2382 1262 2459 sednon
1281 2380 1355 2460 luit
1378 2410 1466 2460 eum
1489 2382 1689 2461 osculatus.
1714 2386 1960 2465 Postmodum

537 2515 625 2591 lecit
642 2538 731 2590 eum
752 2540 885 2590 vovere
911 2512 1133 2605 castitatem,
1158 2529 1197 2590 et
1218 2512 1341 2589 vivere
1360 2514 1441 2589 sine
1460 2514 1632 2621 proprio,
1650 2530 1689 2591 et
1697 2515 1831 2621 jurare
1850 2544 1961 2624 super

537 2645 730 2751 quoddam
751 2642 898 2720 missale
918 2642 1023 2747 quod
1044 2661 1141 2720 esset
1160 2642 1344 2721 obediens
1366 2645 1551 2750 preceptis
1572 2645 1713 2723 domus
1736 2646 1902 2753 Templi,
1924 2665 1960 2725 et

536 2776 640 2880 quod
663 2803 739 2852 non
761 2773 958 2850 revelleret
976 2791 1118 2851 secreta
1137 2796 1282 2851 eornm.
1306 2774 1553 2851 Postmodum
1573 2772 1688 2880 peciit
1705 2775 1755 2853 ab
1775 2803 1820 2853 eo
1835 2776 1957 2854 dictus

538 2921 707 3008 receptor
726 2905 756 2979 si
777 2903 951 2981 credebat
971 2904 1011 2980 in
1030 2904 1174 2991 Deum,
1196 2904 1332 3010 etipse
1354 2904 1550 3010 respondit
1569 2904 1676 3010 quod
1700 2905 1770 2997 sic,
1793 2921 1831 2981 et
1851 2906 1957 3012 quod

536 3033 633 3107 bene
659 3032 796 3108 sciebat
817 3034 922 3137 quod
945 3034 1131 3112 Dominus
1151 3051 1280 3112 noster
1298 3036 1436 3112 Jhesus
1452 3035 1627 3113 Christus
1645 3033 1769 3113 luerat
1786 3052 1957 3115 mortuus

535 3189 604 3268 pro
620 3161 746 3249 nobis,
769 3179 806 3238 et
821 3181 949 3267 aperto
970 3164 1070 3241 dicto
1091 3165 1231 3241 missali
1253 3181 1290 3242 et
1303 3166 1479 3243 hostensa
1493 3165 1666 3272 ymagine
1688 3167 1865 3244 Crucifiri
1885 3194 1958 3274 qne

537 3311 614 3369 erat
642 3294 679 3368 in
708 3293 808 3368 dicto
831 3292 989 3381 missali,
1019 3294 1212 3398 predictus
1235 3312 1433 3401 preceptor
1452 3295 1544 3371 dixit
1567 3297 1601 3371 ei
1626 3296 1731 3402 quod
1758 3294 1960 3402 abnegaret

535 3424 675 3508 Deum,
699 3441 736 3498 et
753 3425 858 3529 quod
878 3441 1030 3528 spueret
1050 3452 1163 3529 super
1183 3425 1319 3500 dictam
1340 3427 1569 3531 ymaginem,
1590 3444 1629 3503 et
1652 3427 1728 3531 ipse
1752 3426 1858 3500 testis
1882 3425 1955 3501 suit

535 3582 577 3627 ex
600 3554 672 3628 hiis
692 3552 857 3629 multum
877 3552 1050 3629 turbatus
1071 3570 1109 3628 et
1126 3543 1369 3657 stupefactus,¹
1388 3572 1432 3630 ut
1452 3555 1560 3642 dixit3
1585 3554 1649 3631 sed
1668 3552 1840 3641 finaliter,
1861 3556 1954 3658 quia

533 3684 699 3788 precepit
719 3684 751 3757 ei
773 3683 877 3788 quod
899 3683 971 3759 hoc
993 3683 1131 3758 faceret
1153 3684 1192 3758 in
1213 3684 1349 3762 virtute
1369 3683 1575 3791 juramenti
1595 3680 1736 3789 prestiti
1754 3708 1825 3787 per
1845 3709 1952 3778 eum,

532 3812 728 3919 abnegavit
752 3840 816 3890 ore
838 3841 914 3888 non
931 3813 1060 3899 corde,
1083 3830 1121 3889 et
1143 3815 1244 3919 spuit
1268 3842 1344 3890 non
1366 3814 1636 3920 supradictam
1655 3811 1869 3921 ymaginem
1890 3813 1955 3890 sed

527 3945 643 4049 juxta.
658 3944 759 4020 Dixit
775 3944 808 4021 ei
823 3945 976 4050 insuper
992 3945 1114 4020 dictus
1129 3962 1300 4050 receptor
1313 3946 1435 4052 quod,
1453 3944 1663 4022 secundum
1677 3943 1952 4020 observanciam

531 4077 689 4164 ordinis,
710 4075 872 4152 debebat
891 4104 981 4152 eum
1001 4076 1160 4152 osculari
1181 4076 1220 4151 in
1247 4077 1359 4153 dorso
1380 4104 1493 4181 super
1515 4104 1666 4152 carnem
1688 4075 1850 4166 nudam,
1873 4075 1949 4165 sed,

530 4207 617 4310 quia
629 4224 708 4282 erat
717 4206 913 4312 presbiter,
925 4206 1140 4283 remittebat
1150 4207 1184 4282 ei
1196 4205 1368 4282 osculum
1382 4206 1651 4310 supradictum.
1668 4206 1776 4291 Item,
1789 4204 1951 4311 precepit

531 4334 651 4412 dictus
670 4354 841 4441 receptor
860 4336 981 4443 quod,
1003 4336 1156 4442 quando
1176 4335 1396 4423 celebraret,
1419 4362 1495 4410 non
1513 4334 1780 4412 diceretverba
1797 4360 1950 4440 perque

530 4464 572 4541 fit
592 4467 824 4543 consecracio
842 4484 880 4542 et
900 4451 1080 4542 conlectio
1101 4464 1335 4555 sacramenti,
1350 4466 1418 4542 sed
1437 4493 1514 4540 non
1535 4464 1830 4571 declaravitque
1851 4479 1950 4540 erant

531 4592 592 4668 illa
611 4595 734 4672 verba.
757 4598 803 4671 Et
823 4625 867 4672 ex
880 4596 952 4671 hoc
971 4595 1087 4671 eciam
1108 4594 1180 4672 luit
1198 4597 1277 4701 ipse
1297 4594 1402 4672 testis
1421 4594 1630 4698 plurimum
1650 4592 1893 4699 stupefactus,
1909 4608 1948 4668 ut

531 4716 639 4806 dixit,
663 4740 699 4798 et
720 4723 899 4801 abstinuit
918 4726 1182 4803 a·celebrando
1203 4753 1271 4833 per
1296 4728 1393 4803 duos
1412 4725 1492 4802 dies
1511 4742 1729 4831 sequentes,
1750 4740 1838 4830 post
1858 4748 1946 4831 quos

528 4848 601 4927 suit
624 4852 671 4928 de
695 4852 872 4957 predictis
896 4856 1073 4933 omnibus
1096 4857 1286 4935 confessus
1319 4855 1420 4931 fratri
1448 4853 1617 4935 Gerardo
1639 4857 1686 4933 de
1712 4855 1871 4945 Pruino,
1896 4853 1947 4930 le·
