4080 6052
517 537 558 605 12
647 480 653 495 ’
896 506 1540 600 raocnsnasrnuenmas

509 689 699 770 notarium
719 705 757 764 et
775 687 982 765 Johannem
1002 685 1306 762 archidiaconum
1328 685 1596 764 Tridentinnm
1624 703 1804 797 tanquam
1830 721 1932 774 com-

511 821 699 899 missarios
718 818 894 897 antedicti
908 817 1088 926 prepositi
1102 815 1288 922 Aquensis
1301 845 1369 893 seu
1383 816 1648 925 subdelegatos
1664 821 1710 898 ab
1727 850 1789 912 eo,
1805 855 1929 934 neque

511 952 608 1029 sicut
633 949 977 1029 concommissarios
995 976 1063 1027 seu
1082 946 1345 1054 subdelegatos
1365 947 1535 1055 ejusdem
1550 953 1731 1058 prepositi
1745 954 1930 1064 Aquensis

511 1081 713 1186 procedere
734 1109 820 1158 cum
841 1078 994 1156 eisdem.

566 1322 746 1427 Postque
770 1319 975 1427 supradicti
1001 1320 1146 1412 domini
1166 1321 1409 1399 commissarii
1431 1338 1469 1400 et
1488 1319 1647 1429 college,
1675 1323 1845 1432 diligenti
1870 1328 1930 1407 de-

510 1449 735 1530 liberacione
755 1451 855 1527 inter
869 1479 908 1527 se
923 1450 1066 1539 habita,
1084 1449 1330 1527 decreverunt
1344 1451 1558 1556 predictum
1573 1452 1745 1530 ordinem
1759 1457 1926 1563 Templi,

509 1579 640 1659 fratres
660 1580 831 1690 ejusdem
851 1580 994 1658 ordinis
1014 1597 1052 1657 et
1071 1608 1202 1658 omnes
1222 1580 1314 1659 alios
1335 1582 1557 1674 evocandos,
1573 1581 1652 1661 lore
1673 1583 1841 1664 citandos
1859 1616 1929 1693 per

508 1728 632 1790 totum
658 1739 817 1818 regnum
844 1711 1016 1799 Francia,
1043 1739 1112 1816 per
1136 1739 1269 1788 eorum
1295 1711 1494 1817 publicum
1522 1714 1712 1795 eitacionis
1741 1716 1926 1808 edictum,

509 1844 616 1952 cujus
636 1842 748 1920 edicti
767 1860 877 1921 tenor
896 1842 1068 1948 sequitur
1087 1843 1127 1918 in
1146 1842 1250 1919 hunc
1268 1844 1455 1921 modum:
1611 1842 1615 1849 ’

561 1973 848 2054 Venerabilibus
867 1974 907 2051 in
927 1973 1077 2052 Christo
1096 1974 1282 2081 patribus,
1304 1975 1468 2054 dominis
1486 1976 1558 2056 Dei
1582 1981 1786 2085 gracia.....‚
1806 1981 1925 2058 archi-

507 2104 681 2210 episcopo
694 2106 919 2194 Senonensi,
932 2124 970 2185 et
980 2107 1062 2214 ejus
1071 2106 1329 2213 suffraganeis,
1340 2107 1484 2184 vicariis
1495 2125 1533 2184 et
1543 2107 1766 2186 officialibus
1777 2139 1928 2191 eorum-

507 2232 612 2324 dem,
642 2236 886 2314 miseracione
907 2237 1079 2345 ejusdem
1094 2238 1395 2346 archiepiscopus
1413 2236 1679 2329 Narbonensis,
1696 2239 1924 2344 Bajocensis,

505 2365 780 2444 Lemovicensis
800 2385 838 2444 et
858 2369 1090 2447 Mimatensis
1110 2370 1290 2477 episcopi,
1314 2397 1384 2444 nec
1405 2398 1483 2456 non
1502 2367 1676 2444 Matheus
1695 2369 1743 2442 de
1771 2370 1926 2474 Neapoli

503 2494 654 2602 majoris
670 2495 788 2574 Calcti
803 2498 1114 2603 Rothomagensis
1131 2500 1231 2576 sedis
1247 2495 1448 2600 apostolice
1468 2495 1653 2582 notarius,
1682 2512 1720 2571 et
1736 2495 1924 2574 Johannes

503 2620 549 2699 de
570 2626 723 2703 Mantua
743 2624 984 2713 Tridentine,
1007 2640 1046 2698 ct
1064 2624 1254 2698 Johannes
1283 2621 1330 2697 de
1352 2622 1480 2697 Monte
1500 2622 1623 2700 Lauro
1653 2625 1925 2730 Magalonensis

503 2752 743 2830 ecclesiarum
755 2751 1023 2837 archidiaconi,
1035 2778 1112 2825 una
1122 2777 1209 2825 cum
1218 2749 1421 2825 venerabili
1432 2752 1511 2828 viro
1519 2753 1696 2858 magistro
1716 2753 1922 2832 Guillelmo

502 2879 639 2983 Agarni
666 2879 832 2986 Aquensi
860 2879 1068 2986 preposito,
1096 2877 1279 2985 legittime
1317 2898 1503 2970 excusato,
1533 2911 1620 2958 cum
1648 2883 1711 2959 illa
1738 2885 1920 2972 clausula,

502 3009 623 3102 Quod·
633 3012 663 3088 si
681 3039 758 3089 non
776 3038 922 3103 omnes,
945 3026 1013 3086 etc.
1033 3010 1081 3087 ad
1098 3008 1329 3118 infrascripta
1347 3039 1416 3115 per
1431 3012 1561 3089 sedem
1579 3013 1818 3118 apostolicam
1838 3042 1923 3120 spe-

503 3139 645 3218 cialiter
663 3141 849 3249 deputati,
866 3140 1026 3220 salutem
1046 3141 1085 3217 in
1104 3140 1287 3227 Domino,
1305 3158 1342 3217 et
1361 3138 1545 3219 mandatis
1566 3143 1777 3248 apostolicis
1795 3144 1923 3222 humi-

501 3270 598 3358 liter,
614 3290 827 3351 reverenter
841 3289 879 3350 et
892 3271 1053 3349 firmiter
1072 3270 1239 3349 obedire.
1256 3271 1316 3347 Ad
1328 3289 1487 3349 vestram
1508 3290 1545 3349 et
1557 3300 1653 3377 pene
1670 3273 1841 3349 omnium
1855 3302 1923 3352 no·

500 3400 626 3478 ticiam
653 3404 843 3481 eredimus
870 3401 1081 3510 pervenisse
1112 3399 1272 3505 qualiter
1298 3401 1552 3478 sanctissimus
1573 3400 1613 3476 in
1645 3401 1795 3479 Christo
1815 3418 1922 3507 pater

502 3548 539 3606 et
554 3531 730 3611 dominus
745 3550 883 3620 noster,
900 3532 1077 3610 dominus
1091 3529 1283 3616 Clemens,
1302 3531 1426 3607 divina
1445 3531 1684 3636 providencia
1697 3532 1796 3637 Papa
1810 3532 1922 3638 quin-

499 3677 576 3751 tus,
599 3663 798 3771 apostasie,
824 3663 982 3752 heresis,
1008 3661 1191 3770 ydolatrie
1220 3678 1257 3737 et
1280 3661 1351 3738 alia
1371 3660 1513 3768 gravia,
1543 3689 1585 3737 ac
1612 3662 1779 3738 enormia
1801 3681 1839 3739 et
1857 3692 1922 3741 ne-

498 3792 650 3896 phanda
673 3793 851 3883 facinora,
872 3791 1315 3899 contraTemplariorum
1335 3790 1467 3868 fratres
1488 3808 1525 3867 et
1549 3788 1722 3867 ordinem
1742 3821 1812 3870 suo
1834 3822 1921 3900 apo-

499 3924 650 4002 stolatui
675 3926 836 4030 clamore
855 3925 977 4003 valido
998 3942 1036 4001 et
1053 3923 1205 4031 publica
1224 3951 1266 3998 ac
1283 3918 1440 4027 creblrla
1468 3919 1619 3997 infamia
1644 3922 1835 4011 nunciata,
1859 3953 1921 4002 oc-

501 4053 594 4130 culis
621 4056 806 4164 noquiens
832 4054 1116 4135 conniventibus
1134 4051 1374 4159 pertransire,
1402 4049 1469 4128 sed
1494 4049 1724 4127 descendens
1749 4052 1919 4156 exemplo

367 4233 370 4239 >
500 4183 655 4262 Domini
666 4189 837 4266 etvidere
848 4218 890 4267 ac
899 4188 1058 4296 experiri
1069 4187 1198 4266 volens
1210 4183 1242 4262 si
1253 4181 1590 4290 clamoremquiad
1604 4209 1691 4259 eum
1700 4202 1921 4286 pervenerat

502 4342 614 4419 opere
636 4332 929 4422 perpetrassent,
953 4332 1080 4393 vocata
1100 4334 1137 4391 et
1162 4315 1273 4392 ascita
1298 4342 1423 4391 coram
1444 4313 1526 4417 ipso
1551 4327 1590 4387 et
1613 4310 1694 4416 ejus
1713 4337 1816 4387 sacro
1842 4311 1921 4389 col-

499 4443 597 4552 legio
618 4446 664 4525 de
680 4447 886 4556 majoribus
905 4444 1160 4525 mediocribus
1182 4443 1444 4523 etminoribus
1466 4440 1557 4517 dicti
1578 4440 1721 4518 ordinis
1745 4440 1919 4520 multitu-

500 4574 588 4650 dine
604 4577 770 4680 copiosa,
785 4578 924 4681 incepit
937 4604 1057 4685 perse
1071 4575 1196 4682 ipsum
1211 4605 1253 4652 ac
1267 4574 1450 4682 quosdam
1464 4570 1596 4649 fratres
1610 4599 1699 4648 suos
1715 4572 1920 4651 cardinales

500 4705 691 4813 inquirere
709 4722 835 4784 contra
853 4734 928 4784 cos.
947 4709 994 4783 Et
1010 4707 1099 4816 quia
1116 4707 1155 4783 in
1176 4705 1357 4784 universis
1376 4703 1510 4783 mundi
1531 4702 1718 4809 partibus,
1738 4731 1807 4808 per
1825 4731 1919 4809 quas

500 4835 602 4915 idern
626 4837 720 4917 ordo
747 4837 974 4917 diffunditur
991 4867 1034 4917 ac
1052 4838 1183 4917 fratres
1203 4837 1345 4946 degunt
1363 4836 1496 4945 ipsius,
1519 4862 1633 4939 super
1654 4833 1728 4911 hiis
1753 4861 1830 4910 non
1849 4862 1918 4939 po-
