4080 6052
692 515 890 607 ruocts
916 533 1339 608 nssrnurmsus
1651 543 1724 613 sos

311 700 350 758 se
367 679 548 784 recepisse
568 704 637 785 per
651 703 700 757 un
718 674 942 753 mensesvel
962 675 1058 783 eirea
1076 693 1159 753 ante
1178 677 1393 784 capcionem
1406 678 1724 782 Templariorum,

310 811 547 918 presentibus
576 807 754 885 fratribus
785 806 936 886 Matheo
966 806 1013 884 de
1038 807 1211 916 Telleyo,
1239 810 1294 884 P..
1309 809 1361 884 dev
1386 809 1510 885 Lonso
1538 809 1729 885 servienti-

308 943 396 1032 bus,
419 959 457 1018 et
485 939 641 1045 Daniele
673 941 720 1016 de
749 938 898 1015 Parisiis
917 936 1146 1044 presbitero,
1173 938 1455 1045 superstitibus3
1482 940 1529 1015 de
1553 940 1728 1046 pluribus

309 1075 401 1152 dixit
415 1102 454 1150 se
474 1102 553 1176 non
567 1071 768 1150 recordari.
789 1069 1005 1176 Requisitus
1019 1070 1049 1147 si
1070 1069 1109 1146 in
1124 1071 1341 1175 reccpcionc
1353 1072 1550 1147 'dictorum
1567 1071 1726 1148 fratrum

309 1205 410 1282 Petri
440 1222 478 1282 et
503 1202 631 1281 Jacobi
657 1202 780 1278 hisrau
795 1200 942 1308 ‚aliquid
971 1200 1098 1277 illicite
1124 1218 1250 1277 actum
1276 1229 1344 1308 per
1364 1229 1453 1277 eum
1471 1201 1529 1276 vel
1553 1229 1724 1309 percos,

310 1335 505 1441 respondit
531 1335 635 1442 quod
659 1333 697 1407 in
722 1332 940 1437 recepcione
965 1331 1055 1408 dicti
1080 1330 1203 1408 lratris
1227 1332 1327 1407 Petri
1355 1331 1471 1406 nichil
1501 1330 1573 1407 luit
1598 1332 1726 1410 illicite

258 1451 259 1454 Ἴ
310 1483 454 1557 actum,
477 1495 545 1541 nec
563 1463 797 1570 proponebat
817 1462 939 1539 dictus
957 1479 1129 1566 receptor
1149 1491 1255 1552 eum,
1275 1478 1319 1536 nt
1334 1460 1440 1553 dixit,
1460 1461 1580 1539 lacere
1600 1463 1725 1540 Deum

309 1596 511 1702 abnegare3
538 1596 605 1671 sed
632 1595 875 1701 postmodum
904 1591 1038 1698 elapsis
1061 1591 1183 1668 tribus
1207 1591 1420 1679 mensibus,
1440 1592 1499 1669 vel
1528 1592 1638 1680 circa,
1665 1622 1727 1670 su-

307 1726 477 1830 pervenit
495 1724 608 1802 frater
625 1724 816 1804 Gerardus
836 1725 882 1800 de
895 1721 1116 1810 Villaribus,
1135 1723 1201 1828 qui
1220 1720 1342 1798 luerat
1360 1738 1556 1827 preceptor
1568 1723 1726 1801 firmiter

309 1873 345 1932 et
365 1874 444 1932 erat
467 1884 624 1964 magnus
647 1855 764 1931 homo
789 1855 829 1930 in
857 1855 958 1931 dicto
983 1853 1136 1940 ordine,
1165 1870 1202 1928 et
1226 1850 1393 1928 multum
1414 1852 1655 1928 reverebatur
1680 1854 1727 1929 ab
1755 1919 1760 1927 .

309 1986 406 2076 aliis,
422 2004 466 2062 ut
485 1987 593 2074 dixit,
615 1987 680 2092 qui
700 1985 876 2091 peciitab
896 1986 978 2092 ipso
997 2003 1189 2091 receptore
1206 1985 1235 2061 si
1255 1981 1393 2059 fecerat
1413 1985 1557 2060 dictum
1574 1983 1725 2060 fratrem

310 2119 463 2192 Petrum
483 2118 666 2221 abnegare
683 2116 876 2193 Christum
894 2133 934 2192 et
951 2144 1086 2221 spuere
1106 2144 1221 2220 super
1238 2130 1387 2191 erucem
1408 2133 1447 2191 et
1463 2115 1587 2191 oscula
1605 2115 1726 2192 lacere

310 2247 523 2335 inhonesta3
542 2262 581 2322 et
606 2228 691 2321 cum
716 2245 795 2351 ipse
812 2245 918 2321 testis
937 2246 1191 2348 respondisset
1206 2246 1312 2349 qnod
1331 2272 1426 2329 non,
1448 2245 1542 2320 dixit
1565 2245 1600 2322 ei
1624 2275 1726 2323 com—

309 2377 488 2454 minando
511 2376 616 2483 quod
640 2375 772 2451 exinde
792 2391 919 2480 posset
938 2374 1110 2449 incurere
1128 2401 1307 2478 magnum
1330 2374 1553 2477 dampnum,
1575 2394 1728 2480 propter

311 2507 415 2612 qnod
434 2506 507 2583 cito
532 2522 659 2611 posset
683 2506 819 2580 dictam
839 2502 1174 2609 reprehensionem
1196 2504 1301 2607 (sich
1322 2502 1389 2578 sed
1413 2530 1490 2578 non
1510 2505 1728 2580 recordatur

308 2666 382 2742 qua
398 2637 459 2714 die
475 2637 598 2713 dictus
615 2635 720 2712 testis
739 2634 906 2738 precepit
922 2633 1021 2710 dicto
1039 2631 1142 2709 fratri
1159 2635 1268 2708 Petro
1283 2633 1388 2739 quod
1404 2633 1605 2740 abnegaret
1618 2635 1729 2741 Chri-

307 2784 424 2859 stum,
443 2767 532 2874 quia
551 2768 623 2843 hoc
644 2783 723 2842 erat
745 2763 960 2841 laciendum
980 2763 1189 2840 secundum
1210 2764 1488 2841 observanciam
1508 2765 1666 2855 ordinis,
1689 2784 1727 2841 et

306 2899 412 3004 quod
426 2899 544 2976 eciam
559 2895 721 2973 debebat
731 2923 866 2999 spuere
881 2923 993 2999 supra
1008 2920 1154 2969 crucem
1173 2909 1213 2969 et
1223 2893 1344 2970 lacere
1359 2895 1484 2971 oscula
1499 2895 1721 3000 supradicta,

307 3029 446 3135 dequo
461 3027 564 3104 idem
579 3025 692 3103 frater
705 3027 838 3101 Petrus
853 3023 925 3100 fuit
939 3023 1103 3100 multum
1119 3022 1364 3129 stupefactus,
1384 3026 1512 3102 dicens
1529 3027 1602 3132 ipsi
1616 3029 1722 3105 testi:

306 3157 495 3235 Dimitatis
514 3185 577 3232 me
595 3157 634 3231 in
654 3182 755 3260 pace.
777 3153 957 3230 Finaliter
975 3171 1101 3231 tamen
1121 3154 1169 3230 ad
1189 3156 1278 3260 ejus
1290 3157 1510 3235 mandatum
1531 3155 1734 3265 abnegavit

307 3286 515 3378 Christum,
536 3315 612 3392 quo
634 3285 730 3362 lacto
750 3313 826 3362 non
846 3285 987 3361 curavit
1000 3285 1102 3362 idem
1116 3285 1223 3362 testis
1241 3285 1347 3392 quod
1372 3287 1442 3363 alia
1461 3288 1597 3364 fierent
1615 3289 1724 3365 inho-

305 3434 427 3505 nesta;
442 3417 536 3494 dixit
549 3435 675 3494 autem
691 3446 731 3494 se
745 3444 822 3493 non
837 3417 1026 3494 recordari
1040 3416 1201 3522 precisse
1215 3417 1254 3492 in
1264 3444 1341 3522 quo
1353 3417 1437 3494 loco
1451 3434 1556 3494 erant
1569 3418 1723 3523 quando

305 3545 376 3623 luit
402 3547 495 3627 lacta
520 3549 619 3625 dicta
643 3549 865 3655 abnegaci03
892 3545 1071 3624 credebat
1090 3564 1218 3624 tamen
1245 3548 1348 3652 quod
1375 3565 1498 3626 essent
1522 3549 1560 3623 in
1585 3550 1724 3654 campis

305 3706 414 3753 causa
442 3678 489 3785 [l]
522 3679 726 3782 spaciandi,
752 3679 813 3756 vel
836 3678 876 3754 in
903 3676 988 3754 aula
1016 3678 1114 3754 dicte
1142 3678 1278 3755 domus
1306 3678 1353 3753 de
1381 3679 1509 3756 Monte
1536 3678 1662 3763 Boini,
1685 3697 1722 3756 et

306 3821 412 3881 erant
426 3806 537 3884 ambo
555 3808 637 3883 soli.
654 3808 696 3883 ln
712 3809 931 3913 reccpcione
947 3825 1074 3884 autem
1089 3807 1179 3884 dicti
1195 3807 1319 3884 fratris
1332 3809 1477 3896 Jacobi,
1498 3809 1590 3885 dixit
1608 3808 1721 3886 fuisse

306 3953 447 4011 servata
466 3934 620 4041 illaque
640 3965 753 4040 supra
777 3939 953 4041 deposuit
970 3937 1085 4014 luisse
1105 3936 1200 4014 lacta
1224 3938 1263 4014 in
1288 3939 1507 4042 recepcione
1532 3967 1616 4030 sua,
1637 3939 1722 4044 plu·

306 4093 365 4141 res
387 4065 478 4141 dixit
496 4094 536 4143 se
556 4094 633 4143 non
653 4067 860 4171 recepisse,
874 4094 943 4142 nec
967 4066 1128 4142 aliorum
1153 4096 1268 4173 quam
1293 4095 1404 4172 supra
1425 4068 1601 4173 deposuit
1618 4096 1722 4147 rece·

305 4196 504 4299 pcionibus
530 4194 743 4274 interfuisse
763 4197 868 4302 quod
887 4197 1117 4273 recordetur.

362 4327 472 4419 ltem,
494 4326 696 4432 requisitus
713 4325 743 4402 si
763 4325 954 4431 predictus
972 4327 1111 4404 modus
1129 4328 1358 4430 reeepcionis
1378 4344 1542 4405 servatus
1559 4329 1597 4403 in
1618 4357 1662 4406 eo
1684 4347 1722 4406 et

304 4482 372 4557 per
392 4482 480 4530 eum
506 4455 722 4532 servabatur
740 4456 995 4541 communiter
1013 4456 1053 4532 in
1072 4473 1152 4534 toto
1181 4456 1313 4533 ordine
1344 4476 1382 4534 et
1401 4487 1422 4534 a
1442 4457 1573 4564 majori
1599 4476 1718 4564 parte,

304 4585 499 4688 respondit
517 4587 728 4690 quodante
749 4588 965 4693 capcionem
985 4615 1118 4665 eorum
1145 4587 1322 4665 credebat
1337 4590 1441 4695 quod
1461 4617 1538 4666 non
1558 4616 1720 4666 servare-

303 4731 367 4789 tur
388 4715 426 4789 in
446 4731 527 4793 toto
544 4717 694 4804 ordine,
713 4719 781 4794 sed
801 4718 931 4795 audito
951 4719 1057 4824 quod
1075 4747 1235 4825 magnus
1260 4719 1434 4826 Magister
1454 4736 1491 4795 et
1512 4719 1573 4794 alii
1593 4748 1721 4826 prece-

304 4860 430 4947 ptores
455 4846 544 4922 dicti
570 4846 713 4924 ordinis
732 4848 890 4927 confessi
907 4839 1243 4954 hierantpredicta
1263 4876 1407 4928 servare
1427 4850 1466 4926 in
1488 4867 1570 4927 toto
1585 4851 1718 4928 ordine
