4148 6052
331 563 405 635 aas
716 539 910 662 moces
935 557 1030 630 uns
1057 557 1359 631 rannerius.

329 704 391 779 lati
415 702 453 776 in
473 728 549 777 ore.
569 701 657 791 Quo
677 699 795 789 sacto,
810 677 934 776 dictus
951 715 1122 804 receptor
1137 701 1306 805 precepit
1323 699 1395 806 ipsi
1415 699 1521 787 testi,
1541 698 1584 773 in
1602 726 1761 805 presen-

329 834 384 908 cia
404 831 584 920 aliorum,
608 830 711 936 quod
730 830 931 935 abnegaret
950 828 1098 919 Deum3
1116 845 1156 905 et
1173 836 1261 905 'cum
1281 829 1362 935 ipse
1380 829 1487 905 testis
1506 847 1607 906 esset
1625 848 1757 937 stupe·

327 963 446 1040 laetus
467 977 505 1038 et
522 962 730 1048 resisteret,
751 961 874 1037 dictus
889 976 1061 1066 receptor
1076 958 1169 1036 dixit
1186 960 1220 1036 ei
1239 949 1346 1065 quod
1361 961 1433 1037 hoc
1447 960 1647 1066 oportebat
1661 990 1752 1038 eum

329 1096 469 1185 lacere,
487 1090 575 1196 quia
588 1092 676 1168 talia
692 1110 797 1168 erant
814 1109 952 1196 puncta
966 1090 1132 1178 ordinis;
1149 1109 1188 1167 et
1201 1109 1295 1168 tunc
1315 1092 1394 1197 ipse
1410 1090 1534 1176 testis,
1558 1091 1694 1168 dolens
1713 1110 1755 1169 et

327 1226 459 1314 tristis,
480 1242 523 1300 ut
539 1223 648 1311 dixit,
666 1222 861 1329 abnegavit
876 1223 1000 1298 Deum
1012 1250 1077 1299 ore
1093 1250 1171 1298 non
1186 1222 1311 1299 corde.
1332 1220 1503 1327 Precepit
1517 1223 1635 1298 eciam
1651 1224 1755 1300 dicto

326 1358 412 1433 testi
435 1357 537 1432 idem
567 1371 737 1459 receptor
757 1352 861 1458 quod
886 1368 1037 1458 spueret
1063 1380 1174 1458 supra
1199 1352 1405 1458 quamdam
1422 1380 1573 1429 crucem
1590 1352 1755 1460 ligneam

329 1486 471 1563 ibidem
495 1486 675 1590 positam,
700 1485 817 1560 nescit
832 1510 899 1587 per
915 1510 1031 1587 quem
1051 1479 1219 1572 allatam,
1236 1483 1276 1558 in
1292 1511 1367 1588 qua
1382 1481 1485 1559 nulla
1507 1500 1586 1559 erat
1600 1511 1752 1590 ymago,

329 1617 432 1720 quod
454 1616 531 1722 ipse
551 1613 788 1704 recordetur3
815 1630 853 1689 et
877 1641 963 1688 cum
987 1612 1091 1688 idem
1113 1613 1220 1689 testis
1243 1613 1359 1689 eciam
1384 1615 1458 1690 boc
1479 1615 1752 1691 contradiceret

328 1747 468 1832 facere,
501 1745 601 1821 dicto
626 1761 819 1848 receptore
844 1762 1031 1820 asserente
1053 1744 1157 1849 quod
1182 1742 1269 1819 talia
1294 1760 1401 1821 erant
1421 1761 1556 1850 puncta
1579 1744 1743 1835 ordinis,

327 1880 406 1983 ipse
432 1877 538 1952 testis
564 1874 663 1979 spuit
687 1902 763 1950 non
790 1902 898 1978 supra
926 1875 996 1951 sed
1010 1873 1115 1980 juxta
1144 1875 1283 1950 dictam
1311 1903 1473 1951 crucem.
1504 1875 1606 1953 Dixit
1631 1875 1746 1951 eciam

328 2009 453 2084 eidem
475 2009 561 2081 testi
587 2021 756 2108 receptor
775 2004 963 2110 predictus
985 2005 1108 2111 quod,
1135 2004 1164 2081 si
1193 2022 1406 2083 moveretur
1424 2006 1547 2083 calore
1570 2006 1747 2093 naturali,

327 2119 473 2243 poterat
489 2135 685 2210 carnaliter
700 2135 932 2211 commisceri
950 2133 1231 2212 cumfratribus
1251 2135 1413 2224 ordinis,
1435 2153 1473 2211 et
1494 2136 1564 2240 ipsi
1581 2162 1669 2210 curn
1687 2163 1748 2225 eo,

328 2266 536 2344 secundum
557 2281 691 2369 puncta
716 2264 878 2351 ordinis3
898 2265 975 2369 ipse
993 2281 1118 2342 tamen
1134 2293 1328 2371 nunquam
1348 2264 1436 2342 lecit
1451 2294 1521 2341 nec
1538 2264 1611 2342 luit
1624 2266 1751 2372 requi·

328 2400 440 2486 situs,
468 2424 536 2471 nec
553 2395 672 2471 credit
695 2395 797 2500 quod
818 2395 913 2471 illud
933 2413 1126 2500 peccatum
1146 2413 1426 2502 perpetraretur
1447 2396 1488 2471 in
1510 2396 1655 2472 ordine.
1679 2399 1750 2472 Re-

326 2526 486 2633 quisitus
510 2527 539 2603 si
562 2526 689 2629 aliqua
715 2524 784 2601 alia
808 2525 936 2602 illicita
956 2523 1112 2603 fuerunt
1138 2526 1209 2602 sibi
1236 2527 1334 2603 dicta
1354 2525 1411 2602 vel
1435 2525 1529 2603 lacta
1551 2555 1620 2632 per
1639 2554 1746 2615 eum,

327 2656 521 2763 respondit
540 2657 644 2762 qood
665 2684 758 2742 nom
781 2654 929 2732 videtur
950 2658 1067 2734 eciam
1088 2658 1159 2732 sibi
1183 2674 1220 2733 et
1242 2657 1361 2733 credit
1376 2656 1478 2764 quod
1499 2656 1597 2733 dicta
1618 2655 1748 2733 illicita

320 2762 394 2893 'per
408 2817 495 2865 eum
507 2787 710 2864 consessata
719 2785 872 2862 fuerunt
882 2786 978 2862 dicta
991 2803 1028 2863 et
1040 2804 1213 2893 precepta
1223 2787 1279 2863 illi
1293 2787 1399 2864 alteri
1412 2787 1473 2892 qui
1486 2786 1558 2862 lirit
1571 2804 1746 2890 receptus

326 2948 414 2995 cum
430 2947 476 2994 eo
492 2936 530 2994 et
546 2915 638 2994 facta
654 2945 721 3022 per
734 2944 833 2992 eum.
850 2917 1057 3021 Respondit
1069 2917 1185 2993 eciam
1205 2917 1407 3023 requisitus
1422 2944 1460 2994 se
1472 2917 1624 2992 credere
1637 2918 1746 3023 quod

327 3048 388 3122 alii
409 3049 661 3124 communiter
673 3046 932 3152 reciperentur
948 3047 989 3122 in
1009 3048 1144 3124 ordine
1161 3077 1229 3153 per
1248 3048 1406 3125 modum
1424 3048 1532 3124 illum
1551 3076 1746 3154 perquem

328 3176 501 3281 deposuit
526 3204 564 3250 se
585 3173 698 3250 luisse
719 3193 922 3280 receptum.
946 3178 1097 3254 Dictum
1122 3178 1192 3253 luit
1212 3180 1265 3254 eis
1290 3181 1394 3285 quod
1414 3178 1537 3254 statim
1563 3177 1748 3254 habeban

325 3324 388 3381 tur
402 3335 471 3411 pro
484 3304 679 3409 professis,
695 3323 732 3380 et
746 3307 850 3409 quod
866 3334 942 3381 non
961 3325 1133 3413 poterant
1152 3309 1250 3384 exire
1267 3308 1455 3384 ordinem.
1471 3306 1579 3384 Clam
1598 3309 1747 3413 recipie

324 3437 472 3526 bantur,
502 3436 615 3512 nullis
643 3436 880 3541 presentibus
909 3437 977 3512 nisi
1011 3436 1189 3514 fratribus
1219 3437 1374 3515 ordinis.
1409 3437 1588 3514 Cordulis
1620 3437 1744 3539 cinge-

324 3568 472 3658 bantur,
485 3597 576 3673 quas
591 3566 820 3672 recipiebant
835 3569 936 3644 unde
950 3567 1136 3645 volebant.
1152 3570 1239 3645 Fuit
1254 3568 1307 3645 eis
1322 3567 1534 3673 injunctum
1548 3565 1651 3671 quod
1663 3592 1738 3639 non

322 3699 531 3775 revelarent
548 3716 688 3774 secreta
711 3697 872 3787 ordinis,
895 3728 971 3775 non
994 3717 1121 3776 tamen
1138 3701 1370 3807 juraverunt.
1395 3701 1541 3775 Fratres
1562 3697 1628 3802 qui
1654 3697 1743 3771 scie·

322 3830 414 3907 bant
424 3857 570 3906 errores
583 3829 815 3936 negligentes
825 3828 989 3920 fuerunt,
1002 3830 1091 3936 quia
1104 3857 1181 3907 non
1194 3846 1435 3906 correxerunt
1445 3857 1510 3906 eos
1522 3857 1593 3904 uec
1606 3828 1744 3904 denon-

322 3963 511 4036 ciaverunt
530 3960 704 4037 Ecclesie.
732 3959 964 4036 Elemosinas
989 3979 1027 4036 et
1051 3961 1341 4068 hospitalitatem
1367 3961 1459 4035 vidit
1480 3960 1744 4036 convenienter

322 4092 402 4166 fieri
425 4109 463 4167 et
477 4091 610 4167 servari
633 4092 670 4164 in
692 4090 824 4166 ordine
846 4090 884 4165 in
908 4091 1086 4169 domibus
1103 4093 1141 4165 in
1161 4091 1301 4196 quibus
1320 4090 1393 4167 luit
1411 4108 1591 4166 moratus.
1614 4089 1743 4167 Credit

323 4223 427 4325 quod
449 4221 544 4297 illud
563 4222 668 4326 quod
685 4248 842 4326 magnus
864 4223 1038 4327 Magister
1061 4251 1147 4298 cum
1165 4239 1350 4298 conventu
1366 4221 1592 4310 ordinasset,
1615 4219 1743 4297 luisset

323 4369 507 4428 servatum
530 4352 568 4425 in
585 4368 666 4427 toto
687 4349 832 4426 ordine.
856 4351 1020 4428 Grandia
1038 4351 1227 4440 scandala,
1245 4352 1406 4457 suspicio
1425 4368 1464 4429 et
1482 4351 1636 4426 iufamia
1656 4378 1742 4426 con·

321 4497 377 4555 tra
410 4480 581 4557 ordinem
612 4496 699 4557 sunt
721 4498 856 4556 exorta.
885 4480 1015 4558 Credit
1043 4482 1146 4587 quod
1176 4482 1380 4557 confessata
1412 4509 1478 4584 per
1506 4510 1594 4558 eum
1622 4498 1741 4557 essent

323 4627 411 4685 nota
428 4609 601 4687 fratribus
621 4610 779 4698 ordinis,
799 4628 924 4686 contra
946 4642 1060 4718 quem
1077 4612 1218 4689 audivit
1233 4612 1307 4688 dici
1324 4640 1499 4717 magnum
1522 4613 1737 4717 Magistrum

323 4755 360 4813 et
384 4738 476 4812 alios
498 4739 641 4844 aliquos
661 4769 805 4817 errores
829 4739 942 4818 luisse
966 4742 1169 4831 confessos,
1198 4743 1316 4819 nescit
1345 4770 1452 4848 quos.
1482 4740 1682 4818 Obtulerat
1700 4769 1736 4814 se

321 4871 368 4946 ad
388 4867 643 4945 defensionem
664 4873 808 4946 ordinis
823 4900 897 4947 una
918 4902 1003 4949 cum
1025 4873 1107 4949 aliis
1125 4874 1189 4978 qui
1208 4873 1474 4981 sequebantur.
