4080 6052
698 515 893 611 proces
919 533 1011 606 ors
1036 534 1338 608 reuertens.
1652 534 1725 609 tar

360 687 408 762 Et
430 685 552 792 primo
574 681 623 757 ad
645 681 788 786 primos
809 703 857 756 xv
881 672 1059 754 articulos
1084 706 1093 751 ε
1119 676 1224 783 quod
1244 676 1324 781 ipse
1349 674 1472 753 suerat
1489 697 1668 784 receptus
1687 681 1727 757 in

305 815 445 921 capella
468 814 604 890 domus
629 808 779 916 Templi
811 808 859 886 de
883 806 1057 887 Vinziaco
1085 806 1272 884 Eduensis
1303 805 1481 895 diocesis,
1508 806 1548 883 in
1575 807 1726 886 instanti

304 945 397 1022 sesto
415 941 696 1022 Purificaeionis
709 941 818 1019 beate
833 937 950 1016 Marie
973 952 1080 1014 erant
1093 961 1165 1014 xxv
1183 936 1271 1013 anni
1287 935 1347 1012 vel
1362 936 1473 1025 circa,
1489 965 1558 1045 per
1574 937 1728 1019 fratrem

304 1076 485 1153 Anticum
503 1074 550 1152 de
575 1071 673 1151 Dola
695 1071 937 1157 servientem,
956 1068 1152 1175 quondam
1172 1084 1449 1174 preceptorem,
1465 1082 1565 1146 tunc
1578 1071 1728 1151 ballivie

306 1206 353 1284 de
377 1206 488 1284 Buris
515 1201 762 1310 lingonensis
788 1199 964 1291 diocesis,
993 1198 1232 1306 presentibus
1260 1198 1438 1277 fratribus
1465 1201 1652 1280 Bandrico
1682 1205 1728 1281 de

304 1335 486 1429 Vollenis,
506 1331 714 1413 Guillelmo
733 1330 769 1409 le
786 1331 1012 1418 Gambaeur,
1029 1327 1235 1436 Reginaldo
1255 1330 1302 1406 de
1320 1330 1495 1409 Tossiaco
1510 1352 1729 1439 preceptore

306 1465 403 1542 dicte
425 1464 575 1553 domus,
593 1479 630 1539 et
642 1464 753 1539 Petro
771 1464 938 1539 Baveron
956 1455 1222 1546 servientibus,
1242 1459 1458 1549 deffunctis,
1478 1462 1518 1537 in
1532 1460 1636 1541 hunc
1650 1495 1731 1543 mo-

305 1595 423 1671 dum:
445 1622 533 1670 nam
552 1591 714 1669 existens
732 1577 772 1667 in
793 1590 891 1668 dicta
910 1586 1050 1693 capella
1073 1588 1188 1694 peciit
1207 1588 1254 1666 ab
1275 1588 1329 1667 eis
1350 1618 1477 1668 amore
1502 1592 1574 1670 Dei
1591 1623 1729 1701 panem

305 1742 342 1801 et
369 1754 505 1833 aquam
534 1741 572 1802 et
595 1749 802 1830 pauperem
828 1719 1006 1798 vestitum
1032 1719 1197 1812 ordinis;
1226 1735 1264 1796 et
1292 1740 1558 1802 concesserunt
1585 1727 1727 1819 eidem;

304 1855 548 1962 postmodum
567 1852 738 1931 fecerunt
760 1881 849 1930 eum
867 1877 1000 1927 vovere
1021 1865 1059 1926 et
1076 1849 1204 1956 jurare
1232 1877 1347 1954 super
1368 1854 1561 1958 quendam
1587 1853 1728 1936 librum

306 1984 530 2073 castitatem,
553 1981 829 2070 obedienciam,
850 1980 973 2056 vivere
993 1977 1074 2055 sine
1098 1980 1269 2086 proprio,
1290 2009 1439 2070 servare,
1462 1983 1629 2064 fideliter
1653 1989 1730 2065 ele-

306 2116 470 2192 mosinas
500 2131 538 2194 et
564 2112 664 2191 bona
693 2111 852 2202 ordinis,
883 2127 920 2187 et
948 2110 1071 2188 bonos
1100 2139 1192 2189 usus
1222 2128 1261 2190 et
1286 2112 1405 2191 bonas
1437 2119 1730 2198 consuetudines

307 2245 466 2337 ordinis,
489 2260 527 2322 et
545 2243 651 2350 quod
671 2243 703 2320 si
727 2259 826 2320 esset
847 2240 1005 2350 claviger
1024 2240 1084 2318 vel
1101 2241 1382 2320 administrator
1401 2244 1559 2354 alicujus
1580 2248 1728 2342 domus,

306 2377 491 2482 reciperet
515 2376 614 2454 bene
643 2375 763 2453 bonas
787 2389 918 2483 gentes
945 2371 1152 2466 venientes,
1173 2373 1419 2481 postmodum
1453 2374 1636 2482 imposuit
1658 2381 1728 2461 sibi

307 2507 547 2600 mantellum,
570 2509 706 2614 etipse
726 2523 898 2612 receptor
916 2522 955 2582 et
973 2503 1035 2582 alii
1054 2484 1187 2582 fratres
1206 2521 1367 2583 astantes
1385 2504 1542 2585 fuerunt
1560 2537 1650 2589 eum
1671 2542 1730 2591 os·

307 2640 419 2717 culati
442 2640 483 2716 in
503 2668 580 2717 ore.
606 2638 751 2716 Exinde
773 2637 895 2715 dictus
913 2653 1085 2742 receptor
1104 2636 1281 2714 instruxit
1300 2665 1390 2714 eum
1406 2637 1568 2746 qualiter
1587 2641 1729 2721 diceret

306 2771 414 2847 Pater
438 2786 587 2861 noster,
619 2785 658 2847 et
683 2768 809 2875 aliqua
839 2766 909 2843 alia
935 2767 1119 2859 honesta3
1144 2766 1212 2845 sed
1237 2784 1440 2875 antequam
1466 2771 1632 2850 traderet
1658 2773 1729 2852 sibi

307 2900 545 2990 mantellum,
561 2916 606 2978 ut
623 2897 695 2976 sibi
715 2898 882 2985 videtur,
902 2896 1063 3004 precipit
1081 2898 1186 3005 quod
1205 2896 1407 3005 abnegaret
1421 2899 1546 2976 Deum
1567 2918 1606 2978 et
1626 2906 1732 3011 quod

294 3047 461 3135 spueret
485 3058 599 3135 supra
626 3029 1022 3136 quamdam-crucem,
1044 3056 1120 3134 que
1145 3044 1225 3104 erat
1248 3028 1392 3138 lignea,
1413 3047 1458 3107 ut
1476 3031 1548 3107 sibi
1568 3030 1729 3130 videtur,

307 3159 427 3236 nescit
443 3186 512 3266 per
531 3187 646 3264 quem
667 3158 833 3250 allatam;
847 3174 886 3234 et
903 3158 983 3264 ipsa
1003 3155 1077 3236 luit
1094 3157 1315 3249 reluctatus,
1330 3158 1399 3236 sed
1414 3158 1577 3239 finaliter
1594 3163 1731 3245 timore

309 3289 467 3378 ductus,
496 3289 693 3398 abnegavit
713 3290 840 3368 Deum
869 3316 935 3366 ore
959 3316 1038 3367 nou
1062 3288 1197 3381 corde,
1220 3307 1258 3367 et
1281 3291 1385 3398 spuit
1412 3319 1491 3369 non
1520 3322 1633 3400 supra
1662 3298 1729 3373 sed

301 3419 407 3526 juxta
420 3420 558 3499 dictam
572 3450 734 3500 crucem.
749 3421 806 3499 De
822 3418 960 3498 osculis
977 3420 1198 3513 inhonestis,
1213 3421 1370 3498 crimine
1389 3423 1630 3513 sodomitico,
1644 3454 1731 3504 con-

308 3550 517 3631 culcacione
538 3553 677 3640 crucis,
695 3571 734 3630 et
753 3569 834 3631 cato
851 3550 910 3628 vel
931 3550 1057 3658 aliquo
1078 3551 1152 3629 alio
1169 3550 1301 3630 illicito
1317 3580 1396 3629 non
1410 3550 1483 3631 luit
1502 3553 1573 3631 sibi
1593 3555 1731 3634 sactum

306 3679 466 3758 verbum
483 3683 525 3758 in
543 3682 763 3787 recepcione
782 3680 965 3786 predicta,
986 3707 1058 3756 nec
1079 3679 1222 3756 audivit
1241 3680 1347 3788 quod
1366 3681 1448 3762 aliis
1465 3683 1578 3762 fieret
1595 3685 1654 3763 vel
1675 3688 1733 3764 di-

309 3825 469 3897 ceretur,
490 3837 562 3886 nec
580 3809 700 3887 credit
719 3811 825 3915 quod
844 3807 907 3884 alii
926 3806 1059 3888 fratres
1079 3808 1224 3887 ordinis
1244 3810 1474 3921 abnegarent
1492 3815 1551 3893 vel
1570 3815 1734 3895 lacerent

309 3938 381 4016 alia
397 3954 571 4017 contenta
589 3938 630 4014 in
650 3938 760 4015 dictis
778 3936 957 4015 articulis.

364 4068 582 4176 Requisitus
612 4067 644 4144 si
676 4065 898 4146 interfuerat
925 4069 1210 4191 receptionibus
1240 4070 1402 4152 aliorum
1430 4076 1470 4153 iu
1497 4079 1647 4172 ordine,
1674 4108 1733 4157 re-

309 4197 462 4307 spondit
480 4196 586 4305 quod
601 4197 746 4275 viderat
758 4198 874 4307 recipi
891 4197 1046 4278 fratrem
1064 4199 1316 4281 Guillelmum
1337 4204 1385 4283 de
1404 4205 1520 4285 Belna
1540 4210 1733 4317 quondam

309 4328 495 4407 Eduensis
519 4328 695 4422 diocesis,
718 4357 786 4436 per
804 4329 957 4408 fratrem
980 4330 1215 4438 Raynaldum
1234 4337 1429 4443 quondam
1453 4357 1730 4446 preceptorem,

310 4476 402 4536 tunc
421 4457 468 4536 de
485 4459 679 4548 Vinciaco,
700 4458 741 4535 in
761 4459 901 4567 capella
923 4460 1021 4538 dicte
1042 4460 1194 4571 domusf,
1216 4483 1305 4543 sunt
1321 4467 1451 4576 viginti
1470 4469 1548 4563 duo
1568 4471 1657 4548 anni
1674 4472 1733 4551 vel

311 4590 422 4682 circa,
434 4604 625 4695 presente,
637 4604 681 4666 ut
695 4587 767 4666 sibi
781 4588 942 4679 videtur,
963 4591 1065 4670 dicto
1080 4577 1198 4700 [rade.
1210 4595 1408 4706 Baudrico.
1423 4599 1664 4682 Sedrecessit
1678 4603 1734 4682 di·

311 4736 395 4796 ctus
406 4717 529 4809 testis,
543 4718 763 4829 priusquam
779 4720 997 4800 tradidisset
1009 4722 1044 4799 ei
1060 4725 1302 4818 mantellum,
1315 4694 1359 4806 ut
1370 4749 1555 4836 ponerent
1573 4761 1730 4824 mensas,

314 4867 351 4927 et
363 4849 503 4963 eadem
526 4849 588 4929 die
608 4869 693 4930 ante
713 4852 938 4958 prandium,
959 4883 1046 4933 cum
1065 4876 1296 4963 ponerentur
1314 4888 1461 4953 mense,
1479 4862 1601 4943 dictus
1620 4864 1734 4943 frater
