4080 6052
303 544 377 616 ros
688 518 881 611 proces
906 535 1001 610 ors
1027 533 1329 606 renelmus.

302 700 435 759 rentur
453 680 510 756 vel
531 680 848 755 incarcerarentur
866 676 921 754 illi
940 675 1005 782 qui
1025 674 1203 751 nolebant
1221 673 1340 748 lacere
1360 669 1527 776 predicta
1546 695 1722 762 erronea,

303 840 380 918 que
399 811 479 915 ipse
496 809 601 887 testis
618 808 710 885 dixit
727 835 860 885 senon
880 806 1032 883 credere
1054 831 1134 882 esse
1153 830 1253 890 vera,
1270 830 1338 878 nec
1358 800 1494 879 servari
1514 801 1556 875 in
1574 801 1723 879 ordine.

359 943 468 1029 Item,
492 941 538 1017 ad
558 965 778 1018 crunt-mn
797 936 992 1044 respondit
1015 953 1150 1012 notum
1173 961 1253 1011 esse
1277 932 1384 1039 quod
1407 930 1634 1009 mirabiliter
1647 957 1725 1010 ser·

302 1088 476 1146 vorentur
499 1085 639 1146 secreta
657 1069 816 1158 ordinis,
837 1085 875 1145 et
897 1064 1002 1172 quod
1020 1092 1097 1142 non
1123 1062 1345 1141 revellerent
1364 1060 1524 1139 modum
1542 1062 1725 1170 recepcio

303 1201 361 1278 nis
380 1229 465 1290 sue,
487 1200 534 1276 de
554 1199 636 1275 aliis
655 1198 838 1275 contentis
858 1194 897 1272 in
916 1195 1006 1302 ipsis
1028 1194 1192 1271 articulis
1209 1193 1302 1270 dixit
1319 1220 1359 1270 se
1379 1192 1535 1269 nescire.

357 1333 469 1418 Item,
489 1330 537 1406 ad
551 1355 660 1408 nnxrn
674 1327 870 1433 respondit
883 1353 1014 1403 verum
1031 1352 1112 1403 esse
1130 1324 1235 1430 quod
1251 1350 1329 1400 non
1344 1321 1536 1399 debebant
1553 1322 1722 1401 confiteri

303 1460 375 1537 nisi
399 1460 575 1537 fratribus
598 1457 826 1563 presbyteris
856 1455 945 1532 dicti
973 1454 1131 1543 ordinis,
1158 1470 1196 1530 et
1219 1454 1272 1529 ita
1286 1451 1367 1528 ⁴init
1391 1451 1461 1528 sibi
1487 1451 1633 1528 dictum
1658 1479 1724 1559 per

303 1589 456 1665 fratrem
488 1588 710 1688 Arnaudum
741 1587 788 1662 de
818 1586 999 1664 Lobester
1026 1603 1285 1691 preceptorem
1316 1583 1362 1660 de
1389 1583 1722 1660 Inter-duo-maria

303 1718 589 1826 burdegalensis
615 1716 789 1804 diocesis,
817 1733 855 1792 et
882 1714 988 1821 quod
1014 1744 1034 1790 a
1059 1715 1159 1791 dicto
1189 1713 1300 1790 fratre
1329 1712 1594 1790 Bartholomeo
1622 1730 1723 1819 post-

305 1876 419 1954 quam
442 1848 515 1924 fuit
538 1865 728 1955 receptus,
755 1848 834 1953 ipse
859 1864 987 1923 tamen
1014 1843 1087 1921 fuit
1112 1844 1319 1932 confessus,
1346 1859 1389 1922 ut
1413 1844 1524 1933 dixit,
1549 1843 1720 1950 pluribus

304 1975 480 2056 fratribus
500 1977 711 2056 Minoribus
731 1993 770 2052 et
786 1974 1014 2082 preshyteris
1034 1974 1273 2052 secularibus.

317 2207 322 2218 ·
361 2108 471 2193 Item,
498 2108 546 2183 ad
570 2134 688 2196 curt,
710 2133 733 2186 v
753 2123 791 2183 et
813 2134 850 2184 vr
874 2105 1070 2210 respondit
1095 2106 1198 2212 quod
1221 2105 1380 2182 scientes
1406 2131 1553 2181 errores
1577 2131 1659 2182 esse
1682 2105 1721 2180 in

306 2234 455 2323 ordine,
478 2253 567 2312 sunt
586 2237 624 2313 et
641 2236 797 2313 fuerunt
816 2235 919 2313 stulti
941 2254 979 2312 et
995 2234 1105 2323 latui,
1127 2236 1157 2312 si
1176 2263 1253 2312 non
1273 2252 1514 2314 correxerunt
1533 2219 1653 2312 dictos
1673 2263 1722 2312 er·

305 2392 425 2454 rores,
446 2382 484 2442 et
500 2394 577 2442 non
598 2366 919 2443 denunciaverunt
936 2365 1111 2442 Ecclesie.

336 2544 340 2551 «
360 2497 471 2583 Item,
492 2494 540 2571 ad
558 2523 678 2574 mvn
699 2513 737 2572 et
753 2511 953 2602 sequentes
970 2522 1091 2601 usque
1109 2495 1156 2570 ad
1172 2521 1283 2584 rcvn,
1302 2494 1406 2600 quod
1421 2494 1590 2600 predicta
1605 2523 1721 2572 scrua-

304 2625 442 2702 bantur
461 2627 551 2703 citra
571 2655 673 2702 mare
694 2643 732 2703 et
751 2626 849 2703 ultra
873 2653 991 2713 mare,
1013 2642 1101 2714 etc,
1122 2624 1317 2730 respondit
1335 2652 1374 2701 se
1394 2624 1513 2701 nichil
1536 2625 1629 2701 scire
1651 2624 1719 2701 nisi

305 2754 426 2858 quod,
442 2783 554 2860 supra
569 2756 760 2862 deposuit3
776 2755 895 2831 credit
908 2772 1034 2832 tamen
1054 2756 1159 2859 quod
1174 2754 1236 2831 ille
1252 2754 1318 2859 qui
1332 2754 1475 2859 recepit
1490 2782 1591 2841 eum,
1608 2754 1719 2861 juxis

305 2898 362 2955 set
382 2883 486 2987 quod
506 2885 695 2963 docuisset
723 2914 812 2962 eum
837 2902 974 2992 puncta
1003 2901 1041 2960 et
1065 2901 1199 2961 statuta
1227 2884 1387 2973 ordinis;
1408 2911 1487 2960 non
1510 2901 1636 2960 tamen
1654 2884 1720 2962 scit

306 3036 376 3084 nec
395 3012 513 3088 credit
532 3041 677 3091 errores
696 3014 884 3118 predictos
904 3043 983 3093 esse
1002 3015 1042 3090 in
1060 3015 1203 3091 ordine.

362 3139 472 3226 Item,
500 3140 547 3215 ad
571 3168 667 3219 xcvn
686 3143 882 3247 respondit
906 3144 1010 3248 quod
1035 3143 1251 3220 ellemosine
1277 3145 1420 3220 fiebant
1443 3145 1541 3222 bene
1563 3163 1601 3222 et
1620 3145 1720 3224 suffi-

307 3267 448 3343 cienter
472 3268 511 3343 in
537 3269 668 3346 ordine
687 3287 746 3347 ter
765 3272 804 3347 in
824 3274 1047 3377 septimana,
1069 3290 1108 3350 ct
1131 3274 1361 3378 hospitalitas
1385 3275 1483 3350 bene
1507 3277 1721 3353 servabatur

305 3396 465 3485 ibidem,
486 3416 524 3475 et
539 3401 612 3475 hoc
629 3400 722 3476 dixit
738 3428 777 3477 se
795 3402 873 3506 ipse
892 3404 996 3479 testis
1014 3429 1174 3479 servasse
1193 3422 1231 3479 et
1246 3403 1376 3480 fecisse
1393 3405 1525 3481 servari
1545 3404 1586 3477 in
1604 3404 1718 3480 domo

307 3527 353 3601 de
374 3528 576 3633 Dompuho
597 3531 635 3606 in
656 3560 730 3636 qua
755 3549 832 3607 erat
856 3533 1114 3610 locumtenens
1138 3535 1381 3639 preceptoris,
1407 3550 1443 3607 et
1466 3533 1537 3608 boc
1559 3530 1737 3608 faciebat·

306 3684 350 3733 ex
369 3677 544 3766 precepto
567 3661 654 3737 dicti
674 3663 919 3769 preceptoris,
943 3680 985 3740 ut
1004 3664 1112 3755 dixit,
1135 3681 1173 3740 et
1192 3664 1336 3742 ibidem
1354 3662 1443 3738 vidit
1461 3663 1595 3738 servari
1617 3634 1720 3769 aphd

306 3789 518 3894 Rupcllam,
542 3793 637 3868 etin
657 3792 737 3869 aliis
755 3792 846 3870 Iocis
867 3793 954 3869 dicti
976 3795 1118 3871 ordinis
1137 3796 1176 3871 in
1196 3795 1335 3903 quibus
1355 3793 1442 3882 fuit,
1462 3811 1507 3869 ut
1526 3794 1630 3871 dixit.

363 3919 473 4007 Item,
502 3919 548 3996 ad
572 3948 697 4008 xcvnr,
728 3949 802 4000 v1111
827 3939 865 3998 et
889 3950 908 3999 c
934 3925 1128 4030 respondit
1151 3924 1256 4030 quod
1279 3953 1475 4031 nunquam
1495 3924 1635 4029 juravit
1655 3952 1721 4001 nec

307 4048 410 4124 scivit
433 4050 549 4126 alium
570 4052 716 4158 jurasse
742 4054 846 4158 quod
870 4055 1105 4160 acquirerent
1123 4084 1191 4160 per
1210 4058 1352 4162 nephas
1373 4056 1473 4133 dicto
1494 4055 1635 4147 ordini,
1657 4083 1722 4132 nec

308 4178 412 4281 quod
436 4198 590 4285 propter
618 4184 691 4258 hoc
720 4183 896 4289 degerere
922 4213 999 4260 non
1028 4204 1126 4262 esset
1151 4204 1360 4290 peccatum;
1382 4188 1451 4263 scit
1468 4204 1596 4262 tamen
1622 4184 1721 4292 quod

307 4307 416 4382 multi
438 4310 573 4416 injuste
595 4313 837 4419 acquirebant
856 4315 896 4389 in
917 4314 1049 4390 ordine
1070 4316 1298 4422 supradicto,
1322 4335 1359 4392 et
1378 4316 1483 4422 quod
1501 4316 1581 4422 ipse
1602 4316 1719 4399 idem,

307 4454 351 4513 ut
367 4438 474 4531 dixit,
494 4441 711 4519 abstullerat
728 4444 912 4521 decimam
929 4445 1080 4551 quando
1098 4446 1145 4523 ab
1163 4447 1482 4555 archipresbytero
1500 4446 1547 4522 de
1564 4447 1720 4523 Pruihac

309 4563 605 4672 Engolismensis·
621 4572 789 4652 diocesis.

365 4694 477 4782 Item,
499 4699 547 4773 ad
570 4704 868 4810 cr-v1resp0ndit
887 4706 992 4812 quod
1015 4706 1201 4813 capitulia,
1225 4709 1321 4785 sicut
1344 4707 1485 4785 audivit
1509 4706 1598 4796 dici,
1619 4721 1717 4780 tene-

308 4822 447 4900 bantur
468 4844 553 4929 post
577 4834 822 4922 matutinum,
849 4835 996 4916 exclusa
1019 4836 1158 4918 familia
1182 4838 1410 4917 acircuitate
1431 4839 1569 4917 domus
1588 4837 1714 4940 inqua
