4080 6052
497 545 694 641 Procas
720 562 815 637 nas
839 557 1139 638 rnnrcrrns.
1454 566 1527 638 565

113 707 353 795 mantellum,
376 724 414 786 et
441 708 513 785 luit
537 735 626 784 eum
646 705 834 784 osculatus
855 705 895 780 in
920 733 1004 792 ore,
1039 721 1077 782 et
1103 705 1219 781 eciam
1239 702 1352 780 frater
1373 703 1528 810 Egidius

112 838 321 944 presbyter,
338 838 446 946 cujus
458 865 667 945 cognomen
682 838 844 946 ignorat,
858 836 924 941 qui
939 822 1066 913 aderat
1077 852 1116 912 et
1130 832 1428 911 transfretaverat
1440 863 1527 912 cum

112 969 181 1053 eis,
216 985 253 1045 et
280 968 375 1046 obiit
400 969 499 1046 ultra
525 997 641 1047 mare.
670 970 804 1049 Postea
833 967 1007 1044 instruxit
1033 993 1122 1044 eum
1159 982 1253 1071 quot
1278 966 1392 1042 Pater
1416 981 1529 1042 noster

111 1097 254 1174 diceret
283 1126 352 1203 pro
379 1099 482 1179 horis
502 1101 596 1188 suis,
619 1115 658 1176 et
681 1097 843 1205 qualiter
870 1113 1017 1204 regeret
1041 1125 1080 1174 se
1110 1095 1150 1170 in
1170 1095 1315 1172 ordine.
1336 1094 1425 1172 Post
1450 1122 1525 1200 que

107 1226 222 1304 frater
241 1228 415 1307 Galterus
435 1231 590 1308 nacione
607 1229 797 1320 Picardus,
818 1227 998 1316 serviens,
1016 1226 1124 1334 cujus
1135 1250 1347 1331 cognomen
1362 1223 1524 1330 ignorat,

109 1358 175 1462 qui
196 1357 365 1435 adfuerat
382 1359 480 1436 dic'te
496 1359 709 1466 recepcioni
721 1386 800 1445 sue,
822 1357 927 1435 duxit
947 1385 1036 1434 eum
1051 1355 1099 1432 ad
1114 1355 1317 1462 quamdam
1328 1383 1523 1447 cameram,

109 1504 148 1563 et
167 1487 291 1564 clauso
317 1488 430 1578 ostio,
458 1489 551 1565 dixit
572 1486 732 1593 siquod
759 1487 960 1592 abnegaret
983 1481 1124 1573 Deum',
1147 1499 1186 1560 et
1211 1510 1297 1559 cum
1323 1485 1402 1589 ipse
1422 1487 1527 1563 testis

106 1617 360 1720 respondisset
378 1616 483 1722 quod
506 1618 579 1696 hoc
594 1616 704 1694 nullo
726 1616 842 1694 modo
862 1615 1011 1704 faceret,
1036 1614 1158 1691 dictus
1179 1612 1354 1692 Galterus
1375 1615 1467 1692 dixit
1490 1619 1524 1692 ei

107 1745 211 1850 quod
234 1747 307 1822 hoc
324 1745 520 1851 oportebat
544 1775 633 1823 eum
652 1744 792 1836 facere3
817 1762 910 1823 tunc
925 1744 1004 1851 ipse
1021 1743 1125 1821 testis
1144 1742 1338 1849 abnegavit
1362 1772 1427 1822 ore
1448 1773 1523 1826 non

107 1877 236 1964 corde,
261 1876 400 1953 deinde
430 1877 599 1983 precepit
626 1877 661 1952 ei
693 1874 799 1982 quod
827 1891 981 1980 spueret
1004 1900 1118 1978 super
1143 1874 1345 1976 quamdam
1373 1902 1524 1954 crucem

106 2004 268 2110 ligneam
280 2005 483 2109 depictam,
498 2032 573 2111 que
589 2005 721 2081 eratin
733 2003 830 2080 dicta
840 2032 1002 2089 camera,
1015 2002 1134 2079 nescit
1147 2029 1342 2108 perquem
1359 2003 1520 2096 allatam,

108 2151 146 2210 et
156 2134 234 2238 ipse
247 2134 371 2211 noluit
385 2159 519 2239 spuere
538 2160 652 2238 supra
663 2133 732 2210 sed
744 2133 871 2240 juxta3
888 2131 980 2209 dixit
997 2132 1113 2208 eciam
1130 2131 1164 2208 ei
1180 2133 1296 2236 quod,
1313 2132 1343 2209 si
1361 2133 1522 2228 volebat,

106 2280 253 2368 poterat
281 2263 476 2340 carnaliter
510 2261 758 2341 commisceri
774 2261 953 2339 fratribus
978 2261 1139 2356 ordinis,
1166 2276 1206 2338 et
1230 2261 1417 2368 idipsum
1444 2267 1520 2372 pati

107 2393 284 2481 debebat3
311 2408 351 2470 et
369 2393 447 2498 ipse
466 2390 663 2498 respondit
680 2391 785 2499 quod
804 2392 877 2468 hoc
895 2388 1003 2468 nullo
1024 2391 1140 2468 modo
1158 2388 1313 2477 laceret,
1329 2419 1399 2469 nec
1417 2394 1521 2487 lecit,

107 2551 175 2598 nec
195 2523 274 2612 scit,
296 2551 365 2600 nec
385 2523 515 2610 credit,
536 2521 716 2628 quianon
731 2521 825 2598 vidit
843 2549 912 2599 nac
931 2519 1074 2597 audivit
1092 2518 1195 2625 quod
1210 2519 1376 2626 predicta
1395 2523 1523 2615 illicita

106 2653 373 2729 intervenirent
395 2636 436 2728 in
460 2651 743 2758 receptionibus
769 2650 931 2729 aliorum
956 2650 1016 2728 vel
1042 2668 1149 2757 post,
1172 2666 1217 2728 ut
1243 2651 1336 2728 dixit
1357 2653 1390 2730 ei
1416 2659 1522 2761 quod

104 2781 271 2886 predicta
291 2799 416 2860 essent
430 2783 477 2859 de
496 2782 647 2888 punctis
669 2781 824 2860 ordinis.
847 2783 953 2870 Item,
976 2779 1070 2858 dixit
1087 2781 1193 2887 quod
1219 2781 1297 2886 ipse
1317 2781 1415 2861 bane
1441 2813 1522 2863 cre-

105 2910 219 2991 debat
249 2911 509 2989 ecclesiasticis
539 2912 796 3002 sacramentis,
828 2909 986 2989 credens
1008 2910 1114 3016 qnod
1144 2909 1206 2987 alii
1234 2909 1369 2990 iratres
1386 2915 1521 2993 eodem

103 3040 220 3117 modo
241 3042 448 3133 crederent,
470 3059 507 3118 et
525 3042 630 3149 quod
654 3068 787 3118 eorum
806 3041 1019 3120 sacerdotes
1038 3038 1164 3119 debite
1185 3038 1430 3133 celebrarent,
1451 3072 1520 3122 nec

104 3171 224 3248 credit
252 3172 356 3278 quod
385 3199 518 3249 eorum
548 3171 635 3249 laici
660 3188 815 3280 possent
839 3169 1030 3249 absolvere
1059 3198 1081 3247 a
1107 3170 1283 3276 peccatis,
1317 3199 1387 3249 nec
1414 3177 1520 3281 quod

102 3297 238 3381 fierent
260 3301 357 3378 inter
376 3330 441 3379 eos
468 3301 595 3380 oscula
619 3301 834 3390 inhonesta,
852 3329 923 3378 nec
944 3301 1050 3409 quod
1069 3301 1350 3379 committerent
1377 3304 1518 3382 crimen

101 3419 385 3522 sodomiticrim,
404 3460 475 3510 nec
491 3433 597 3540 quod
616 3431 801 3511 haberent
817 3430 944 3542 ydola,
966 3458 1038 3509 neo
1055 3430 1162 3539 quod
1186 3429 1358 3518 cordula,
1377 3432 1518 3539 quibus

101 3558 348 3665 cingebantur
387 3589 501 3669 supra
538 3561 707 3640 camisias
737 3591 823 3640 cum
850 3560 991 3668 quibus
1008 3558 1199 3667 jacebant,
1229 3587 1321 3665 quas
1343 3561 1518 3641 cordulas

100 3689 300 3766 sumebant
338 3691 441 3766 unde
480 3690 671 3779 volebant,
705 3705 903 3799 tangerent
938 3688 1056 3794 capita
1091 3688 1305 3797 ydolorum.
1337 3693 1519 3773 durabant

101 3815 274 3892 ordinem
294 3845 372 3893 non
391 3816 508 3907 exire;
528 3817 759 3896 clandestine
778 3815 1070 3924 recipiebantur,
1092 3847 1137 3896 ex
1156 3847 1233 3925 quo
1253 3838 1332 3898 erat
1355 3823 1518 3929 suspicio

101 3961 230 4022 contra
254 3974 330 4024 eos.
349 3947 629 4053 Precipiebatur
647 3947 753 4055 quod
769 3975 847 4026 non
866 3946 1075 4025 revelarent
1097 3965 1239 4025 secreta
1267 3950 1516 4056 capitulorum

102 4076 317 4153 atmodum
339 4077 586 4184 recepcionis3
606 4079 636 4156 si
657 4077 897 4167 revelassent,
919 4077 1043 4185 puniti
1062 4094 1202 4166 essent,
1217 4077 1285 4155 sed
1296 4081 1414 4158 nescit
1426 4110 1518 4188 qua·

100 4204 186 4282 liter
193 4238 204 4296 ;4
222 4206 363 4313 absque
384 4207 539 4285 licencia
553 4233 631 4285 non
644 4225 828 4315 poterant,
849 4226 893 4286 ut
904 4208 1048 4286 audivit
1066 4207 1159 4297 dici,
1171 4208 1243 4285 nisi
1261 4213 1518 4310 sacerdotibus

99 4335 246 4413 ordinis
263 4337 453 4427 confiteri3
475 4339 507 4416 si
536 4338 603 4445 qui
628 4339 794 4418 sciebant
815 4366 978 4430 errores,
999 4337 1156 4416 luerunt
1178 4339 1409 4450 negligentes
1428 4343 1518 4450 quia

100 4491 177 4540 non
191 4485 432 4545 correxerunt
449 4497 595 4547 cosnec
614 4470 938 4547 denunciaverunt
956 4467 1133 4548 Ecclesia.
1151 4468 1304 4547 Audivit
1323 4471 1396 4548 dici
1414 4474 1518 4578 quod

102 4593 305 4672 elemosine
331 4616 437 4675 erant
455 4615 613 4676 retracta
637 4599 678 4676 in
702 4599 856 4692 ordine,
879 4617 917 4677 et
936 4600 1040 4705 quod
1060 4626 1193 4676 eorum
1218 4601 1392 4706 capitulia
1421 4603 1515 4681 clam

99 4722 343 4815 tenebantur,
372 4728 522 4806 ostiario
540 4730 663 4835 posito
690 4758 737 4808 ne
758 4730 923 4809 exterius
943 4729 1139 4806 audiretur
1158 4730 1264 4837 quod
1280 4730 1439 4837 interius
1459 4735 1517 4812 di-

100 4855 265 4935 cebatur.
282 4860 403 4937 Totus
415 4860 517 4938 ordo
534 4877 714 4941 servasset
727 4861 832 4968 quod
851 4888 1008 4967 magnus
1027 4861 1201 4968 Magister
1221 4891 1307 4942 cum
1329 4883 1516 4943 conventu
