4080 6052
540 559 613 632 sas
929 537 1123 631 nnocns
1148 555 1243 629 nas
1268 554 1576 630 rennuens..

531 700 675 806 *virtute
690 699 896 808 juramenti
920 699 1066 806 prestiti
1091 723 1159 805 per
1182 695 1380 809 eumdem,
1409 696 1513 803 quod
1539 721 1617 773 non
1645 693 1845 773 revelleret
1867 696 1967 779 banc.

538 836 644 909 suam
664 829 945 936 deposicionem
963 857 1162 937 quousque
1181 827 1425 906 atestaciones
1439 825 1583 904 fuerint
1595 824 1800 934 publicata.
1845 932 1850 939 Ι

595 1091 747 1168 Eisdem
775 1085 836 1162 die
867 1099 905 1157 et
928 1082 1011 1160 loco
1036 1083 1109 1161 suit
1127 1083 1314 1163 adductus
1337 1084 1386 1160 ad
1402 1084 1637 1192 presenciam
1656 1082 1874 1162 eorundem
1892 1086 1960 1166 do-

540 1223 729 1298 minorum
744 1198 1085 1294 commissariorum
1100 1213 1214 1292 frater
1230 1214 1363 1292 Petrus
1377 1214 1425 1292 de
1436 1216 1595 1322 Loyson,
1615 1211 1780 1292 serviens
1801 1214 1958 1295 diocesis

539 1350 777 1436 Morinensis,
793 1346 899 1424 testis
915 1373 1029 1452 supra
1038 1347 1203 1452 juratus,
1224 1360 1269 1421 ut
1284 1344 1493 1450 deponeret
1510 1344 1657 1422 dictum
1675 1372 1804 1435 suum,
1825 1363 1866 1424 et
1883 1374 1958 1425 nou

538 1480 712 1589 portabat
745 1475 968 1553 mantellum
998 1476 1159 1568 ordinis,
1193 1475 1281 1582 quia
1310 1474 1448 1552 fecerat
1481 1476 1569 1552 inde
1604 1475 1773 1552 tunicam
1807 1494 1960 1586 propter

539 1613 694 1691 vestitus
713 1607 896 1712 inopiam,
915 1607 1011 1682 sicut
1028 1606 1136 1695 dixit,
1159 1606 1252 1682 dum
1279 1623 1377 1683 esset
1395 1606 1643 1683 incarceratus
1670 1605 1773 1712 apud
1791 1610 1957 1685 Mortem

539 1743 639 1849 Argi.
671 1741 719 1816 Et
745 1740 867 1816 luerat
889 1764 977 1813 cum
1009 1764 1054 1813 eo
1084 1736 1173 1812 alias
1201 1735 1437 1843 inquisitum,
1468 1738 1563 1814 sicut
1587 1737 1698 1827 dixit,
1727 1766 1796 1844 per
1813 1740 1957 1816 dictum

540 1873 758 1977 episcopum
778 1868 1104 1954 Aurelianensem,
1131 1883 1169 1944 et
1192 1866 1386 1953 absolutus
1416 1884 1453 1944 et
1484 1867 1746 1945 reconciliatus
1771 1894 1839 1974 per
1868 1898 1957 1948 eum

540 2001 766 2086 Aurelianis,
784 2016 823 2074 et
832 2015 919 2105 post
929 1997 1277 2074 reconciliacionem
1294 1996 1432 2074 lecerat
1446 1997 1519 2075 sibi
1534 1998 1616 2075 radi
1630 1997 1804 2091 barbam,
1825 2017 1864 2077 et
1882 2019 1958 2078 erat

539 2130 799 2239 sexagenarius
817 2128 875 2207 vel
893 2128 1004 2221 circa,
1027 2129 1124 2206 sicut
1144 2128 1246 2205 dixit.
1267 2129 1388 2205 Lectis
1409 2146 1536 2206 autem
1559 2146 1597 2206 et
1621 2128 1824 2237 diligenter
1850 2161 1958 2238 expo

539 2265 619 2342 sitis
639 2264 711 2341 sibi
731 2261 907 2339 omnibus
923 2277 961 2337 et
978 2259 1138 2366 singulis
1158 2258 1337 2349 articulis,
1357 2260 1553 2366 respondit
1566 2258 1615 2336 ad
1633 2288 1699 2337 eos
1713 2268 1761 2338 ut'
1775 2263 1955 2368 sequitur.

595 2396 643 2471 Et
674 2393 797 2502 primo
835 2391 883 2468 ad
914 2418 967 2468 1111
1001 2391 1145 2498 primos
1179 2389 1272 2465 dixit
1304 2416 1343 2466 se
1371 2388 1486 2467 luisse
1518 2407 1713 2497 receptum
1746 2392 1788 2468 in
1822 2395 1959 2500 capella

540 2527 677 2603 domus
696 2523 844 2630 Templi
871 2524 918 2600 de
937 2521 1043 2599 Bello
1060 2522 1093 2600 V
1095 2521 1171 2598 issu
1194 2518 1453 2598 Ambianensis
1480 2521 1654 2614 diocesis,
1676 2522 1718 2597 in
1744 2522 1960 2632 Quadrage·

539 2658 631 2733 sima
650 2655 801 2732 instanti
823 2669 934 2729 erunt
952 2678 999 2728 xx
1021 2650 1185 2757 annigvel
1206 2650 1310 2741 circa,
1337 2678 1405 2757 per
1423 2650 1575 2728 fratrem
1599 2651 1811 2731 lobannem
1835 2656 1955 2747 Meet,

538 2805 628 2865 tunc
646 2801 903 2892 preceptorem
916 2780 1069 2859 ballivie
1095 2781 1142 2857 de
1162 2781 1330 2869 Pontivo‚
1350 2781 1588 2886 presentibus
1612 2780 1787 2859 fratribus
1804 2782 1953 2862 Galtero

540 2914 786 3020 d'Oysemont
817 2911 998 2989 serviente
1032 2928 1070 2987 et
1097 2911 1207 2987 Petro
1242 2911 1343 2987 dicto
1373 2910 1412 2987 lo
1442 2912 1592 2989 Minbot
1621 2911 1826 3018 presbitero
1855 2913 1953 2991 dicte

539 3042 700 3134 ordinis,
714 3042 930 3133 deffunctis,
952 3042 990 3116 in
1009 3043 1112 3118 hunc
1129 3040 1298 3118 modum.
1315 3040 1431 3117 Peciit
1443 3041 1549 3118 enim
1563 3043 1643 3147 ipse
1656 3043 1779 3133 testis,
1790 3059 1834 3120 ut
1846 3043 1952 3136 dixit,

538 3200 578 3248 se
599 3171 744 3248 admitti
764 3173 811 3248 ad
827 3170 1010 3247 beneficia
1031 3170 1189 3260 ordinis,
1210 3189 1248 3246 et
1261 3169 1333 3247 luit
1348 3171 1543 3248 admissus.
1565 3174 1816 3250 Postmodum
1836 3173 1956 3252 dictus

538 3320 708 3408 receptor
735 3301 823 3378 fecit
854 3328 942 3376 eum
969 3328 1100 3375 vovere
1121 3300 1342 3391 castitatem,
1364 3301 1484 3378 vivere
1506 3301 1647 3408 absque
1671 3305 1838 3408 proprio,
1867 3304 1956 3381 obe·

539 3432 739 3519 dienciam,
766 3449 805 3508 et
830 3432 956 3538 jurare
985 3458 1099 3535 super
1127 3430 1317 3536 quendam
1346 3430 1486 3508 librum
1515 3433 1619 3539 quod
1641 3449 1783 3508 teneret
1814 3451 1955 3510 secreta

539 3565 695 3650 ordinis,
716 3581 753 3639 et
767 3562 872 3669 quod
888 3561 986 3637 bene
1005 3577 1043 3636 et
1060 3559 1223 3637 fideliter
1240 3583 1471 3641 conservaret
1487 3563 1587 3640 bona
1604 3563 1715 3668 ipsius
1732 3561 1891 3649 ordinis,
1916 3582 1955 3640 et

537 3695 642 3799 quod
666 3692 918 3771 transfretaret
946 3693 976 3768 si
1003 3708 1101 3767 esset
1125 3719 1276 3769 neeesse
1302 3710 1339 3770 et
1363 3694 1624 3801 injungeretur
1642 3693 1686 3769 ei.
1705 3692 1878 3798 Precepit
1895 3694 1955 3771 in·

538 3826 651 3930 super
681 3823 750 3899 sibi
777 3823 899 3898 dictus
923 3839 1093 3926 receptor
1116 3821 1221 3927 quod
1252 3821 1326 3898 leta
1351 3823 1442 3898 facie
1471 3823 1655 3930 reciperet
1686 3822 1879 3902 venientes
1911 3824 1955 3900 ad

538 3953 695 4030 domum
724 3982 873 4039 eorum,
904 3969 941 4029 et
967 3953 1072 4058 quod
1096 3980 1172 4028 non
1197 3950 1310 4029 ferret
1335 3952 1471 4028 falsum
1494 3953 1772 4046 testimonium,
1800 3982 1870 4031 nec
1903 3956 1954 4030 in-

535 4085 786 4162 teressetloco
807 4085 846 4160 in
867 4110 943 4190 quo
964 4082 1098 4191 aliquis
1118 4084 1407 4160 exheredaretur
1426 4084 1580 4192 injuste,
1604 4113 1674 4161 nec
1694 4083 1811 4191 [vett]
1833 4087 1953 4192 oppri-

537 4233 701 4291 meretur
721 4213 900 4291 indebite.
922 4215 1009 4290 Post
1033 4242 1107 4319 que
1132 4213 1286 4290 tradidit
1311 4215 1343 4289 ei
1372 4214 1594 4291 mantellum
1620 4215 1708 4291 dicti
1735 4215 1894 4303 ordinis,
1921 4230 1953 4290 et

537 4343 614 4447 ipse
647 4361 684 4420 et
715 4362 874 4422 astantes
904 4342 1076 4448 superius
1108 4344 1287 4419 nominati
1320 4343 1472 4420 osculati
1503 4343 1656 4421 luerunt
1688 4372 1776 4420 eum
1808 4344 1848 4420 in
1879 4373 1949 4422 ore.

535 4473 683 4564 Quibus
702 4475 859 4580 peractis
878 4490 1113 4549 recesserunt
1132 4474 1220 4549 dicti
1241 4474 1319 4551 duo
1338 4473 1468 4551 fratres
1488 4492 1647 4551 astantes
1667 4475 1715 4550 de
1735 4474 1893 4579 capella,
1919 4490 1951 4549 et

536 4601 614 4703 ipse
631 4604 811 4680 remansit
829 4633 914 4679 cum
935 4617 1126 4709 receptore
1141 4631 1259 4710 prope
1277 4604 1407 4692 altare,
1429 4604 1469 4679 in
1489 4632 1565 4710 quo
1586 4620 1665 4680 erat
1684 4604 1851 4711 quedam
1868 4631 1949 4680 crux

536 4728 659 4836 lignea
679 4750 800 4808 erecta
819 4762 904 4809 cum
923 4735 1095 4842 ymagine
1124 4734 1297 4812 Crucifixi
1325 4735 1485 4841 depicta,
1511 4751 1550 4811 et
1576 4735 1744 4840 precepit
1770 4734 1806 4811 ei
1834 4733 1947 4810 dictus

535 4878 704 4969 receptor
726 4863 830 4969 quod
849 4863 1049 4972 abnegaret
1068 4866 1204 4942 dietam
1225 4894 1390 4955 crucem,
1415 4884 1452 4943 et
1474 4866 1555 4973 ipse
1574 4867 1681 4945 testis
1700 4865 1842 4974 rogavit
1860 4889 1946 4939 eum
