4148 6052
715 556 912 679 procus
938 576 1033 648 nns
1059 577 1357 651 renarrans.
1695 586 1740 656 or

383 721 493 808 Item,
509 717 614 824 quod
630 717 835 794 adorabant
849 717 1052 825 qnamdam
1068 735 1205 810 catum,
1222 718 1292 796 sibi
1308 719 1347 795 in
1362 720 1441 825 ipsa
1456 724 1745 829 congregacione

327 865 564 956 apparentem
584 849 824 956 quandoque.

380 980 491 1072 Item,
516 980 621 1086 quod
643 980 716 1057 hoc
740 978 924 1056 faciebant
948 980 988 1057 in
1013 979 1242 1087 vituperium
1270 981 1408 1059 Christi
1437 997 1474 1059 et
1498 978 1587 1058 {idei
1617 982 1745 1058 ortho-

325 1108 431 1186 doxe.

381 1241 492 1331 Item,
514 1239 618 1347 quod
637 1267 714 1317 non
739 1238 941 1316 credebant
968 1240 1250 1317 Sacramentum
1276 1242 1410 1320 altaris.
1432 1288 1488 1301 —
1507 1244 1617 1332 Item,
1639 1244 1743 1349 quod

326 1369 441 1477 aliqui
462 1397 507 1447 ex
525 1370 590 1446 eis.
601 1414 658 1428 -
669 1371 781 1460 Item,
802 1369 908 1475 quod
926 1369 1046 1476 major
1063 1397 1160 1476 pars.

382 1501 492 1587 Item,
513 1498 619 1606 quod
637 1525 707 1576 nec
726 1499 796 1576 alia
814 1499 976 1576 Ecclesia
997 1515 1236 1576 sacramenta.
1284 1597 1285 1600 Ἴ

380 1630 490 1719 Item,
517 1630 622 1735 quod
647 1629 857 1706 sacerdotes
876 1629 1019 1707 ordinis
1044 1628 1172 1716 rerba,
1194 1656 1264 1735 per
1289 1657 1363 1737 que
1390 1629 1585 1708 conficitur
1608 1659 1743 1738 corpus

324 1759 480 1852 Christi,
502 1786 579 1837 non
600 1758 774 1836 dicebant
792 1759 832 1835 in
852 1787 993 1837 canone
1012 1760 1136 1839 Missa.
1150 1802 1207 1818 -—
1220 1760 1330 1847 Item,
1352 1758 1457 1866 qnod
1475 1760 1590 1867 aliqui
1612 1789 1657 1839 ex
1676 1763 1740 1838 eis.

323 1891 499 1981 —Item,
521 1890 626 1997 quod
645 1889 764 1996 major
780 1917 877 1994 pars.

381 2019 491 2107 Item,
514 2018 619 2124 quod
637 2019 709 2096 hec
727 2036 939 2125 receptores
958 2046 1092 2097 eorum
1112 2019 1183 2096 sibi
1202 2017 1459 2128 injungebant.

381 2148 491 2238 Item,
510 2148 615 2254 quod
631 2147 843 2240 credebant,
861 2150 967 2226 etsie
984 2149 1178 2227 dicebatur
1196 2150 1260 2238 eis,
1275 2150 1380 2257 quod
1395 2176 1553 2257 magnus
1570 2150 1743 2257 Magister

325 2306 346 2354 a
365 2279 523 2383 peccatis
546 2294 692 2383 poterat
715 2306 780 2354 eos
803 2278 1004 2355 absolvere.
1025 2323 1083 2338 --
1099 2282 1209 2368 Item,
1231 2280 1337 2386 quod
1359 2281 1534 2358 visitator.
1555 2324 1613 2339 -
1629 2282 1739 2367 Item,

325 2408 430 2515 quod
448 2424 704 2514 preceptores,
727 2435 891 2512 quorum
911 2407 1020 2482 multi
1042 2425 1148 2483 erant
1165 2408 1270 2512 layci.

381 2540 491 2629 Item,
514 2537 618 2644 quod
637 2539 707 2614 hec
725 2536 909 2614 faciebant
928 2535 976 2613 de
995 2536 1103 2613 lacto.
1117 2580 1174 2597 --
1186 2537 1296 2627 Item,
1317 2536 1423 2642 quod
1442 2536 1556 2642 aliqui
1578 2564 1721 2614 eorum.

380 2669 490 2758 Item,
522 2667 629 2774 quod
656 2694 814 2774 magnus
847 2666 1021 2772 Magister
1054 2665 1198 2742 ordinis
1229 2665 1388 2771 predicti
1419 2665 1492 2741 hoc
1524 2665 1597 2741 fuit
1627 2665 1675 2742 de
1704 2695 1743 2742 se

325 2798 534 2889 consessus,
566 2798 606 2873 in
637 2797 830 2903 presencia
860 2823 1080 2902 magnarum
1111 2822 1379 2901 personarum,
1414 2810 1613 2900 antequam
1648 2814 1743 2872 esset

324 2956 363 3004 ca
389 2946 461 3005 tus.

364 2958 491 3145 phem,
506 3056 610 3164 quod
624 3057 662 3132 in
677 3033 896 3162 recepcione
911 3054 1068 3131 fratrum
1087 3054 1176 3131 dicti
1197 3054 1339 3131 ordinis
1351 3055 1410 3132 vel
1426 3055 1532 3142 circa,
1551 3054 1742 3132 interdum

326 3187 510 3293 recipiens
529 3202 567 3262 et
585 3201 755 3291 receptus
780 3184 980 3290 aliquando
1001 3211 1039 3259 se
1060 3183 1373 3261 deosculabantur
1391 3184 1431 3259 in
1451 3211 1533 3276 ore,
1555 3184 1595 3259 in
1619 3184 1744 3260 umbi·
1837 3270 1840 3275 .

325 3316 398 3393 lico
421 3344 490 3394 seu
513 3317 552 3392 in
577 3331 704 3391 ventre
727 3314 851 3403 nudo,
879 3331 916 3390 et
939 3314 979 3390 in
1003 3340 1075 3391 ano
1095 3341 1162 3391 seu
1191 3315 1297 3419 spina
1326 3312 1439 3391 dorsi.
1460 3315 1648 3401 -Item,
1675 3314 1742 3389 ali-

324 3445 476 3553 quando
496 3445 535 3521 in
555 3443 928 3533 umbilico-Item,
949 3443 1150 3550 aliquando
1169 3443 1208 3519 in
1225 3441 1302 3521 fine
1321 3443 1426 3549 spine
1448 3443 1739 3534 dorsi-Item,

325 3576 525 3684 aliquando
547 3576 586 3652 in
605 3576 705 3682 virga
723 3574 831 3650 virili.

379 3706 490 3795 Item,
512 3705 617 3810 quod
636 3705 676 3780 in
694 3703 914 3810 recepcione
939 3701 1002 3779 illa
1021 3701 1205 3779 faciebant
1218 3703 1346 3809 jurare
1367 3701 1451 3779 illos
1471 3730 1567 3808 quos
1586 3703 1742 3805 recipie-

326 3836 432 3924 bant,
454 3833 558 3937 quod
577 3833 750 3910 ordinem
769 3860 847 3911 non
867 3834 1020 3910 exirent.

383 3964 494 4052 Item,
516 3961 619 4067 quod
637 3961 827 4039 habehant
844 3990 910 4039 eos
928 3963 1052 4039 statim
1071 3991 1140 4068 pro
1159 3962 1345 4068 professis.

336 4185 340 4191 Ι
380 4094 491 4181 Item,
513 4090 619 4198 quod
634 4091 871 4195 recepciones
890 4092 987 4196 ipsas
1006 4091 1236 4168 clandestine
1254 4090 1450 4167 faciehant

381 4227 491 4315 Item,
512 4220 617 4329 qnod
636 4221 751 4298 nullis
768 4219 1022 4326 presentibus,
1045 4221 1116 4296 nisi
1137 4218 1314 4296 iratribus
1333 4218 1421 4295 dicti
1443 4218 1596 4295 ordinis.

383 4356 493 4446 Item,
515 4353 619 4459 quod
637 4370 791 4459 propter
809 4352 880 4429 hec
900 4367 1025 4428 contra
1051 4349 1192 4425 dictum
1212 4350 1385 4427 ordinem
1403 4349 1606 4425 vehemens
1625 4351 1744 4454 suspi-

328 4487 387 4563 cio
406 4514 427 4561 a
445 4485 566 4591 longis
583 4482 818 4590 temporibus
837 4481 1028 4559 laboravit.

385 4617 496 4707 Item,
518 4615 622 4720 quod
642 4612 893 4690 communiter
912 4610 1132 4687 habebatur.

383 4746 493 4833 Item,
515 4744 620 4849 quod
638 4743 815 4820 fratribus
834 4770 930 4848 quos
950 4740 1180 4847 recipiebant
1205 4739 1377 4818 dicebant
1395 4740 1500 4848 qnod
1520 4739 1744 4816 adinvicem

242 4871 278 5018 tp
328 4892 501 4983 poterant
519 4903 618 4953 unus
638 4903 724 4951 cum
745 4873 818 4951 alio
838 4871 1070 4949 commisceri
1090 4869 1298 4948 carnaliter.
