4080 6052
517 544 585 614 rso
898 515 1094 610 proces
1120 535 1217 609 urs
1243 532 1546 611 renarrans.

512 681 649 758 nostris
668 679 931 756 commissariis
950 695 1159 785 reportare,
1180 677 1212 753 si
1232 675 1377 781 aliquid
1394 675 1571 753 volebant
1588 672 1712 751 dicere
1733 674 1782 750 ad
1803 674 1933 752 defen·

512 813 657 889 sionem
671 810 763 887 dicti
778 810 933 900 ordinis,
949 810 1125 887 dixerunt
1139 808 1188 885 ad
1202 804 1462 885 defensionem
1477 805 1700 912 predictam,
1716 806 1823 912 quod
1838 807 1934 886 ordo

511 942 654 1030 bonus,
674 957 838 1029 sanctus,
859 939 985 1046 justus
1011 956 1050 1016 et
1075 936 1265 1015 sufficiens
1288 953 1358 1029 est,
1381 953 1419 1013 et
1435 965 1630 1043 nunquam
1648 936 1826 1013 viderunt
1844 965 1934 1015 con-

511 1072 668 1149 trarium
693 1071 732 1147 in
758 1070 909 1159 eodem,
938 1087 976 1146 et
999 1070 1051 1146 ita
1073 1067 1377 1146 manutenebunt
1405 1095 1530 1144 coram
1559 1065 1866 1173 quibuscumque
1897 1086 1934 1144 et

513 1217 642 1278 contra
658 1189 932 1307 quoscumque,
948 1228 1068 1306 usque
1089 1199 1287 1286 adfinem,
1307 1215 1345 1274 et
1359 1197 1556 1304 pecierunt
1570 1214 1801 1276 sacramenta
1815 1198 1934 1276 eccle-

459 1332 467 1344 '
512 1332 673 1423 siastica,
696 1348 733 1407 et
753 1331 872 1408 eciam
893 1331 1127 1407 indumenta.

567 1463 679 1552 Item,
702 1460 834 1536 eadem
863 1458 923 1535 die
947 1459 1048 1539 louis
1072 1459 1295 1537 acceoeimus
1314 1459 1363 1536 ad
1380 1460 1539 1536 domum
1561 1459 1743 1537 lobannis
1767 1460 1816 1536 de
1836 1461 1934 1541 Cha·

511 1589 625 1666 minis
644 1589 779 1666 inviro
800 1589 847 1665 de
866 1607 976 1695 porta
990 1591 1167 1668 Bauderii
1182 1589 1363 1678 Parisius,
1385 1590 1454 1667 ubi
1474 1590 1740 1669 detinebantur
1759 1617 1808 1670 vu
1827 1594 1934 1670 Tem

511 1719 621 1824 plarii
642 1749 686 1796 ex
704 1718 780 1795 hiis
802 1719 869 1826 qui
892 1718 1043 1798 fuerant
1061 1722 1101 1798 in
1124 1720 1301 1799 viridario
1326 1722 1497 1828 predicto
1518 1722 1663 1799 domini
1683 1721 1849 1828 episcopi
1867 1726 1933 1801 Pa-

511 1849 694 1941 risiensis,
729 1849 904 1927 videlicet
935 1850 1067 1929 fratres
1101 1852 1291 1930 lohannes
1320 1853 1367 1929 de
1395 1852 1656 1939 Vambellano,
1690 1853 1850 1931 lacobus
1882 1855 1931 1930 de

512 1981 736 2071 Cormelles,
759 1981 950 2058 lohannes
970 1983 1017 2059 de
1038 1983 1216 2073 Chamis,
1234 1982 1431 2089 Philippus
1451 1982 1610 2072 Grisset,
1633 1982 1745 2061 Falco
1770 1982 1816 2060 de
1838 1986 1933 2061 Tre·

512 2112 575 2200 cis,
591 2111 765 2189 Nicolaus
780 2111 828 2188 de
844 2112 950 2190 Serie
967 2130 1004 2190 et
1018 2113 1242 2192 Lambertus
1255 2115 1460 2222 Flamengi.
1476 2115 1551 2208 Qui
1567 2115 1797 2220 interrogati,
1812 2132 1857 2191 ut
1870 2117 1932 2193 alii

511 2269 641 2347 supra,
658 2242 937 2347 responderunt
955 2245 1060 2350 quod
1077 2272 1154 2321 non
1171 2245 1362 2322 habebant
1381 2244 1581 2321 consilium
1599 2245 1697 2323 inter
1716 2274 1754 2322 se
1772 2244 1931 2322 faciendi

510 2388 773 2479 procuratores
795 2372 936 2481 absque
956 2375 1113 2455 licencia
1131 2378 1300 2484 Magistri
1326 2396 1364 2456 et
1381 2378 1621 2482 superiorum
1640 2405 1792 2466 eorum,
1813 2377 1881 2454 sed
1902 2375 1931 2452 si

511 2503 760 2613 loquerentur
779 2536 866 2583 cum
887 2536 933 2585 eo
953 2509 1025 2586 sub
1046 2511 1153 2617 cujus
1175 2510 1395 2586 obediencia
1414 2527 1519 2595 sunt,
1542 2506 1794 2584 deliberarent
1810 2525 1848 2583 et
1867 2509 1934 2584 ha·

510 2635 646 2717 herent
665 2637 865 2715 consilium
880 2665 995 2740 super
1012 2638 1093 2712 istis
1111 2653 1149 2710 et
1164 2636 1246 2711 aliis
1265 2636 1314 2711 ad
1331 2634 1590 2710 defensionem
1611 2633 1754 2709 ordinis
1773 2638 1934 2738 predicti

512 2766 829 2872 contingentibus.
851 2763 1034 2869 Requisiti
1055 2779 1180 2839 autem
1204 2791 1273 2868 per
1292 2790 1361 2839 nos
1386 2763 1416 2838 si
1436 2760 1611 2837 volebant
1633 2761 1776 2867 aliquid
1795 2791 1936 2868 propo—

511 2923 601 2971 nere
623 2895 670 2971 ad
691 2893 950 2970 defensionem
971 2892 1061 2968 dicti
1082 2892 1240 2984 ordinis,
1263 2893 1352 2999 quia
1372 2920 1441 2969 nos
1462 2892 1580 2997 parati
1601 2920 1749 2969 eramus
1770 2894 1934 2973 scribere

513 3038 550 3098 et
560 3023 670 3099 dictis
685 3022 850 3099 dominis
864 3022 1129 3101 commissariis
1144 3041 1350 3129 reportare,
1369 3023 1544 3099 dixerunt
1556 3021 1661 3128 quod
1673 3051 1750 3098 non
1763 3023 1935 3102 viderant

511 3180 582 3227 nec
610 3153 793 3231 sciverant
817 3154 961 3262 aliquid
980 3155 1020 3230 iu
1045 3155 1178 3232 ordine
1204 3155 1275 3232 nisi
1299 3154 1462 3246 bonum,
1489 3170 1659 3259 petentes
1689 3154 1932 3233 ecclesiastica

512 3303 752 3362 sacramenta.

569 3416 682 3504 Item,
697 3416 830 3494 eadem
848 3417 909 3494 die
928 3418 1150 3495 accessimus
1167 3419 1216 3495 ad
1232 3395 1390 3496 domurn
1405 3418 1548 3495 abbatis
1563 3419 1610 3495 de
1627 3418 1783 3494 Tironio
1800 3419 1838 3494 in
1853 3421 1932 3496 vico

513 3544 560 3620 de
586 3564 694 3651 porta
715 3547 891 3624 Bauderii
909 3550 1088 3640 Parisius,
1117 3549 1185 3627 ubi
1206 3549 1473 3627 detinebantur
1489 3577 1551 3628 vui
1569 3549 1773 3653 Templarii
1789 3579 1833 3624 ex
1861 3549 1932 3625 hiis

512 3676 579 3781 qui
599 3675 749 3754 fueraut
765 3678 804 3753 in
823 3678 1000 3757 viridario
1020 3681 1190 3786 predicto
1211 3681 1356 3758 domini
1378 3680 1542 3785 episcopi
1558 3680 1790 3768 Parisiensis,
1811 3679 1933 3763 videli-

514 3822 573 3882 cet
590 3805 723 3884 fratres
743 3810 782 3884 P.
800 3808 852 3884 'de
873 3810 994 3887 Court
1012 3812 1187 3917 Temple,
1212 3814 1251 3888 P.
1274 3812 1322 3888 de
1342 3811 1378 3886 la
1396 3811 1648 3899 Chassancha,
1674 3811 1861 3887 lohannes
1885 3809 1931 3884 de

513 3939 637 4027 Buris,
666 3938 848 4017 Girardus
873 3939 920 4017 de
949 3942 1161 4048 Byasseres,
1190 3938 1380 4019 lohannes
1405 3942 1471 4018 des
1499 3941 1735 4029 Colancuris,
1763 3942 1933 4018 Matheus

514 4068 561 4144 de
585 4071 718 4162 Bures,
741 4072 874 4146 Petrus
900 4070 947 4147 de
964 4072 1190 4164 Clerimont,
1219 4090 1257 4150 et
1281 4074 1414 4149 Petrus
1434 4073 1480 4148 de
1501 4073 1659 4150 Verinis.
1682 4072 1755 4166 Qui
1777 4072 1935 4147 interro-

514 4198 606 4302 gati,
628 4217 672 4275 ut
690 4200 753 4276 alii
776 4229 904 4306 supra,
926 4201 1205 4307 responderunt
1228 4203 1333 4309 quod
1356 4202 1425 4308 ipsi
1447 4220 1535 4279 sunt
1554 4203 1646 4308 layci
1668 4218 1704 4278 et
1727 4199 1931 4305 simplices,

514 4345 553 4404 et
572 4328 659 4406 ideo
679 4331 825 4436 aliquos
839 4349 1100 4435 procuratores
1119 4362 1196 4411 non
1214 4333 1504 4424 constituerunt,
1525 4332 1692 4409 dicentes
1710 4329 1815 4437 quod
1836 4359 1934 4407 eam-

516 4457 603 4534 dem
627 4460 909 4537 ordinacionem
929 4477 1057 4538 tenere
1080 4479 1117 4537 et
1138 4463 1334 4540 observare
1352 4458 1673 4567 volebant,'qua1n
1696 4461 1882 4539 faciebant
1901 4478 1935 4537 et

515 4587 695 4663 tenebant
720 4589 851 4665 fratres
876 4590 967 4668 dicti
994 4591 1136 4668 ordinis
1158 4594 1224 4698 qui
1244 4593 1399 4672 suerunt
1423 4592 1521 4669 dicta
1551 4591 1612 4668 die
1639 4593 1764 4670 Sabati
1784 4593 1825 4668 in
1854 4592 1935 4669 viri-

518 4714 623 4791 dario
639 4717 865 4821 supradicto.

574 4847 687 4932 Item,
706 4846 837 4923 eadem
854 4847 915 4924 die
930 4851 1029 4926 lovis
1044 4852 1267 4931 accessimus
1285 4855 1332 4932 ad
1350 4856 1507 4933 domurn
1526 4853 1670 4932 abbatis
1689 4855 1736 4932 de
1754 4857 1936 4932 Prulhaco
