4080 6052
480 513 677 608 rnocts
703 533 800 607 nns
825 532 1126 608 rnurnrnas.
1464 537 1512 611 so

99 683 158 761 nis
176 679 216 759 in
233 676 402 765 Francia,
422 676 608 759 adductus
627 676 674 752 ad
691 675 924 781 presenciam
943 675 1131 752 dictorum
1149 675 1393 753 dominorum
1413 703 1513 756 oom—

97 809 352 890 missariorum
374 832 443 912 per
465 804 698 912 supradictos
720 804 954 910 prepositum
972 804 1224 888 Pictavensem
1249 822 1288 881 et
1303 806 1512 884 Johannem

97 941 143 1018 de
161 937 348 1029 Jamvilla,
367 935 618 1042 interrogatam
644 933 692 1009 de
717 958 826 1010 causa
851 932 1033 1009 adventus
1051 933 1239 1040 ejusdem,
1261 951 1300 1012 ct
1316 935 1350 1012 si
1365 934 1514 1013 volebat

96 1068 300 1148 defendere
330 1065 504 1144 ordinem
529 1061 802 1169 supradictum,
829 1061 1025 1168 respondit
1050 1063 1156 1167 quod
1182 1064 1262 1169 ipse
1287 1082 1439 1141 venerat
1466 1064 1513 1142 ad

95 1196 328 1303 presenciam
347 1194 569 1272 corumdem
593 1194 642 1270 ad
664 1191 873 1268 videndum
896 1218 977 1279 eos,
998 1192 1086 1297 quia
1111 1193 1231 1270 dictus
1248 1195 1428 1271 dominns
1446 1194 1514 1271 Pa-

95 1326 263 1404 risiensis
282 1324 476 1431 episcopus
498 1323 643 1400 dixerat
661 1320 745 1413 sibi,
762 1321 866 1428 quod
880 1319 1049 1427 placebat
1066 1323 1211 1400 eisdem
1231 1324 1513 1402 dominiscom·

95 1456 273 1535 missariis
298 1454 405 1561 quod·
429 1453 599 1529 venirent
625 1452 674 1528 ad
701 1456 775 1528 eos'
792 1450 1021 1557 quicumque
1048 1450 1188 1527 vellent
1210 1479 1279 1556 pro
1302 1451 1398 1530 lacto
1423 1453 1510 1530 dicti

95 1586 253 1673 ordinis,
276 1600 314 1663 ct
331 1599 484 1662 venerat
502 1582 620 1660 eciam
639 1582 688 1658 ad
705 1581 917 1687 rogandum
937 1582 1018 1670 eos,
1035 1598 1079 1657 ut
1091 1581 1306 1659 insisterent
1320 1607 1437 1687 penes
1452 1583 1512 1659 do

93 1715 216 1795 minos
234 1715 373 1820 Papam
385 1722 431 1792 'et
448 1715 590 1819 Regem
615 1711 721 1819 quod
743 1709 844 1788 bona
869 1712 959 1790 dicti
983 1712 1126 1790 ordinis
1143 1740 1222 1789 non
1242 1712 1512 1818 dissiparentur

91 1871 162 1922 nec
176 1859 498 1935 consumerentur,
515 1845 583 1920 sed
596 1849 905 1920 conservarentur
919 1859 959 1919 et
972 1842 1222 1950 aplicarentur
1239 1842 1281 1918 in
1298 1842 1509 1920 subsidium

91 1976 207 2052 Terre
232 1991 374 2061 sancte,
399 1973 447 2050 ad
473 1974 579 2080 quod
606 1972 652 2049 ab
673 1971 785 2050 inicio
810 1972 961 2051 fuerant
986 1976 1178 2080 deputata.¹
1200 1972 1302 2052 Dixit
1327 1973 1444 2049 eciam
1469 2000 1509 2050 se

92 2082 204 2181 iiiisse
224 2104 394 2182 locutum
411 2102 522 2211 plura
541 2104 589 2180 de
608 2120 706 2181 statu
727 2103 816 2181 dicti
837 2104 980 2182 ordinis
998 2105 1243 2211 personaliter
1260 2100 1428 2210 predicto
1449 2103 1510 2180 do

93 2233 197 2309 nrino
215 2236 313 2338 Pape
333 2251 372 2310 et
388 2233 512 2310 tribus
531 2232 791 2313 cardinalium
799 2234 922 2324 missis
942 2236 1280 2341 adinquirendum
1299 2262 1386 2312 cum
1405 2260 1451 2311 co
1471 2249 1509 2310 ct

94 2390 180 2438 cum
201 2361 362 2447 aliis,·et
385 2363 509 2468 adhuc
531 2377 610 2433 erat
630 2378 782 2463 paratus
806 2363 929 2437 dicere
955 2365 1107 2466 quando
1132 2381 1231 2441 esset
1252 2366 1292 2438 in
1318 2363 1509 2469 presencia

93 2490 179 2566 dicti
202 2489 348 2565 domini
367 2489 483 2592 Pape3
509 2484 613 2563 unde
641 2485 795 2563 nolebat
821 2487 892 2563 alia
918 2488 1042 2563 dicere
1069 2515 1194 2579 coram
1220 2491 1383 2566 dominis
1406 2519 1508 2566 com

92 2617 268 2697 missariis
289 2615 512 2723 supradictis
529 2631 631 2690 tunc.
647 2615 700 2691 Et
709 2615 781 2718 ipsi
800 2613 1023 2691 obtulerrmt
1036 2618 1140 2720 quod
1158 2617 1277 2721 parati
1296 2635 1403 2694 erant
1419 2618 1508 2696 eum

92 2747 239 2833 audire,
261 2761 376 2853 prout
397 2743 497 2820 racio
521 2743 713 2833 suaderet,
735 2743 766 2819 si
790 2740 941 2819 volebat
964 2741 1168 2820 defendere
1187 2745 1509 2852 ordinemsupra·

93 2876 248 2952 dictum.
276 2875 325 2952 Et
347 2902 435 2950 cum
462 2873 605 2950 diceret
631 2887 723 2948 tunc
750 2898 791 2948 sc
821 2871 893 2948 alia
921 2898 999 2950 non
1028 2872 1233 2965 dicturum,
1263 2874 1334 2952 fuit
1362 2876 1396 2952 ei
1424 2877 1508 2954 data

93 3004 246 3084 licencia
263 3002 450 3083 redeundi
470 3002 519 3080 ad
536 3000 666 3080 locum
684 3001 787 3079 unde
805 3017 967 3080 venerat.
1038 3075 1041 3079 ,

148 3268 291 3346 Eadem
316 3268 376 3346 die
401 3265 721 3376 Sabatipervenit
739 3296 784 3347 ex
802 3273 1057 3378 quorumdam
1076 3289 1219 3351 secreto
1238 3270 1359 3351 relatu
1378 3277 1426 3352 ad
1444 3302 1507 3351 no

92 3395 216 3479 liciam
240 3398 495 3506 quorumdam
519 3425 565 3477 ex
587 3400 695 3478 dictis
715 3400 878 3480 dominis
897 3402 1157 3481 commissariis
1184 3405 1368 3511 quosdam
1391 3403 1508 3483 homi·

92 3552 159 3604 nes
178 3554 257 3604 esse
268 3530 451 3609 'detentos
469 3529 647 3618 Parisius,
663 3530 729 3636 qui
749 3531 970 3611 dicebantur
982 3535 1126 3612 venisse
1144 3535 1305 3613 Parisino
1323 3561 1393 3640 pro
1410 3532 1505 3611 lacto

94 3655 279 3733 dictorum
306 3658 625 3765 Templariomm,
647 3676 687 3736 et
709 3678 753 3737 ut
776 3661 1024 3740 defenderent
1047 3666 1219 3743 ordinem
1243 3681 1510 3763 memoratum,

92 3782 201 3860 Unde
221 3813 306 3863 cum
325 3787 398 3864 hoc
415 3785 547 3866 fuisset
563 3816 633 3894 per
652 3787 738 3867 illos
756 3791 822 3895 qui
843 3808 983 3868 secrete
1007 3794 1173 3898 predicta
1191 3796 1409 3873 audiverant
1427 3790 1508 3868 eliis

94 3912 258 3989 dominis
281 3914 433 4019 collegis
457 3943 591 3995 eornm
613 3935 849 4022 reseratum,
864 3921 1137 4003 deliberacione
1160 3926 1287 4003 habita
1305 3924 1404 4000 inter
1425 3948 1505 4006 eos,
1643 4024 1650 4035 Α

91 4037 264 4118 lecerunt
280 4040 408 4117 venire
428 4045 477 4120 ad
495 4047 726 4150 presenciam
746 4051 970 4127 eorumdem
990 4055 1210 4157 magistmm
1229 4053 1438 4128 Iohannem
1459 4052 1507 4128 de

92 4169 297 4248 Plublaveb
307 4172 551 4278 'prepositum
568 4175 1001 4267 Castelleti'Parisiensis3
1018 4194 1056 4253 et
1073 4207 1160 4255 cum
1175 4172 1379 4286 diligenter«
1391 4181 1506 4260 inter-

93 4317 242 4407 rogatus
261 4299 399 4379 luisset
406 4328 476 4408 per
493 4328 560 4381 eos
578 4303 664 4380 siin
682 4303 848 4410 prisione
867 4334 934 4383 sua
946 4305 1110 4387 babebat
1123 4309 1181 4388 vel
1195 4311 1508 4419 tenebataliquos

94 4430 159 4535 qui
184 4430 399 4510 dicerentur
419 4433 567 4513 ¹venisse
588 4434 637 4511 ad
657 4432 916 4514 defensionem
939 4439 1084 4517 ordinis
1104 4441 1163 4517 vel
1185 4468 1257 4548 pro
1278 4430 1508 4548 lacto'ipsius

96 4559 239 4637 ordinis
256 4562 575 4669 Templariomm,
596 4567 792 4671 respondit
809 4595 849 4645 se
869 4567 1008 4648 habere
1027 4589 1171 4679 septem
1189 4573 1362 4651 homines
1380 4560 1426 4649 in¹
1438 4574 1509 4680 'pri-

96 4689 199 4767 sione
228 4719 310 4780 sua,
340 4722 437 4800 quos
461 4714 610 4803 ceperat
633 4696 674 4771 in
695 4695 829 4776 habitu
853 4699 990 4790 laicali,
1016 4702 1063 4779 de
1088 4702 1264 4782 mandato
1293 4704 1506 4812 aliquorum

98 4820 291 4901 curialium
311 4823 456 4903 domini
471 4826 969 4936 Regiaqubascariatibus
986 4831 1109 4918 lucrat
1125 4813 1287 4917 relatum
1304 4839 1410 4944 quod
1426 4863 1506 4943 pr&
