4080 6052
684 542 882 635 rnocts
908 559 1004 633 nus
1027 559 1331 634 rnurnrrns.
1644 563 1714 640 ιιι

304 707 470 818 quodam
494 704 567 782 alio
592 703 640 780 de
666 704 773 811 cujus
796 703 950 781 nomine
970 729 1048 781 non
1068 702 1296 809 recordatur.
1318 704 1534 812 Requisitus
1552 707 1584 784 si
1603 708 1642 785 in
1667 710 1723 788 di·
1830 720 1836 749 ‘

305 857 451 917 ctorum
469 834 755 941 recepcionibus
772 834 831 913 vel
850 851 937 942 post
955 833 1077 911 luerat
1096 833 1234 911 lactum
1253 835 1311 912 vel
1331 835 1474 912 dictum
1494 836 1635 943 aliquid
1654 839 1721 917 illi·

304 973 419 1048 citum
442 968 490 1045 de
504 966 697 1044 'contentis
716 965 758 1041 in
779 964 960 1055 articulis,
979 962 1174 1069 respondit
1193 963 1299 1071 quod
1319 992 1396 1041 non
1421 968 1524 1071 quod
1549 967 1628 1073 ipse
1655 969 1725 1044 sci-

303 1099 397 1177 verit
437 1097 498 1177 vel
535 1095 720 1173 audiverit
754 1094 840 1172 dici.
876 1095 1008 1174 Credit
1042 1113 1170 1172 tamen
1208 1095 1315 1201 quod
1346 1112 1432 1201 post
1466 1100 1723 1203 recepcionem

305 1227 462 1306 fecerint
485 1227 550 1303 illa
575 1225 704 1303 illicita
731 1252 806 1331 que
831 1225 1006 1332 deposuit
1030 1223 1272 1301 intervenisse
1301 1225 1342 1299 in
1361 1227 1584 1330 recepcione
1609 1228 1725 1334 ipsius

305 1361 421 1437 testis.
444 1358 657 1466 Requisitus
675 1383 790 1463 quare
810 1384 888 1434 non
913 1370 1134 1463 exposuerat
1160 1355 1207 1432 de
1236 1354 1344 1431 dictis
1369 1355 1514 1432 duabus
1538 1360 1726 1464 recepcio-

306 1489 420 1568 nibus
444 1490 484 1566 in
511 1487 749 1594 deposicione
778 1514 861 1576 sua,
887 1486 1082 1593 respondit
1106 1513 1174 1590 per
1193 1486 1451 1593 juramentum
1477 1516 1590 1566 suum
1618 1491 1723 1595 quod

305 1648 382 1698 non
402 1618 667 1697 recordabatur
683 1632 784 1693 tunc.

361 1876 515 1957 Eisdem
538 1876 600 1952 die
624 1893 663 1953 et
684 1875 768 1994 lopo
792 1872 866 1951 luit
884 1872 1069 1951 adductus
1089 1872 1135 1949 ad
1155 1872 1388 1981 presenciam
1414 1876 1637 1954 eorumdem
1658 1880 1728 1957 do-

308 2010 500 2087 minorum
520 2005 862 2084 commissariorum
887 2003 999 2081 frater
1011 2003 1201 2083 lohannes
1223 2006 1271 2082 de
1287 2003 1531 2083 Bollencourt
1548 2010 1726 2102 serviens,

308 2137 540 2217 Belvacensis
578 2137 756 2226 diocesis,
792 2134 898 2212 testis
931 2163 1043 2241 supra
1067 2135 1233 2243 juratus,
1266 2152 1310 2213 ut
1346 2136 1553 2242 deponeret
1586 2139 1728 2217 dictum

309 2296 434 2357 suum,
454 2293 532 2343 non
549 2265 735 2343 defferens
753 2263 977 2342 mantellum
997 2264 1151 2358 ordinis,
1170 2265 1258 2371 quia
1277 2293 1365 2340 cum
1384 2265 1516 2343 fuisset
1535 2268 1729 2346 absolutus

311 2415 349 2476 et
367 2394 628 2475 reconciliatus
654 2396 694 2471 in
714 2394 869 2472 consilio
893 2395 1069 2471 Remensi
1093 2422 1162 2501 per
1187 2394 1386 2471 dominum
1407 2395 1729 2503 archiepiscopum

311 2532 552 2614 Remensem,
575 2543 612 2603 et
629 2525 734 2631 prius
753 2524 886 2603 fuisset
904 2554 991 2601 cum
1017 2552 1062 2601 co
1086 2523 1310 2629 inquisitum
1334 2551 1402 2629 per
1425 2525 1626 2602 dominum
1653 2529 1731 2633 epi-

311 2685 466 2763 scopum
487 2653 779 2732 Ambianensem
795 2654 861 2761 qui
882 2682 984 2729 nunc
1003 2670 1076 2743 est,
1099 2652 1243 2732 dimisit
1264 2653 1408 2730 dictum
1428 2655 1650 2734 mantellum
1671 2686 1732 2734 ve·

310 2802 448 2864 tustate
469 2799 752 2889 consumptum,
774 2800 812 2859 et
831 2782 919 2860 fecit
938 2782 1009 2860 sibi
1029 2781 1119 2859 radi
1132 2780 1305 2871 barbam,
1329 2799 1367 2858 et
1390 2798 1446 2860 est
1469 2784 1577 2862 etatis
1599 2813 1732 2866 xxxvru

313 2943 498 2992 annorum
516 2914 576 2991 vel
595 2914 702 3007 circa,
728 2912 794 3019 qui
814 2912 886 2989 fuit
904 2929 1131 3018 protestatus
1149 2913 1257 3019 quod
1283 2940 1359 2990 non
1387 2914 1607 2993 intendebat
1631 2944 1734 2993 rece·

314 3047 402 3123 dere
421 3043 700 3149 a-depo'sicione
721 3059 759 3119 et
778 3042 1009 3119 consessione
1028 3034 1239 3150 peripsum
1260 3043 1348 3120 alias
1366 3041 1471 3119 factis
1490 3073 1615 3122 coram
1631 3044 1732 3123 dicto

315 3174 471 3252 domino
495 3172 771 3279 archiepiscopo
792 3173 979 3248 Remensi.
1010 3173 1130 3250 Lectis
1150 3189 1276 3248 autem
1304 3188 1343 3249 et
1362 3171 1563 3281 diligenter
1581 3175 1653 3252 sibi
1673 3203 1734 3251 ex-

314 3303 445 3410 positis
465 3301 642 3381 omnibus
663 3319 702 3380 et
717 3301 874 3410 singulis
893 3302 1074 3390 articulis,
1095 3301 1292 3409 respondit
1315 3302 1364 3379 ad
1384 3330 1464 3395 eos,
1485 3320 1523 3380 et
1541 3305 1666 3409 primo
1686 3305 1735 3380 ad

314 3435 456 3540 primos
473 3461 549 3522 ιιιιι,
579 3433 685 3540 quod
707 3460 785 3510 non
805 3430 1025 3509 interfuerat
1046 3432 1207 3512 aliorum
1232 3432 1515 3539 recepcionibus
1540 3461 1609 3509 nec
1635 3434 1735 3537 capi-

315 3565 421 3659 tulis,
447 3581 486 3643 et
508 3565 597 3643 ideo
616 3564 806 3643 nesciebat
829 3564 860 3642 si
883 3563 972 3641 dicti
996 3591 1143 3641 errores
1167 3563 1333 3641 contenti
1357 3564 1397 3639 in
1422 3563 1587 3641 articulis
1615 3591 1735 3640 serva-

316 3695 454 3773 bantur
484 3695 525 3769 in
556 3694 707 3785 ordine;
733 3695 867 3799 pocius
891 3710 1017 3769 tamen
1047 3693 1224 3769 credebat
1251 3687 1356 3799 quod
1386 3694 1448 3770 alii
1472 3694 1736 3801 reciperentur

317 3824 414 3898 sicut
436 3824 516 3928 ipse
543 3821 616 3898 suit
633 3839 806 3926 receptus
832 3848 946 3927 quam
971 3821 1212 3898 contrarium.
1242 3822 1324 3927 lpse
1344 3839 1471 3899 autem
1492 3823 1614 3900 luerat
1636 3850 1736 3900 rece·

318 3969 406 4059 ptus
428 3952 468 4027 in
493 3949 633 4058 capella
661 3951 798 4028 domus
816 3950 965 4058 Templi
995 3951 1042 4028 de
1062 3950 1211 4029 luriaco
1230 3951 1542 4058 Rothomagensis
1560 3952 1735 4044 diocesis,

318 4109 387 4189 per
409 4081 561 4159 fratrem
580 4079 789 4157 lohannem
814 4080 861 4157 de
882 4082 1013 4158 Turno
1032 4079 1307 4158 thesaurarium
1328 4081 1478 4187 Templi
1502 4081 1736 4174 Parisiensis,

318 4213 358 4288 in
378 4212 512 4297 octavis
531 4210 670 4288 Pascha
695 4226 807 4286 erunt
828 4237 877 4290 vu
891 4211 992 4300 anni,
1013 4210 1252 4317 presentibus
1271 4210 1447 4288 fratribus
1466 4213 1670 4320 lleynaudo
1692 4214 1738 4289 de

318 4340 520 4449 Tremblay
536 4318 758 4447 presbitero,
779 4339 828 4418 de
848 4343 955 4451 cujus
972 4342 1046 4418 rita
1064 4342 1124 4419 vel
1143 4357 1265 4420 morte
1285 4369 1363 4419 non
1382 4359 1439 4418 est
1457 4357 1597 4432 certus,
1620 4360 1658 4420 et
1675 4343 1738 4420 Ni-

319 4470 423 4549 colao
449 4471 497 4547 de
521 4469 704 4548 Rnlhiaco
729 4487 768 4546 et
790 4471 961 4549 lohanne
986 4471 1034 4548 de
1059 4471 1308 4562 Memowale,
1329 4456 1546 4560 deffunctis‚
1574 4473 1615 4547 in
1638 4473 1741 4548 hunc

319 4601 480 4678 modum
497 4628 616 4678 :nam
641 4629 729 4677 cum
751 4601 924 4707 peciisset
947 4630 1082 4707 panem
1110 4620 1149 4681 et
1167 4631 1303 4709 aquam
1327 4601 1485 4692 ordinis,
1506 4602 1681 4679 dixerunt
1704 4602 1738 4678 ei

320 4729 426 4838 quod
444 4729 542 4806 bene
560 4730 788 4810 deliberaret
803 4747 842 4810 et
861 4732 980 4833 exiret
995 4731 1191 4838 capellam,
1212 4749 1251 4809 et
1270 4732 1514 4838 postmodum
1536 4761 1623 4810 cum
1646 4729 1741 4810 deli·

320 4859 502 4953 berasset,
523 4841 675 4940 rediret.
696 4860 795 4976 Cum
812 4876 939 4940 autam
957 4860 1130 4941 rediisset
1150 4878 1189 4940 et
1207 4861 1380 4968 peciisset
1395 4862 1535 4942 iterum
1549 4872 1686 4970 panem
1702 4878 1740 4937 et
