4080 6052
691 543 887 635 rnocts
913 562 1008 633 nus
1035 561 1335 635 rnupnmus.
1649 567 1718 635 211

305 707 397 782 scire
416 732 529 811 quam
549 733 661 809 supra
681 705 857 810 deposuit
877 706 923 781 de
945 705 1163 809 recepcione
1184 734 1262 793 sua,
1285 707 1372 812 quia
1392 731 1587 810 nunquam
1608 705 1723 782 inter-

307 837 427 914 fuerat
445 836 615 943 capitulis
634 865 704 913 nec
722 836 1007 942 recepcionihus
1027 835 1199 913 aliorum.

359 966 471 1057 Item,
490 968 694 1074 requisitus
714 996 828 1074 super
848 995 919 1046 cvu
940 984 978 1044 et
998 993 1060 1046 vm
1075 967 1255 1057 articulis,
1278 967 1473 1073 respondit
1486 995 1525 1043 se
1540 967 1723 1042 audivisse

304 1098 394 1186 dici,
421 1099 461 1173 in
487 1099 587 1174 dicto
613 1099 762 1189 ordine,
791 1127 811 1174 a
835 1097 1012 1174 lratrihus
1037 1098 1208 1204 ejusdem
1235 1097 1394 1185 ordinis,
1422 1097 1526 1202 quod
1551 1097 1725 1204 Magister

305 1256 463 1334 magnus
480 1246 628 1334 poterat
647 1215 836 1306 absolvere
854 1228 985 1305 fratres
1003 1228 1091 1303 dicti
1110 1229 1253 1305 ordinis
1273 1257 1293 1302 a
1309 1228 1469 1333 peccatis
1487 1257 1636 1319 eorum,
1657 1227 1724 1304 sed

306 1386 382 1434 non
408 1360 549 1435 audivit
572 1360 643 1436 dici
670 1360 774 1465 quod
798 1376 926 1465 posset
950 1358 1140 1435 absolvere
1166 1388 1187 1434 a
1210 1360 1369 1463 peccatis
1394 1387 1470 1434 non
1496 1358 1722 1476 consessatis.

306 1490 520 1594 Requisitus
540 1518 560 1564 a
580 1490 718 1595 quihus
739 1490 880 1565 audivit
899 1489 971 1564 dici
993 1489 1097 1595 quod
1122 1488 1244 1565 dictus
1264 1490 1439 1596 Magister
1456 1504 1583 1593 posset
1602 1488 1724 1563 ahsol-

306 1645 390 1693 vere
411 1648 431 1694 a
450 1620 624 1724 peccatis,
654 1620 849 1726 respondit
872 1620 977 1725 quod
997 1619 1203 1725 aquodam
1228 1618 1339 1695 fratre
1365 1620 1454 1695 dicti
1481 1618 1624 1695 ordinis
1649 1619 1724 1694 via-

304 1764 401 1837 tore,
425 1749 472 1825 de
498 1750 605 1856 cujus
630 1751 782 1826 nomine
808 1777 885 1825 non
910 1750 1139 1840 recordatur,
1162 1748 1274 1826 fratre
1299 1751 1480 1827 serviente
1505 1766 1723 1824 transeunte

305 1907 372 1983 por
403 1880 547 1957 dictum
572 1882 699 1957 locum
730 1882 777 1957 de
803 1880 907 1958 Sivre
930 1906 999 1986 per
1022 1881 1194 1956 hionium
1225 1898 1309 1956 ante
1335 1882 1551 1987 capcionem
1572 1908 1721 1967 eorum,

308 2008 374 2083 sed
394 2010 489 2084 nulli
510 2011 570 2084 alii
592 2029 698 2086 erant
716 2028 910 2117 presentes
931 2011 1082 2117 quando
1104 2010 1245 2086 audivit
1263 2012 1441 2115 predicta.

364 2140 474 2226 Item,
496 2141 698 2245 requisitus
718 2170 832 2245 super
851 2168 948 2218 ovim
969 2157 1007 2216 et
1025 2169 1064 2230 x,
1086 2141 1281 2245 respondit
1300 2172 1339 2218 se
1360 2143 1475 2218 nichil
1497 2142 1589 2217 scire
1607 2142 1636 2216 si
1652 2142 1729 2217 Ma-

308 2269 422 2374 gister
441 2297 599 2376 magnus
618 2269 691 2344 fuit
709 2267 900 2344 consessus
918 2269 1107 2374 predictos
1127 2298 1287 2358 errores,
1309 2270 1366 2346 vel
1386 2300 1475 2346 non.

365 2400 475 2485 Item,
497 2399 701 2504 requisitus
721 2424 836 2503 super
855 2422 913 2474 cx1
931 2398 1106 2488 articulo,
1129 2397 1324 2503 respondit
1343 2427 1382 2474 se
1402 2398 1519 2474 nichil
1543 2399 1636 2473 scire
1657 2398 1728 2473 nisi

309 2545 492 2633 quantum
514 2516 833 2634 supradeposuit.

365 2660 475 2744 Item,
496 2658 699 2762 requisitus
711 2685 833 2763 super
856 2683 926 2735 cxn
953 2674 990 2733 et
1009 2682 1071 2734 run
1092 2655 1273 2746 articulis,
1296 2656 1492 2762 respondit
1515 2685 1554 2732 se
1575 2656 1727 2733 eredere

309 2788 412 2893 quod
440 2787 601 2894 illaque
631 2804 847 2864 statuuntur
875 2814 1152 2895 permagnum
1179 2787 1398 2895 Magistrum
1427 2792 1513 2863 cum
1543 2804 1727 2863 conventu

311 2930 504 2995 servantur
524 2933 562 2994 et
580 2918 715 2995 servari
736 2918 879 2994 dehent
898 2919 937 2994 in
958 2917 1102 2994 ordine.

365 3048 696 3155 Item‚·requisitus
715 3074 829 3153 super
849 3074 963 3135 arun,
983 3074 1041 3139 xv,
1056 3074 1114 3127 rvr
1131 3064 1168 3124 et
1187 3070 1259 3126 xvir
1279 3047 1459 3135 articulis,
1478 3047 1672 3153 respondit
1687 3075 1725 3123 se

312 3177 427 3253 nichil
443 3178 536 3254 scire
554 3178 705 3283 quando
721 3178 811 3254 dicti
826 3205 974 3256 errores
986 3177 1142 3254 luerunt
1161 3177 1380 3265 introducti,
1402 3195 1439 3253 et
1455 3206 1502 3253 an
1520 3207 1541 3254 a
1557 3194 1728 3284 tempore

313 3309 600 3384 introductionis
620 3308 808 3386 dictorum
833 3335 1005 3386 errorum
1030 3326 1237 3414 potuerunt
1256 3309 1441 3397 renovari,
1457 3310 1516 3386 vel
1536 3337 1625 3396 non,
1650 3336 1730 3385 om-

312 3467 378 3514 nes
395 3437 526 3516 fratres
543 3439 601 3516 vel
618 3439 693 3517 due
710 3455 834 3546 partes
853 3440 941 3517 dicti
960 3439 1119 3528 ordInis3
1140 3438 1259 3515 credit
1279 3456 1403 3516 tamen
1421 3438 1526 3546 quod
1544 3438 1730 3543 negligen-

311 3586 368 3645 tes
397 3567 552 3645 luerunt
575 3570 623 3645 de
648 3596 725 3646 non
746 3570 1006 3648 denonciando
1035 3568 1197 3646 Ecclesie
1224 3586 1262 3645 et
1289 3569 1338 3645 dc
1361 3596 1438 3645 non
1467 3567 1680 3646 recedendo
1709 3596 1729 3642 a

314 3701 410 3775 dieta
428 3699 666 3775 observancia
686 3687 979 3789 errorum,'cum
994 3698 1207 3777 facultatem
1221 3699 1416 3778 haherent.

370 3830 481 3915 Item,
502 3829 705 3934 requisitus
717 3857 831 3936 super
851 3830 1242 3937 oxv11r,responditse
1264 3831 1406 3907 nescire
1421 3830 1524 3936 quod
1545 3828 1659 3935 aliqui
1677 3856 1731 3905 er-

315 3960 463 4034 iverunt
488 3958 631 4034 dietum
658 3960 832 4036 ordinem
858 3979 1011 4067 propter
1038 3961 1118 4069 ejus
1145 3961 1355 4053 feditatem,
1386 3989 1456 4037 nec
1485 3961 1604 4037 credit
1626 3961 1732 4066 quod

314 4089 449 4196 aliquis
472 4088 604 4164 fuisset
627 4116 740 4166 ausus
765 4090 862 4167 exire
887 4109 1039 4196 propter
1063 4091 1199 4167 dictam
1225 4118 1373 4167 causam
1398 4108 1436 4167 et
1458 4109 1612 4196 propter
1634 4086 1733 4196 peri-

315 4221 462 4297 cullum·
479 4218 584 4326 quod
604 4218 674 4295 sihi
695 4236 840 4324 poterat
859 4221 1069 4298 imminere.

369 4353 480 4443 Item,
505 4350 708 4457 requisitus
732 4379 843 4457 super
868 4377 1005 4440 cxvnu,
1031 4369 1252 4442 rx,1,11et
1275 4376 1314 4428 ut
1334 4351 1512 4440 articulis,
1534 4352 1729 4458 respondit

315 4511 355 4558 se
374 4482 490 4558 nichil
510 4482 619 4571 scire3
641 4481 759 4558 credit
777 4499 902 4560 tamen
923 4482 1028 4590 quod
1048 4482 1095 4560 de
1117 4482 1306 4560 erroribus
1326 4513 1437 4590 supra
1456 4513 1524 4589 per
1543 4512 1632 4560 eum
1652 4510 1733 4560 con·

314 4610 458 4689 lessat‘tl
482 4613 529 4689 sit
553 4594 649 4688 lama
673 4612 824 4718 puhlica
843 4614 883 4690 in
904 4613 1052 4705 ordine,
1075 4613 1143 4690 sed
1167 4642 1244 4690 non
1270 4631 1380 4691 extra.
1402 4614 1616 4721 Requisitus
1635 4614 1729 4721 quid

311 4759 419 4820 vocat
448 4742 510 4819 hic
536 4741 633 4818 lama
661 4741 829 4848 publica,
862 4742 1057 4849 respondit
1086 4743 1192 4851 quod
1221 4743 1317 4821 illud
1345 4745 1451 4853 quod
1480 4745 1732 4823 communiter

315 4871 445 4949 fertur.

1519 5033 1567 5091 27·
