4080 6052
513 526 585 597 150
899 502 1216 595 procreans
1241 516 1543 590 raunmms.
1684 605 1689 613 ‚

451 754 453 758 ¹
506 682 635 742 centes
653 661 760 770 quod
778 661 904 740 adhuc
922 659 1065 740 habent
1093 677 1132 738 et
1153 657 1286 736 volunt
1313 685 1536 764 proponere.
1561 659 1608 735 Et
1633 673 1725 737 tunt
1763 663 1927 746 diximus

506 796 560 871 eis
573 791 679 901 quod
692 790 762 899 ipsi
771 790 942 869 dicerent
955 789 1066 869 nobis
1076 816 1207 896 eaque
1216 786 1392 865 volebant
1405 817 1632 895 proponere,
1648 789 1708 868 vel
1722 807 1927 875 statuerent

473 999 476 1007 ,
504 923 671 1030 aliquem
691 921 805 999 exeis
824 921 881 999 vel
902 949 953 1001 er.
967 921 1049 998 aliis
1066 921 1133 1027 qui
1152 918 1215 996 die
1230 917 1407 997 Mercurii
1422 918 1481 996 rel
1501 919 1598 997 alins·
1610 922 1925 1033 quandocumque

505 1053 673 1160 predicta
698 1068 928 1159 proponeret
955 1060 1080 1130 coram
1113 1048 1223 1127 dictis
1249 1048 1414 1131 dominis
1439 1051 1721 1140 commissoriis,
1742 1054 1832 1160 quia
1854 1057 1924 1162 ipsi

505 1182 663 1289 predicti
685 1181 829 1259 domini
849 1180 1094 1259 commissarii
1113 1179 1214 1257 ultra
1233 1178 1372 1256 dictem
1392 1179 1495 1257 diem
1513 1181 1690 1263 Mercurii
1713 1210 1791 1260 non
1815 1212 1926 1292 expe·

507 1330 649 1391 ctarent
667 1313 760 1421 quin
784 1313 824 1388 in
849 1311 951 1390 dicto
966 1311 1130 1422 negocio
1153 1309 1403 1418 procederent
1425 1325 1540 1417 prout
1559 1310 1710 1418 dejure
1730 1313 1923 1393 deberent.

507 1445 584 1536 Qui
605 1470 739 1521 omnes
754 1442 956 1520 voluerunt
975 1459 1014 1519 et
1032 1439 1420 1547 ordinaveruntquod
1437 1439 1572 1518 fratros
1585 1442 1774 1520 lohannes
1793 1444 1842 1522 de
1858 1446 1925 1524 Se-

508 1593 611 1679 ptem
636 1573 835 1655 Montibus
850 1588 892 1650 et
910 1572 1211 1651 Guillelmua-de
1227 1572 1395 1677 Sorneyo
1414 1569 1541 1660 miles,
1557 1599 1627 1677 pro
1645 1572 1699 1650 eis
1714 1588 1752 1651 et
1768 1577 1924 1655 nomine

507 1705 695 1808 ipsorum,
717 1730 843 1779 coram
862 1702 971 1780 dictis
990 1703 1154 1780 dominis
1174 1699 1437 1777 commissoriis
1456 1719 1729 1807 comparerent,
1749 1706 1926 1810 etpredi-

507 1851 583 1910 ctas
602 1833 768 1910 raciones
782 1849 1056 1939 proponerent,
1067 1848 1251 1936 tanquam
1261 1828 1407 1920 nuncii,
1421 1845 1459 1906 et
1469 1856 1548 1908 non
1559 1847 1742 1938 tanquam
1756 1860 1926 1938 procura-

506 1981 623 2050 tores,
652 1979 691 2040 et
715 1961 911 2068 pecierunt
933 1959 1038 2066 quod
1056 1958 1172 2039 hodie
1191 1975 1345 2064 possent
1370 1957 1475 2065 ioqui
1500 1987 1588 2037 cum
1615 1961 1784 2067 predicto
1813 1962 1923 2042 fratrc

507 2090 702 2195 Reynaldo
722 2090 770 2165 de
791 2088 944 2165 Pruino.

564 2349 653 2424 Post
671 2349 758 2438 hec,
781 2349 914 2426 eadem
937 2348 1001 2426 die
1021 2347 1147 2428 Sabati
1172 2351 1395 2430 accessimus
1412 2349 1461 2428 ad
1484 2351 1621 2430 dictam
1643 2352 1802 2432 domum
1821 2357 1925 2434 abbe

506 2477 554 2553 tis
569 2476 617 2555 de
628 2477 805 2585 Tyronis,
820 2477 904 2587 [nbi]
917 2476 1185 2563 detinebantur
1194 2506 1257 2558 mn
1266 2479 1471 2586 Templarii
1483 2481 1658 2587 predicti,
1668 2507 1835 2588 quorum
1848 2486 1924 2563 duo

505 2606 703 2685 veniebant
713 2607 761 2686 de
776 2609 876 2687 dicta
890 2608 976 2686 aula
990 2609 1206 2716 episcopali,
1224 2609 1291 2686 ubi
1305 2608 1635 2687 credebantdictcs
1648 2609 1822 2689 dominos
1831 2641 1926 2692 com-

506 2738 696 2816 missarios
715 2766 795 2817 esse
816 2757 855 2816 et
872 2766 912 2816 se
929 2738 1113 2817 deberent
1131 2755 1386 2844 representare
1411 2737 1510 2816 dicta
1528 2738 1608 2830 die,
1632 2739 1810 2845 aquibus
1831 2746 1928 2846 peti-

506 2867 629 2943 vimus
654 2867 749 2974 quid
770 2866 944 2946 fecissent
963 2868 1111 2976 etquid
1130 2866 1311 2945 dixissem
1332 2866 1364 2946 si
1388 2893 1454 2945 eos
1477 2867 1721 2944 invenissent)
1735 2869 1810 2962 Qui
1831 2870 1926 2947 dixe-

506 3013 595 3073 runt
614 3023 747 3074 omnes
765 2998 871 3104 quod
894 2997 1072 3075 miserant
1092 2997 1236 3075 eisdem
1256 2996 1419 3075 dominis
1443 2997 1704 3076 commissoriis
1722 2999 1923 3105 quamdam

505 3126 698 3215 cedulam,
727 3157 842 3235 quam
871 3127 981 3205 nohis
1005 3127 1244 3205 tradiderunt
1258 3126 1427 3219 ibidem,
1462 3127 1571 3234 cujus
1601 3127 1756 3234 quidem
1792 3130 1923 3206 cedule

505 3274 617 3333 tenor
636 3258 807 3364 sequitur
827 3258 866 3333 in
885 3259 955 3335 hec
973 3258 1086 3335 verba
1108 3289 1117 3333 ε
1234 3300 1239 3309 ·

563 3425 576 3454 α
591 3389 623 3465 Α
638 3389 771 3466 homes
789 3388 1013 3468 honerables
1031 3406 1069 3466 et
1082 3417 1206 3495 sagea,
1224 3387 1387 3465 ordenes
1406 3387 1454 3465 de
1469 3404 1674 3493 pernostra
1687 3416 1777 3493 pere
1792 3389 1924 3495 l'dpcs

503 3517 593 3594 telle
610 3546 709 3624 pour
727 3517 763 3595 le
782 3518 835 3597 let
855 3521 922 3598 des
941 3520 1156 3625 Templcrs,
1178 3518 1211 3594 li
1233 3516 1369 3608 freres,
1391 3517 1419 3592 li
1440 3518 1549 3624 quies
1569 3536 1658 3595 sunt
1678 3546 1725 3595 en
1740 3520 1924 3624 prissonl

503 3645 606 3723 Paris
621 3676 668 3725 en
683 3648 719 3725 la
735 3677 883 3728 masson
903 3650 951 3727 de
965 3650 1102 3738 Tiron,
1120 3647 1188 3725 des
1205 3673 1301 3752 ques
1314 3673 1378 3724 ror
1392 3647 1424 3722 ci
1444 3646 1500 3724 les
1514 3675 1640 3725 ncms:
1658 3648 1924 3753 primerement

477 3773 480 3778 ’
503 3775 600 3852 frere
620 3779 658 3853 P.
679 3778 728 3855 de
749 3778 965 3859 Cortemble
988 3795 1149 3883 prestre,
1171 3775 1267 3853 frere
1288 3779 1327 3853 P.
1350 3777 1397 3854 de
1418 3776 1454 3853 la
1473 3776 1661 3868 Casseme,
1684 3777 1780 3855 frere
1797 3779 1924 3856 Evrart

504 3905 552 3983 de
578 3907 776 3999 Buissiers,
798 3907 897 3987 frere
925 3909 1044 3986 lehan
1074 3907 1122 3985 de
1151 3907 1285 3998 Bures,
1314 3904 1410 3984 frere
1437 3907 1577 3985 Mathis
1603 3907 1651 3984 de
1675 3909 1808 3997 Bures,
1827 3907 1922 3985 frere

505 4034 624 4114 lehan
648 4038 696 4116 de
713 4039 888 4130 Coleurs,
909 4037 1008 4117 frere
1026 4039 1066 4116 P.
1088 4036 1136 4115 de
1155 4036 1352 4116 Clermont
1376 4065 1423 4114 en
1448 4038 1676 4123 Biauvoisin‚
1699 4036 1794 4115 srere
1814 4038 1853 4114 P.
1876 4039 1923 4114 de

504 4165 619 4243 Vatan
634 4199 642 4243 ε
659 4169 807 4248 honeur
824 4187 865 4249 et
882 4169 1106 4248 reverencie.
1118 4169 1266 4253 ,Comes
1283 4183 1408 4246 votres
1427 4169 1716 4247 comandemans
1732 4166 1813 4244 feut
1826 4177 1846 4244 t
1857 4195 1923 4244 nos

503 4322 545 4370 ce
560 4296 668 4402 jeudi
687 4301 867 4404 prochein
885 4303 1008 4407 passe,
1026 4317 1064 4378 et
1080 4292 1150 4378 nos
1169 4297 1251 4378 seut
1267 4298 1452 4378 demands
1465 4328 1504 4378 se
1519 4326 1588 4376 nos
1601 4298 1730 4375 volens
1745 4296 1923 4375 defendre

503 4425 539 4502 la
559 4428 720 4536 religion
736 4431 811 4509 deu
830 4429 990 4537 Temple
1006 4431 1119 4507 desus
1139 4430 1235 4520 dite,
1257 4430 1330 4507 tuit
1342 4429 1503 4509 distrent
1515 4427 1587 4516 οὓς
1604 4445 1641 4505 et
1654 4428 1763 4505 dison
1777 4457 1853 4536 que
1866 4429 1923 4505 ele

503 4575 559 4632 est
577 4557 678 4636 bone
694 4576 732 4635 et
750 4560 839 4652 leal,
856 4577 895 4638 et
909 4576 966 4638 est
984 4575 1068 4636 tout
1084 4585 1168 4637 sans
1188 4575 1227 4637 et
1246 4559 1456 4637 maueveste
1471 4573 1513 4634 et
1530 4565 1671 4634 trai'son
1685 4574 1768 4636 tout
1785 4587 1825 4634 ce
1850 4585 1922 4664 que

501 4711 572 4760 nos
587 4686 660 4763 l'en
675 4705 754 4765 met
768 4717 849 4781 sus,
866 4709 905 4768 et
919 4717 1083 4769 summes
1095 4705 1199 4795 prest
1219 4689 1268 4767 de
1281 4717 1379 4767 nous
1393 4686 1573 4767 desendre
1589 4689 1733 4767 chacun
1748 4718 1845 4796 pour
1859 4715 1922 4792 scy

503 4839 550 4889 eu
570 4831 656 4891 tour
676 4818 900 4909 emsemble,
923 4849 969 4898 an
990 4819 1079 4898 telle
1097 4819 1264 4899 mainere
1283 4847 1364 4926 que
1372 4819 1471 4898 droit
1484 4835 1522 4896 et
1533 4838 1637 4899 sante
1648 4820 1793 4929 Figliese
1812 4839 1922 4897 ctvos
