4080 6052
503 566 698 660 rsocts
723 584 817 657 nas
842 581 1145 657 rnurtraas.
1458 583 1531 655 577

119 726 239 805 nollet
257 750 408 832 spuere,
432 723 526 801 alter
540 724 653 803 frater
672 741 794 805 astans
812 721 925 799 dixit:
936 720 1098 813 Sufficit,
1113 718 1296 799 dimitatis
1309 720 1465 799 eumEt
1483 721 1535 799 ita

117 856 189 932 luit
201 854 394 943 dimissus,
409 868 543 931 et-non
558 854 679 960 spuit3
695 866 766 933 nec'
787 851 836 930 de
850 849 1071 938 alioillicito
1085 849 1242 929 fuerunt
1256 845 1373 924 locuti
1390 848 1536 939 eidem,

115 1012 185 1060 uec
197 984 226 1061 si
240 983 408 1090 predicta
422 1001 529 1061 erant
543 984 591 1063 de
605 983 757 1092 punctis
773 980 933 1069 ordinis,
954 982 1074 1091 neclsi
1090 978 1277 1057 faciebant
1296 977 1466 1084 predicta
1484 979 1551 1056 de

114 1115 306 1191 voluntate
326 1113 385 1190 vel
406 1114 588 1193 mandato
599 1111 902 1222 predicti-fratris
915 1110 1094 1221 lingonis·
1115 1107 1379 1214 Requlsitut,⁸i
1394 1108 1541 1201 revela}

115 1259 217 1320 verat
229 1243 398 1350 predicta
404 1242 849 1331 dictoavuueulo·suo‚·et
860 1242 892 1321 si
909 1240 1151 1348 inquisiverat
1163 1265 1210 1315 an
1226 1237 1396 1345 predicta
1410 1256 1534 1317 essent

116 1373 162 1450 de
185 1373 337 1480 punctis
357 1373 736 1483 ordinis,:respondit
757 1371 863 1480 quod
878 1400 973 1452 non·
991 1369 1208 1476 Reqnisitus
1228 1369 1258 1445 si
1277 1367 1401 1449 dictus
1419 1367 1534 1449 frater

114 1505 223 1611 Hugo
249 1520 287 1580 et
308 1503 371 1581 alii
393 1505 734 1610 supranominati,
749 1501 1041 1609 qnijadsuorunt
1059 1499 1273 1604 recepcioni
1293 1527 1377 1590 ene,
1399 1501 1531 1579 audire

114 1633 450 1739 potuimenteum,
471 1634 502 1712 si
517 1632 713 1713 clamasset
724 1633 884 1740 »quanm
895 1631 967 1711 sibi
979 1646 1156 1739 precepta
1169 1629 1325 1711 suerunt
1344 1627 1442 1707 dicta
1456 1629 1533 1709 illi-

114 1763 202 1853 cita,
225 1763 423 1870 respondit
442 1791 483 1841 se
509 1764 670 1843 credere.
684 1761 789 1869 quod
811 1778 908 1852 uon,
932 1761 1021 1866 quia
1044 1775 1286 1847 recesserant.
1318 1759 1532 1865 Requisitus

113 1893 144 1968 si
166 1891 287 1970 credit
312 1891 481 1998 quadiu
504 1889 791 1998 recepcionibus
814 1888 978 1970 aliorum
996 1886 1056 1964 vel
1071 1887 1449 1993 postintervenirent
1466 1888 1532 1965 ali-

111 2050 184 2128 qua
199 2020 344 2110 illicita,
356 2021 554 2128 respondit
567 2019 774 2100 recredere
787 2019 893 2127 qnod
906 2019 959 2097 sic
972 2016 1025 2095 de
1034 2016 1189 2127 illisqui
1205 2016 1363 2096 oontessi
1376 2015 1532 2097 fuerunt
1637 2023 1641 2031 ’

111 2151 184 2228 hoc
202 2150 249 2227 de
269 2178 311 2228 se
328 2151 434 2257 ipsis,
455 2149 504 2229 de
523 2150 607 2229 aliis
622 2177 712 2231 vero
728 2176 817 2233 nou.
839 2150 934 2228 Item
955 2147 1049 2227 dixit
1067 2147 1173 2254 qnod
1188 2146 1380 2237 confessus
1394 2147 1468 2227 luit
1481 2150 1529 2229 de

111 2281 289 2386 predictis
317 2280 473 2373 illicitis,
505 2279 601 2357 infra
626 2296 710 2358 octo
737 2279 818 2357 dies
841 2307 863 2355 a
888 2277 1108 2384 recepcione
1128 2300 1212 2367 sua,
1239 2276 1341 2355 [ratri
1368 2278 1529 2357 lobanni

109 2428 201 2488 tune
216 2428 345 2490 curato
365 2427 405 2488 et
422 2410 632 2518 preceptori
648 2409 786 2521 domm
802 2407 955 2517 Templi
976 2407 1024 2487 de
1043 2405 1356 2513 Lanbivilla,qui
1368 2407 1530 2487 absolvit

110 2569 200 2617 eum
220 2542 320 2648 apud
330 2541 619 2648 Latignbiaenrn
636 2539 779 2630 sicam,
794 2538 861 2621 abi
877 2520 1000 2619 dictus
1010 2535 1122 2625 ¹testis
1132 2563 1202 2642 pro
1213 2535 1393 2645 clavigero
1407 2535 1532 2617 fuerat

110 2671 335 2763 destinatus,
363 2688 402 2749 et
422 2671 617 2749 maledixit
634 2670 743 2749 illum
768 2669 843 2778 (pri.
855 2666 1097 2753 fecerat-lieri
1118 2667 1311 2776 predicta,
1329 2668 1530 2775 imponens

110 2801 144 2877 ei
176 2801 426 2906 penitenciam
454 2800 560 2907 quod
587 2814 804 2879 remaneret
831 2826 966 2879 novero
998 2797 1137 2877 diebus
1161 2797 1201 2873 in
1227 2825 1323 2904 parre
1352 2815 1390 2877 et
1415 2826 1527 2906 aqua,

109 2931 214 3036 quod
238 2948 276 3008 et
294 2929 393 3007 lecit.
417 2932 512 3008 ltem
534 2930 628 3008 dixit
648 2959 687 3008 se
713 2930 867 3007 credere
888 2928 993 3035 quod
1012 2955 1090 3007 non
1114 2925 1251 3005 fierent
1271 2930 1398 3006 oscula
1416 2930 1529 3007 inho-

53 3080 62 3095 ·
108 3076 213 3136 nesta
233 3087 303 3136 nec
322 3059 674 3168 dogmatizaciones‚
693 3087 764 3138 nec
782 3059 888 3166 quod
903 3058 1167 3137 conculcarent
1189 3084 1353 3148 crucem,
1372 3077 1410 3135 et
1423 3061 1529 3168 quod

109 3206 232 3267 catum
258 3188 477 3282 adorarent,
499 3218 570 3269 nee
592 3190 700 3298 quod
717 3189 862 3270 crimen
881 3159 1147 3271 sodomiticum
1167 3200 1442 3296 perpetrarent,
1458 3218 1527 3267 nec

107 3320 213 3426 qnod
237 3319 420 3398 haberent
435 3317 566 3429 ydola,
583 3348 653 3399 nec
672 3321 778 3430 quod
791 3319 948 3401 nordule
961 3336 1162 3428 tangerent
1175 3320 1294 3426 capita
1307 3319 1525 3427 ydolorum,

108 3476 177 3526 nee
191 3450 296 3557 quod
316 3478 381 3529 eos
397 3450 483 3530 laici
505 3450 742 3531 absolverent
759 3450 820 3531 vel
839 3467 994 3559 possent
1013 3449 1207 3532 absolvere
1224 3477 1243 3526 a
1259 3449 1435 3557 peccatis,
1457 3478 1528 3531 nec

106 3581 211 3687 quod
234 3609 364 3660 eorum
389 3583 603 3661 sacerdotes
618 3581 869 3661 obmitterent
885 3580 998 3658 verba
1019 3579 1184 3656 canonis.
1210 3578 1342 3657 Credit
1358 3579 1523 3659 eeclesia

106 3711 207 3787 stieis
227 3714 481 3800 sacramentis,
494 3712 652 3790 credens
665 3711 770 3818 quod
788 3710 852 3787 alii
872 3709 1003 3788 fratres
1027 3709 1163 3790 eodem
1183 3710 1301 3790 modo
1316 3711 1524 3791 crederent.

109 3838 244 3916 Statim
258 3866 329 3946 pro
340 3839 518 3947 professis
531 3840 786 3932 habebantur,
801 3855 845 3917 ut
857 3840 892 3918 ei
906 3837 981 3919 tuit
994 3839 1140 3919 dictum
1152 3840 1193 3917 in
1206 3842 1426 3948 recepcione
1441 3871 1524 3934 sum

108 3966 339 4046 clandestine
365 3968 652 4075 recipiebantur,
672 3967 1050 4077 nullispresentibus
1073 3969 1144 4048 nisi
1171 3969 1348 4049 fratribus
1369 3973 1524 4051 ordinis.

10 4080 12 4089 ⁸
106 4098 378 4209 lnjungebator
397 4098 453 4177 eis
471 4098 576 4205 quod
588 4125 666 4177 non
685 4097 894 4179 revelarent
907 4116 1050 4178 secreta
1067 4098 1341 4206 capitulorum,
1363 4101 1526 4182 sednon

99 4229 241 4336 jurarit
261 4230 351 4322 hec;
375 4246 414 4308 et
432 4227 505 4306 tuit
523 4229 558 4307 ei
578 4216 722 4309 doun
739 4230 845 4337 quod
867 4229 898 4308 si
919 4231 1121 4324 revelaret,
1142 4230 1319 4338 perderet
1337 4231 1525 4324 habitatur

106 4359 175 4435 sed
195 4386 272 4437 non
292 4358 365 4438 luit
383 4357 456 4438 sibi
478 4359 684 4439 inhibitum
708 4360 749 4436 in
767 4359 919 4467 speciali
943 4363 1048 4468 quod
1067 4389 1145 4439 non
1166 4360 1349 4440 revelaret
1369 4365 1527 4445 modurn

105 4488 355 4594 recepcionis,
372 4517 443 4568 nec
455 4489 562 4597 quod
579 4515 657 4568 non
677 4490 924 4571 eonfiteretur
936 4491 1008 4569 nisi
1022 4490 1282 4571 sacerdotibus
1297 4492 1452 4575 ordinis.
1467 4496 1526 4574 llli

106 4618 173 4727 qui
184 4617 353 4697 sciebant
365 4646 528 4708 errores,
547 4617 701 4697 lirerunt
716 4621 1068 4730 negligentesque
1083 4650 1161 4701 non
1182 4643 1424 4705 correxerunt
1441 4655 1525 4715 eos,
1556 4621 1558 4623 ¹

105 4776 176 4826 nec
192 4748 524 4828 denunciaveramt.
539 4748 673 4828 Credit
685 4751 791 4858 quod
808 4746 1014 4831 elemoiine
1028 4752 1241 4859 potuissent
1254 4770 1294 4832 et
1310 4755 1529 4837 debuissent

105 4878 190 4956 lieri
210 4879 371 4987 majores
391 4881 432 4958 in
454 4879 605 4972 ordine,
628 4881 839 4966 noandum
863 4880 1060 4963 facultates
1080 4911 1230 4977 eorumr
1249 4885 1382 4967 ‚solitas
1400 4906 1525 4967 temen

190 5014 297 5080 rrocis
319 5039 370 5082 nas
390 5038 562 5103 rrrrmras.
575 5038 644 5079 -ι,
1359 5024 1399 5103 73
