4080 6052
304 542 376 613 sss
690 515 886 609 esoces
911 534 1008 607 nas
1034 534 1335 608 rennuens.

302 708 393 758 mon
418 678 465 755 de
496 677 650 756 Corbon
679 675 942 786 Lingonensis‚
973 672 1189 754 Gaubertus
1218 675 1266 753 de
1297 674 1381 752 Silli
1412 673 1640 762 Meldensis,
1669 678 1729 753 Jo

302 815 445 892 hannes
466 811 513 887 de
534 809 688 888 Vivariis
710 806 973 914 lingonensis,
995 806 1171 885 Mathone
1191 805 1239 883 de
1263 805 1362 883 Tille
1380 803 1668 895 Ambianeneis,
1692 824 1729 885 et

302 946 446 1050 Synron
475 941 522 1018 de
550 941 663 1018 lions
686 938 950 1017 Ambianensis
972 937 1217 1026 diocensium,
1242 937 1328 1043 qui,
1353 936 1462 1013 tactis
1485 939 1725 1014 sacrosanctis

302 1071 521 1179 Evangeliis,
534 1076 758 1179 juraverunt
776 1071 901 1146 dicere
916 1080 1045 1157 totam,
1061 1068 1213 1174 plenam
1230 1086 1268 1144 et
1284 1096 1426 1145 meram
1443 1067 1657 1155 veritatem,
1672 1095 1727 1145 se·

302 1205 472 1281 cundum
496 1202 657 1281 sormam
676 1201 882 1310 juramenti
907 1199 1067 1279 aliorum
1090 1200 1244 1278 testium
1269 1199 1448 1305 superius
1470 1198 1721 1307 mgistratum,

303 1335 508 1441 expositam
527 1350 567 1409 et
584 1332 846 1440 vulgariiatam
864 1331 1020 1409 eisdem.

358 1464 448 1542 Acta
465 1463 621 1540 luerunt
639 1465 709 1541 hec
725 1464 786 1540 die
810 1481 850 1541 et
862 1462 947 1540 loco
961 1461 1156 1568 predictis,
1172 1460 1411 1567 presentibus
1430 1460 1611 1567 magistro
1633 1461 1728 1537 tmi-

303 1597 370 1683 sio,
386 1623 447 1672 me
464 1595 717 1672 Floriamonte
736 1592 953 1681 Dondedei,
969 1610 1008 1671 et
1025 1592 1106 1672 aliis
1117 1592 1273 1671 notariis
1287 1620 1400 1699 snpra
1412 1591 1588 1697 proximo
1607 1593 1726 1668 nomi-

303 1745 410 1803 natis.

360 1988 448 2063 Post
459 1987 545 2072 hec,
567 1986 629 2062 dic
647 1984 773 2063 Sebati
793 1984 985 2092 sequenti,
1002 1985 1042 2061 in
1062 1984 1266 2061 masunum
1282 1983 1460 2060 videlicet
1472 1983 1725 2060 circumcisio·

305 2117 362 2192 nis
380 2116 550 2205 Domini,
573 2115 643 2192 luit
657 2116 841 2194 adductus
865 2116 912 2192 ed
929 2115 1160 2221 presenciam
1179 2114 1366 2192 dictorum
1383 2112 1633 2192 dominorum
1650 2115 1727 2220 epi-

303 2275 503 2353 scoporum
524 2246 755 2325 Mimatensis
775 2263 812 2322 et
832 2245 1123 2331 Lemovicensis,
1143 2245 1282 2323 Mathei
1303 2245 1350 2322 de
1368 2243 1540 2348 Neapoli,
1558 2261 1598 2320 et
1613 2245 1726 2321 archi-

305 2378 451 2455 diaconi
476 2376 705 2466 Tridentini,
738 2376 779 2452 in
814 2376 930 2452 domo
958 2375 1141 2481 predicta,
1172 2374 1285 2451 freter
1312 2375 1502 2452 lohannes
1527 2373 1576 2451 de
1600 2393 1726 2452 sancto

304 2509 448 2600 Questo
467 2507 698 2586 Belvacensis
722 2506 898 2598 diocesis,
920 2506 1101 2595 serviens,
1124 2507 1231 2584 testis
1249 2505 1525 2613 suprajurutus,
1546 2521 1594 2581 ut
1612 2506 1730 2611 depo:

304 2655 411 2715 neret
434 2639 579 2715 dictum
601 2666 735 2728 suum,
761 2664 838 2713 non
860 2634 1034 2714 delerem
1058 2636 1281 2713 mantellum
1306 2635 1468 2728 ordinis,
1485 2635 1576 2742 quia
1594 2635 1727 2712 volun-

303 2770 395 2845 tarie
413 2770 537 2874 ipsum
557 2769 767 2856 dimiserat,
785 2760 884 2844 sicut
898 2767 1009 2856 dixit,
1023 2767 1064 2844 in
1079 2767 1236 2845 concilio
1252 2767 1480 2858 Senonensi,
1497 2784 1536 2844 et
1547 2765 1635 2843 rasit
1649 2764 1722 2840 sibi

304 2896 476 2984 barbam,
491 2915 527 2973 et
543 2897 666 2974 fuerat
682 2927 769 2974 cum
785 2925 830 2975 eo
845 2897 1070 3004 inquisitum
1087 2896 1192 2984 alias,
1212 2925 1279 3002 per
1295 2896 1496 2973 dominum
1507 2896 1721 3002 episcopum

304 3026 613 3103 Aurelianeneem
633 3028 810 3115 Senonis,
832 3027 921 3105 sede
945 3043 1111 3115 vacante,
1138 3044 1175 3103 et
1193 3026 1389 3103 absolutus
1408 3044 1447 3104 et
1465 3024 1724 3104 reconciliatus

304 3184 373 3260 per
393 3183 501 3231 eum:
525 3173 563 3232 et
574 3173 652 3232 erat
669 3183 740 3234 xxx
761 3184 963 3246 annorum,
984 3158 1043 3235 vel
1062 3157 1177 3243 circa,
1195 3185 1264 3233 nec
1282 3155 1406 3234 fuerat
1418 3158 1459 3233 in
1474 3157 1608 3235 ordine
1620 3159 1728 3233 Tem·

305 3286 528 3392 pleniorum,
551 3286 646 3363 sicut
664 3288 771 3372 dixit,
791 3287 862 3362 nisi
883 3316 903 3361 a
925 3287 1020 3363 sesto
1038 3288 1317 3365 Purificacionis
1335 3289 1444 3365 beate
1465 3289 1581 3367 Marie
1605 3317 1726 3394 usque

305 3417 353 3493 ad
364 3416 598 3523 subsequens
617 3416 755 3493 sestum
774 3417 875 3493 beati
894 3417 1063 3523 Dyonisii
1079 3449 1087 3492 :
1106 3418 1211 3494 lectis
1230 3435 1356 3494 autem
1377 3435 1415 3494 et
1432 3419 1631 3526 diligenter
1650 3419 1722 3494 sibi

305 3547 481 3652 expositis
500 3548 677 3625 omnibus
693 3566 729 3623 et
745 3547 902 3654 singulis
916 3547 1098 3636 articulis,
1117 3548 1311 3654 respondit
1325 3549 1373 3623 ad
1389 3575 1463 3632 eos,
1480 3563 1519 3621 et
1533 3546 1657 3651 primo
1671 3549 1718 3621 ad

304 3679 445 3782 primos
466 3706 535 3765 uu,
557 3696 600 3754 ut
613 3680 796 3784 sequitur.
816 3678 1001 3755 Videlicet
1017 3705 1057 3754 se
1073 3708 1268 3785 nunquam
1283 3677 1490 3756 interfuisse
1506 3679 1721 3782 recepcioni

305 3807 461 3914 alicujus
485 3809 638 3885 alterius
664 3807 803 3900 fratris,
827 3837 897 3884 nec
921 3808 1092 3914 capitulis
1114 3809 1203 3886 dicti
1224 3811 1385 3896 ordinis,
1402 3809 1508 3885 unde
1534 3808 1726 3885 nesciebat

305 3939 617 4015 certitudinaliter
629 3940 659 4016 si
679 3967 765 4015 vera
783 3956 888 4015 erant
902 3957 1076 4016 contenta
1091 3940 1131 4015 in
1153 3939 1260 4016 dictis
1278 3940 1461 4027 articulis;
1482 3939 1661 4016 credebat
1672 3956 1724 4015 tr·

303 4067 395 4146 men
414 4070 520 4175 quod
542 4071 793 4146 communiter
815 4071 1073 4175 reciperentur
1092 4071 1131 4145 in
1152 4070 1285 4146 ordine
1302 4071 1400 4146 sicut
1421 4070 1501 4175 ipse
1527 4069 1653 4146 fuerat
1670 4096 1723 4144 re·

304 4216 444 4302 ceptus.
466 4202 509 4276 ln
528 4201 634 4307 cujus
652 4200 809 4305 quidem
826 4201 1063 4306 recepcione,
1080 4199 1172 4276 lacta
1190 4229 1258 4304 per
1277 4200 1429 4276 fratrem
1444 4200 1659 4275 lohannern
1679 4198 1721 4273 dc

303 4328 510 4432 lngecuria,
533 4348 791 4435 preceptorem
809 4348 898 4406 tunc
915 4332 1051 4406 domus
1065 4330 1212 4435 Templi
1233 4332 1279 4406 de
1295 4331 1413 4407 Salice
1434 4357 1549 4434 super
1563 4333 1718 4412 lenem,

303 4456 342 4531 in
367 4459 506 4563 capella
531 4461 628 4536 dicte
650 4461 801 4548 domus,
820 4461 1060 4566 presentibus
1079 4454 1257 4538 fratribus
1276 4462 1442 4549 Nicolao,
1461 4460 1571 4565 cujus
1590 4488 1721 4568 cogno·

304 4614 391 4662 men
410 4588 570 4692 ignorat,
587 4590 807 4694 presbitero,
826 4593 997 4669 iohanne
1017 4593 1158 4670 Pascon
1178 4609 1216 4669 et
1235 4591 1406 4669 iohanne
1422 4591 1469 4667 de
1482 4589 1599 4666 Belna
1617 4591 1719 4666 etlo-

304 4713 427 4789 henne
457 4718 502 4792 de
530 4719 729 4806 Monestal,
756 4723 927 4800 lohanne
950 4722 997 4799 de
1022 4720 1140 4800 Sellin
1168 4740 1206 4799 et
1224 4721 1432 4801 Guillelmo
1457 4721 1631 4799 Lenllant
1650 4746 1717 4796 ser·

304 4842 508 4932 vientibus,
531 4848 578 4922 de
598 4876 762 4955 quorum
781 4854 855 4930 vita
878 4853 936 4931 vel
965 4870 1085 4932 morte
1109 4880 1185 4932 non
1211 4852 1326 4931 babet
1343 4852 1632 4939 certitudinem,
1652 4847 1718 4926 luit
