4080 6052
459 526 474 543 ’
529 529 576 604 ao
913 507 1110 602 ruoors
1136 524 1230 598 nes
1256 524 1555 600 ruurnmns

583 670 671 745 Post
691 667 763 743 hec
785 664 898 744 frater
915 664 1103 744 lohannes
1118 666 1166 743 de
1181 664 1278 745 Villa
1293 665 1420 754 Serva,
1442 665 1628 743 adductus
1646 664 1694 741 ad
1711 670 1944 770 presenciam

529 798 751 878 eorumdem
772 798 1014 874 dominorum
1034 795 1393 883 commissariorum,
1415 811 1454 872 et
1469 795 1674 904 requisitus
1695 776 1764 902 per
1786 795 1948 889 eosdem,
2032 803 2038 819 ⁴

527 925 557 1007 si
581 929 729 1006 volebat
755 926 899 1006 dib'tum
923 928 1095 1006 ordinem
1121 925 1341 1018 defendere,
1362 926 1558 1033 respondit
1580 927 1685 1032 quod
1705 943 1783 1003 erat
1800 957 1944 1036 pauper
2032 916 2036 923 ¹

525 1063 643 1138 bomo
678 1077 716 1137 et
747 1086 825 1135 non
857 1074 998 1166 posset,
1031 1074 1070 1135 ct
1095 1058 1201 1164 quod
1229 1055 1391 1135 libenter
1422 1055 1643 1135 defenderet
1668 1083 1758 1135 emn
1781 1057 1944 1139 inbono

527 1219 596 1268 suo
618 1208 655 1267 et
673 1190 818 1266 honore
838 1216 925 1281 suo,
946 1189 977 1266 si
996 1205 1139 1294 posset3
1156 1189 1225 1266 sed
1242 1188 1332 1296 quia
1350 1186 1511 1265 nesciret
1527 1213 1597 1275 nec
1614 1204 1756 1293 posset,
1771 1216 1848 1266 non
1861 1191 1942 1269 vult

528 1350 615 1397 eum
642 1319 862 1414 defendere3
887 1337 926 1396 et
944 1318 1148 1424 requisitus
1173 1345 1217 1394 ex
1239 1317 1472 1395 habundanti
1493 1317 1524 1395 si
1543 1318 1623 1395 vult
1643 1346 1877 1424 perseverare
1902 1321 1941 1397 in

526 1449 757 1529 confessione
776 1476 845 1556 per
865 1477 953 1526 aum
972 1446 1105 1537 factam
1125 1475 1249 1526 coram
1272 1448 1427 1537 domino
1455 1448 1629 1555 episcopo
1656 1450 1869 1538 Parisiensi‚
1889 1479 1944 1528 re·

526 1582 679 1685 spondit
696 1579 801 1686 quod
821 1577 884 1656 sic.
967 1669 971 1677 ,
1446 1601 1452 1610 ·
1655 1572 1656 1576 “

580 1841 670 1917 Post
694 1842 765 1917 hec
794 1838 907 1917 frater
935 1837 1149 1919 Gaubertus
1184 1841 1231 1917 de
1261 1840 1388 1928 Malle,
1421 1842 1606 1918 adductus
1640 1843 1689 1919 ad
1711 1843 1941 1949 presenciam

527 1970 714 2047 dictorum
736 1970 978 2047 dominorum
1000 1971 1352 2060 commissariorum,
1371 1988 1410 2047 et
1427 1972 1632 2078 requisitus
1648 1999 1717 2079 per
1736 1972 1888 2047 eosdem
1907 1973 1938 2047 si
2003 2004 2008 2014 ·

423 2088 427 2098 ’
525 2098 672 2175 volebat
700 2099 841 2175 dictum
868 2099 1043 2176 ordinem
1073 2097 1293 2191 defendere,
1320 2103 1514 2206 respondit
1542 2102 1647 2210 quod
1671 2098 1821 2178 nolebat
1850 2128 1939 2176 eum

527 2225 746 2319 defendere,
769 2244 807 2305 et
829 2226 1050 2335 persistebat
1068 2226 1108 2306 in
1128 2226 1359 2307 confossione
1378 2257 1493 2341 quam
1513 2229 1602 2309 fecit
1622 2257 1745 2309 coram
1765 2230 1940 2335 episcopo

526 2357 778 2434 Laudunensi.
824 2411 827 2416 -

581 2623 669 2698 Post
687 2623 758 2697 hec
779 2618 892 2697 frater
910 2620 1029 2729 Aymo
1054 2623 1101 2699 de
1120 2621 1308 2712 Barbona,
1331 2623 1515 2699 adductus
1539 2621 1588 2698 ad
1612 2600 1843 2725 presenciam
1875 2648 1940 2698 eo-

526 2750 702 2824 rumdem
724 2749 1346 2841 dominorum-commissariorum,
1369 2767 1407 2826 et
1424 2750 1627 2855 requisitus
1645 2777 1714 2856 per
1734 2751 1888 2827 eosdem
1907 2752 1937 2827 si

525 2875 673 2976 volebat
693 2877 835 2954 dictum
855 2881 1029 2988 ordinem
1049 2878 1269 2968 defendere,
1290 2880 1484 2987 respondit
1511 2882 1617 2986 quod
1637 2879 1710 2955 fuit
1727 2898 1786 2956 ter
1805 2881 1843 2955 in
1862 2859 1939 2957 tor·

525 3006 662 3083 mentis
678 3008 838 3110 positus,
858 3025 896 3086 et
912 3012 1169 3117 apponebatur
1191 3011 1261 3088 sibi
1280 3037 1376 3119 aqua
1397 3022 1483 3087 cum
1501 3010 1633 3088 cucula
1650 3011 1689 3086 in
1710 3038 1791 3102 ore,
1813 3026 1851 3087 et
1868 3007 1940 3085 fuit
2022 3038 2025 3043 ’

525 3138 573 3211 ad
592 3164 728 3242 panem
748 3127 939 3245 et'aquam
963 3169 1032 3246 per
1054 3141 1452 3248 novem‘septimanas,
1474 3156 1513 3217 et
1535 3141 1640 3248 quod
1663 3168 1806 3246 pauper
1824 3139 1939 3216 homo

521 3254 614 3356 erat,
638 3284 675 3343 et
693 3268 798 3373 quod
816 3296 893 3346 non
910 3286 1056 3375 poterat
1073 3270 1275 3347 defendere
1294 3271 1418 3374 ipsum
1436 3268 1629 3360 ordinem,
1643 3285 1681 3344 et
1699 3270 1803 3377 quod
1818 3248 1941 3346 liben-

482 3457 486 3464 .
523 3415 581 3471 ter
602 3426 690 3472 eum
713 3395 933 3474 defenderet
951 3400 982 3474 si
1001 3416 1141 3504 posset,
1164 3401 1231 3475 sed
1254 3426 1331 3473 non
1355 3414 1501 3502 poterat
1519 3398 1613 3502 ,quia
1637 3414 1763 3502 captus
1787 3412 1878 3486 erat,
1902 3416 1940 3474 et

450 3592 455 3604 .
524 3527 628 3630 quod
647 3527 768 3603 tribus
788 3508 894 3604 annis
916 3545 1089 3604 tenuerat
1113 3554 1180 3603 seu
1207 3527 1434 3603 custodierat
1453 3555 1637 3603 cameram
1657 3524 1819 3632 Magistri
1839 3525 1939 3603 ultra

524 3683 642 3744 mare,
661 3673 698 3732 et
715 3658 820 3762 quod
840 3656 893 3732 nil
911 3656 1000 3732 mali
1021 3655 1160 3733 sciebat
1179 3656 1217 3731 in
1236 3655 1411 3761 Magistro
1431 3683 1501 3732 nec
1521 3656 1559 3731 in
1580 3655 1725 3743 ordine,
1748 3670 1786 3744 et
1803 3656 1941 3734 nescio

475 3877 478 3880 y
523 3785 587 3862 bat
606 3787 701 3893 quid
720 3769 816 3866 esset
834 3785 1012 3876 facturus,
1034 3787 1123 3892 quia
1141 3784 1210 3862 sibi
1229 3812 1364 3891 corpus
1385 3786 1536 3862 dolebat
1555 3802 1592 3863 et
1610 3784 1731 3860 anima
1750 3784 1878 3871 flebat,
1902 3806 1939 3862 et

524 3915 629 4021 quod
647 3917 764 3994 multa
784 3915 880 3991 mala
898 3941 1027 4020 passus
1053 3929 1108 3992 est
1128 3942 1197 4020 pro
1218 3916 1362 3991 ordine.
1384 3916 1478 3992 Item
1502 3916 1749 4021 interrogatus
1773 3914 1804 3991 si
1828 3912 1940 3992 vellet

526 4045 648 4122 dicere
669 4045 811 4154 aliquid
830 4071 946 4151 quare
966 4043 1055 4120 dicti
1079 4044 1222 4120 domini
1243 4044 1484 4122 commissarii
1502 4071 1580 4120 non
1603 4043 1786 4122 deberent
1807 4070 1961 4146 proce·⁴

526 4170 614 4247 dere
635 4175 683 4249 ad
702 4175 987 4278 inquisicionem
1007 4203 1075 4280 per
1094 4173 1248 4253 eosdem
1266 4173 1490 4262 faciendam,
1507 4174 1698 4278 respondit
1716 4171 1822 4274 quod
1840 4172 1940 4247 nole-

523 4300 588 4377 bat
602 4301 745 4409 aliquid
760 4305 883 4384 dicere
899 4331 968 4382 nec
981 4332 1051 4410 pro
1066 4307 1199 4382 ordine
1215 4334 1283 4383 nec
1298 4322 1426 4381 contra
1439 4302 1624 4394 ordinem,
1642 4299 1825 4407 quamdiu
1842 4320 1939 4379 esset

524 4450 662 4538 captus.
690 4435 783 4510 Item
808 4437 1057 4540 interrogatus
1081 4433 1111 4510 si
1136 4434 1284 4512 volebat
1306 4433 1501 4540 persistere
1528 4430 1568 4505 in
1595 4429 1825 4507 confessione
1853 4460 1935 4515 sua,

525 4561 719 4661 respondit
732 4563 837 4665 quod
849 4592 925 4640 non
941 4565 1082 4643 diceret
1095 4561 1200 4639 aliud
1220 4593 1335 4671 quam
1354 4563 1457 4654 dixit,
1477 4561 1660 4669 quamdiu
1681 4578 1778 4640 esset
1797 4579 1934 4668 captus.

567 4776 669 4893 'Post
692 4817 762 4893 hec
790 4816 901 4895 frater
925 4821 1136 4926 Stephanus
1166 4825 1212 4901 de
1237 4826 1394 4911 Promo,
1421 4825 1606 4904 adductus
1634 4826 1681 4903 ad
1707 4823 1935 4930 presenciam
