4080 6052
478 521 674 614 ruccas
700 539 796 611 nas
821 541 1122 615 rnurtlaas.
1436 548 1507 622 d55

94 703 138 761 ut
152 684 363 774 videbatur,
377 681 521 761 habena
542 683 694 760 occulos
706 680 876 760 tumidos
889 700 928 760 et
941 683 1172 772 lacrimosos,
1190 685 1295 789 quod
1310 686 1391 793 ejus
1408 716 1510 792 aspa-

93 833 175 893 etus
196 814 269 891 suit
286 813 357 919 ipsi
379 814 464 891 testi
488 831 527 892 et
545 813 627 892 aliis
646 813 775 890 amicis
792 840 924 890 eornm
940 814 1196 892 assistentibus
1215 813 1322 920 quasi
1340 815 1512 893 horibilis

82 931 130 1020 ⁴et
147 943 338 1022 terribilia.
360 943 459 1021 Cum
478 961 605 1052 tamen
624 961 825 1050 antequam
845 942 935 1019 dicti
961 945 1039 1021 duo
1062 945 1200 1021 milites
1218 945 1512 1045 introduxissent

91 1104 178 1153 eum
203 1078 241 1151 in
269 1074 415 1151 dictum
439 1074 567 1151 locum
591 1090 794 1161 secretum,
816 1091 915 1150 esset
932 1074 1036 1152 idem
1054 1074 1168 1152 frater
1190 1074 1392 1153 bucelinus
1413 1075 1512 1155 letus

92 1221 130 1284 et
149 1208 341 1314 jocundus
368 1223 406 1282 et
430 1204 521 1283 boni
548 1224 586 1283 et
610 1204 747 1312 placidi
774 1221 959 1311 aspectus,
981 1206 1123 1313 dequo
1147 1207 1226 1311 ipse
1253 1207 1359 1282 testis
1386 1224 1424 1282 et
1449 1208 1511 1282 alii

92 1338 200 1412 amici
221 1364 353 1414 eorum
374 1363 484 1441 quam
506 1336 714 1441 plurimum
740 1334 930 1425 admirati,
954 1335 1129 1411 dixerunt
1148 1336 1247 1411 inter
1268 1364 1308 1411 se
1322 1337 1429 1443 quod
1445 1338 1513 1413 ali-

93 1469 178 1573 quis
193 1494 324 1544 comm
345 1467 554 1572 requireret
567 1494 670 1556 eum,
686 1493 753 1571 per
773 1481 1048 1540 sacramentum
1063 1467 1117 1541 eis
1135 1464 1273 1541 factum
1288 1483 1373 1542 ante
1385 1494 1513 1573 recep·

95 1597 255 1685 cionem,
276 1598 381 1702 quod
396 1596 578 1672 revelaret
597 1595 650 1673 eis
664 1593 828 1701 qualiter
846 1592 968 1671 fuerat
976 1595 1246 1700 receptus3'sed
1259 1593 1422 1673 finaliter
1441 1598 1515 1673 dis—

93 1727 263 1805 tulerunt
282 1728 355 1804 hoe
368 1744 497 1833 petere
509 1753 631 1833 usque
646 1742 731 1830 post
743 1725 957 1832 prandium.
969 1725 1057 1817 Quo
1078 1741 1285 1832 assumpto,
1309 1728 1390 1832 ipse
1409 1730 1514 1804 testis

94 1857 141 1931 ad
159 1857 325 1953 eundem
340 1855 564 1933 Ancelinnm
580 1854 731 1932 rediens
746 1871 784 1929 et
799 1854 964 1930 eundem
977 1851 1238 1957 multipliciter
1253 1855 1451 1931 consolans
1468 1857 1513 1932 de

94 1986 311 2090 recepcione
332 2012 397 2062 sua
417 1983 602 2090 predicta,
630 2000 667 2059 et
692 1983 773 2087 ipso
800 1982 981 2059 Ancelino
1010 1983 1129 2058 nichil
1152 1985 1421 2089 respondente,
1448 1989 1512 2062 sed
1595 2016 1596 2019 ¹

94 2142 253 2219 semper,
274 2134 318 2191 ut
336 2116 543 2201 videbatur,
568 2115 607 2188 in
629 2114 726 2190 dicta
746 2113 967 2190 turbacione
989 2112 1112 2190 cordis
1137 2131 1328 2203 manente,
1354 2113 1516 2191 finaliter

95 2243 173 2347 ipse
188 2244 295 2321 testis
308 2245 502 2351 requisivit
516 2270 604 2320 eum
616 2244 687 2319 sub
703 2243 833 2319 debito
842 2243 1049 2350 juramenti
1060 2243 1094 2318 ei
1107 2259 1145 2319 et
1158 2242 1239 2319 aliis
1252 2244 1395 2348 prestiti
1411 2247 1515 2349 quod

94 2372 274 2450 revelaret
289 2376 342 2451 eis
361 2374 519 2451 modum
548 2372 780 2477 recepcionis
803 2400 869 2448 sue
895 2371 1080 2476 predicte3
1106 2389 1144 2449 et
1167 2373 1291 2449 dictus
1313 2373 1515 2450 Aneelinus

94 2522 197 2580 torvo
214 2505 326 2582 oculo
338 2477 546 2609 respiciens¹
561 2505 685 2608 ipsum
707 2519 854 2589 testem,
876 2501 969 2577 dixit
987 2503 1020 2577 ei
1030 2502 1134 2606 qnod
1152 2528 1222 2578 nec
1239 2503 1318 2609 ipse
1339 2531 1408 2579 nee
1422 2505 1516 2582 alius

95 2633 341 2740 loquerentur
355 2634 426 2710 sibi
444 2633 620 2737 deinceps
636 2632 683 2708 de
702 2632 792 2724 hoc,
814 2632 902 2738 quia
916 2659 993 2708 non
1004 2631 1167 2708 habebat
1181 2631 1334 2738 aliquod
1354 2635 1515 2710 amicum

94 2763 151 2838 vel
164 2780 371 2868 parentem,
381 2763 412 2839 si
427 2762 651 2869 loqueretur
661 2761 732 2838 sibi
746 2761 793 2838 de
803 2763 893 2852 boc,
909 2790 1023 2867 quem
1037 2762 1158 2838 nollet
1173 2790 1251 2839 esse
1267 2764 1514 2847 exoculatum

97 2910 135 2968 et
147 2910 238 2968 tune
256 2894 335 2999 ipse
353 2893 459 2969 testis
475 2892 566 2968 dixit
583 2891 654 2967 sibi
673 2892 780 2998 quod
795 2919 873 2967 non
894 2891 1113 2996 loqueretur
1131 2892 1165 2967 ci
1188 2892 1348 2970 ulterius
1368 2893 1415 2968 de
1431 2920 1517 2997 pre·

97 3022 214 3098 dictis.
234 3024 322 3099 Post
340 3021 410 3098 hec
430 3048 518 3097 vero
540 3020 602 3097 die
617 3039 817 3127 sequente,
836 3020 895 3095 vel
911 3021 1025 3126 paulo
1044 3038 1145 3127 post,
1168 3050 1255 3098 cum
1274 3022 1430 3129 quidam
1444 3022 1517 3097 lra-

96 3168 171 3227 tres
193 3151 334 3229 vellent
356 3150 597 3228 transfretare
618 3150 796 3228 iacientes
813 3150 1014 3227 transitum
1035 3179 1103 3255 per
1122 3152 1369 3260 Lugdunum,
1396 3153 1517 3228 dictus

96 3280 209 3357 frater
227 3281 432 3359 Ancelinus
445 3283 511 3388 qui
527 3281 630 3387 prius
644 3280 912 3358 transfretandi
934 3281 1188 3357 intencionem
1208 3282 1382 3373 habebat,
1403 3310 1518 3387 prop-

95 3427 154 3485 ter
170 3410 401 3489 voluntatem
423 3412 629 3488 amicorum
650 3411 716 3517 qui
737 3410 812 3487 boc
832 3409 1114 3499 desiderabant,
1137 3412 1309 3488 asociavit
1328 3439 1368 3487 se
1388 3412 1458 3497 eis,
1481 3430 1517 3487 et

96 3538 168 3615 fuit
194 3542 232 3618 in
258 3543 371 3619 armis
391 3560 428 3618 ot
449 3543 554 3648 equis
582 3559 620 3618 et
645 3540 728 3618 aliis
760 3542 978 3618 necessariis
999 3540 1265 3616 convenienter
1287 3569 1354 3646 per
1380 3542 1519 3617 amicos

96 3671 278 3747 munitus.
295 3674 393 3748 Cum
408 3689 533 3748 autem
550 3671 676 3748 ivisset
686 3698 807 3776 usque
825 3672 874 3746 ad
888 3670 1130 3757 Mamiliam,
1152 3687 1195 3746 ut
1209 3671 1311 3747 idem
1327 3671 1433 3747 testis
1452 3700 1519 3746 au-

99 3798 206 3885 diuit,
234 3800 354 3876 dictus
375 3798 488 3874 frater
511 3797 732 3888 Aneelinus,
758 3798 899 3874 relictis
919 3797 1025 3904 cquis
1053 3816 1091 3874 et
1112 3799 1324 3888 armaturis,
1351 3828 1518 3877 reversus

98 3928 225 4004 estad
250 3929 406 4004 domum
432 3926 553 4003 fratris
577 3929 651 4018 sui,
678 3944 826 4004 etcum
857 3928 938 4034 ejus
962 3927 1072 4003 amici
1099 3928 1146 4004 de
1172 3956 1343 4034 regressu
1369 3958 1439 4007 sno
1463 3958 1520 4006 es·

98 4074 180 4133 sent
193 4086 308 4164 quam
324 4057 539 4164 plurimum¹
549 4057 721 4133 admirati
740 4074 778 4133 et
792 4057 949 4150 turbati,
967 4075 1005 4134 et
1022 4085 1110 4134 cum
1129 4059 1453 4164 reprehenderent
1469 4063 1517 4137 de

98 4216 286 4294 regressu,
314 4189 392 4295 ipse
417 4189 613 4294 respondit
640 4188 693 4265 eis
716 4188 821 4294 quod
843 4188 1079 4266 dimitterent
1105 4217 1208 4280 eum,
1239 4190 1326 4295 quia
1352 4218 1429 4266 non
1454 4220 1521 4267 cu-

98 4318 202 4394 rabat
217 4346 298 4414 esse
312 4319 352 4395 in
367 4319 542 4396 societate
557 4317 875 4424 Templariorum
888 4336 1001 4425 prout
1017 4319 1209 4425 predictus
1224 4319 1387 4398 Poncius
1407 4319 1521 4398 frater

97 4448 203 4524 testis
235 4449 441 4555 loquentis,
472 4466 511 4525 et
535 4447 649 4524 frater
674 4448 837 4526 lacobus
865 4449 968 4555 prior
997 4449 1113 4527 saneti
1141 4451 1241 4527 Petri
1271 4451 1312 4525 in
1339 4449 1521 4528 Alaverdo

99 4575 375 4683 Gratapolitane
401 4578 578 4668 diocesis,
601 4594 639 4656 et
658 4580 870 4685 Stephanus
892 4580 1129 4684 supradictus
1148 4580 1281 4658 fratres
1305 4581 1422 4687 ipsius
1444 4580 1520 4657 An·

99 4705 227 4793 celim,
250 4708 319 4813 ipsi
343 4709 429 4786 testi
454 4724 583 4815 postea
605 4708 835 4798 retulerunt,
862 4727 900 4786 et
926 4708 1102 4788 dicebant
1129 4711 1245 4789 eciam
1273 4711 1379 4817 quod
1400 4710 1520 4787 dictus

99 4834 212 4913 scater
227 4835 432 4918 Ancelinus
451 4838 656 4944 aliquando
678 4839 732 4917 eis
750 4839 893 4917 dixerat
909 4840 1015 4945 quod
1033 4841 1235 4948 Templarii
1252 4857 1358 4920 erant
1372 4843 1520 4948 pejores
