4080 6052
304 526 377 599 aaa
689 504 886 601 raocts
912 524 1008 597 uss
1034 521 1332 601 rauetrsas.

302 665 455 772 spondit
468 665 572 773 quod
585 693 679 754 non,
694 665 784 771 quia
798 664 870 744 sihi
882 664 1128 773 postmodum
1143 661 1435 751 confitebantur3
1451 658 1638 767 jurabant
1650 689 1723 741 non

304 798 403 875 exire
416 796 606 889 ordinem,
616 772 663 873 ¹et
678 797 805 875 statim
818 824 888 903 pro
906 778 1084 901 professis
1104 792 1353 880 habebantur,
1371 791 1480 898 quod
1497 808 1579 869 erat
1596 810 1721 871 coum

264 924 267 928 '
300 929 379 1035 jus,
392 944 438 1006 ut
452 927 524 1005 sibi
541 926 702 1021 videtur,
722 944 762 1006 et
776 944 904 1005 contra
918 924 1109 1033 quoddam
1124 924 1364 1032 privilegium
1380 950 1529 1015 eorum,
1540 923 1641 1029 quod
1659 923 1719 1001 in·

304 1057 418 1163 cipit:
439 1056 563 1137 Omne
594 1058 725 1136 datum
754 1059 963 1165 optimum,
981 1072 1020 1135 et
1051 1074 1138 1159 cu‘m
1166 1054 1291 1133 dictus
1317 1053 1432 1131 frater
1456 1051 1642 1131 lohannes
1665 1053 1714 1131 de

303 1187 467 1295 Felheyo
492 1202 531 1265 et
555 1187 635 1295 ipse
653 1189 762 1267 testis
779 1188 1028 1296 loquerentur
1046 1184 1237 1291 aliquibus
1255 1181 1450 1275 fratribus,
1472 1198 1561 1261 ante
1579 1183 1715 1289 capcio-

302 1346 392 1395 nem
407 1342 557 1412 sorum,
569 1321 674 1427 quod
687 1320 832 1399 malum
848 1336 928 1396 erat
940 1317 1029 1424 quia
1048 1316 1172 1394 statim
1189 1342 1260 1422 pro
1275 1313 1452 1421 professio
1471 1310 1717 1403 habebantur,

304 1465 341 1524 at
359 1464 490 1525 contra
508 1446 652 1526 dictum
670 1448 927 1557 privilegium,
948 1447 1165 1525 habuerunt
1177 1445 1285 1523 valde
1303 1470 1375 1551 pro
1391 1441 1496 1521 malo
1517 1458 1557 1523 at
1574 1440 1653 1521 lere
1667 1444 1719 1521 ir-

304 1578 521 1657 rueruut'in
542 1604 625 1669 eos,
646 1596 685 1657 et
703 1578 912 1687 specialiter
929 1576 1045 1655 frater
1062 1578 1251 1655 lohannes
1267 1573 1386 1653 Ducis
1404 1572 1623 1652 Parisiensis
1640 1574 1719 1652 dio-

305 1709 409 1787 cesis.
423 1708 664 1789 Clandestine
679 1708 969 1816 recipiebantur,
986 1734 1031 1785 ex
1043 1734 1121 1816 quo
1140 1705 1303 1815 suspicio
1322 1718 1455 1781 contre
1470 1702 1637 1781 ordinem
1650 1702 1716 1783 ha·

303 1838 481 1933 bebatur3
496 1868 566 1947 per
580 1856 855 1919 sacramentum
867 1838 1096 1919 tenebantur
1110 1863 1189 1917 non
1206 1832 1371 1913 revelare
1386 1851 1533 1914 secreta
1550 1830 1716 1941 capitulo

304 1985 450 2079 rum,et
458 1970 489 2047 si
496 1967 908 2059 revelassent,fi1issent
915 1968 1053 2075 puniti,
1063 1966 1258 2047 sednescit
1266 1964 1719 2073 qualiter3injungehatm

306 2098 360 2175 eis
379 2096 484 2202 quod
507 2125 583 2175 non
603 2096 873 2175 confiterentur
892 2098 964 2177 nisi
986 2096 1166 2177 fratribus
1189 2095 1448 2175 sacerdotibus
1472 2095 1635 2185 ordinis,
1658 2095 1719 2175 sed

305 2226 421 2331 aliqui
439 2253 516 2303 non
537 2227 741 2305 servabant.
763 2226 1000 2335 Negligentes
1017 2228 1174 2306 fuerunt
1191 2227 1222 2306 si
1241 2225 1410 2303 sciebant
1426 2252 1577 2303 errores
1595 2242 1635 2305 et
1650 2254 1718 2306 non

305 2371 555 2434 correxerunt.
577 2357 757 2446 Parisios,
781 2374 821 2435 et
840 2357 880 2435 in
896 2357 979 2439 aliis
997 2356 1176 2436 domibus
1192 2358 1231 2432 in
1252 2354 1392 2462 quibus
1408 2353 1482 2433 suit
1501 2356 1584 2461 ipse
1603 2357 1718 2449 testis,

305 2487 508 2566 elemosine
524 2505 563 2566 et
574 2488 805 2595 hospitalitas
818 2490 1083 2568 convenienter
1094 2487 1347 2577 servabantur,
1361 2485 1432 2565 sed
1442 2487 1561 2565 semel
1573 2504 1720 2595 propter

304 2620 497 2697 carestiam
513 2618 585 2695 fuit
595 2619 764 2697 restricta
775 2618 978 2696 elemosina
991 2619 1092 2725 apud
1104 2619 1318 2697 Scesiacum
1332 2617 1541 2697 Meldensis
1554 2617 1718 2708 diocesis,

304 2749 464 2855 fereper
493 2749 663 2827 medium
693 2779 847 2828 annum.
875 2750 1073 2857 Capitulia,
1098 2749 1257 2828 firmatis
1278 2749 1416 2856 januis,
1443 2750 1567 2843 missa,
1597 2751 1713 2841 tercia,

304 2896 343 2953 et
366 2880 524 2956 meridie
546 2881 670 2971 dictis,
693 2897 731 2958 et
750 2909 924 2959 sermone
949 2910 1018 2988 per
1034 2880 1200 2986 aliquem
1221 2879 1442 2986 religiosum
1462 2879 1573 2971 facto,
1586 2880 1633 2957 de
1653 2880 1714 2959 die

304 3006 547 3100 tenebantur,
576 3012 746 3087 ordinata
771 3040 840 3117 per
859 3011 1081 3119 Magistrum
1105 3027 1144 3087 et
1163 3027 1391 3087 conventum
1414 3011 1512 3089 ordo
1537 3008 1714 3101 servabat;

305 3137 459 3242 grandia
476 3138 646 3215 scandala
664 3157 791 3216 contra
809 3142 983 3218 ordinem
1003 3159 1091 3218 sunt
1115 3158 1241 3217 exorta
1260 3157 1416 3245 propter
1435 3170 1583 3220 errores
1599 3143 1666 3250 qui
1683 3142 1720 3219 in

306 3301 350 3349 eo
370 3300 449 3348 csse
466 3271 655 3362 dicuntur,
670 3271 717 3347 de
735 3271 875 3378 quibus
895 3272 1085 3349 erroribus
1103 3272 1134 3348 si
1152 3287 1257 3348 crant
1276 3272 1355 3376 ipse
1372 3272 1479 3349 testis
1497 3289 1536 3348 et
1552 3271 1615 3347 alii
1630 3270 1721 3349 infe-

305 3406 422 3480 riores
440 3403 583 3481 ordinis
604 3402 789 3510 [certiores
793 3406 920 3508 sacti?
933 3402 963 3508 ],
986 3430 1062 3479 non
1082 3400 1241 3480 fuissent
1259 3403 1338 3480 ausi
1359 3403 1635 3508 reprehendere
1653 3432 1718 3478 su-

304 3534 470 3638 periores
490 3562 589 3611 suos.

361 3666 576 3770 Requisitus
605 3666 633 3740 si
666 3664 718 3740 sic
748 3664 973 3769 deposuerat
998 3691 1123 3769 prece,
1151 3681 1346 3770 precepto,
1377 3661 1532 3747 timore,
1567 3689 1715 3749 amore,

306 3793 409 3884 odio,
431 3793 487 3868 vel
517 3793 714 3898 temporali
736 3793 902 3871 comodo
932 3794 1059 3871 habito
1088 3793 1147 3870 vel
1175 3793 1368 3882 hahendo,
1393 3791 1587 3897 respondit
1615 3792 1718 3898 quod

305 3951 398 4012 non,
422 3923 489 4000 sed
508 3951 576 4028 pro
597 3925 749 4000 veritate
769 3923 949 4013 dicenda3
972 3924 1032 4001 cui
1052 3922 1124 4000 fuit
1145 3923 1357 4030 injunctum
1376 3952 1444 4028 per
1463 3922 1583 4000 dictos
1601 3924 1719 4000 domi-

304 4082 373 4130 nos
399 4055 688 4147 commissarios,
712 4055 752 4129 in
776 4055 910 4132 virtute
928 4055 1133 4162 juramenti
1154 4056 1296 4161 prestiti
1317 4083 1385 4160 per
1411 4053 1596 4145 eundem,
1620 4054 1717 4160 quod

305 4212 380 4260 non
401 4186 583 4263 revelaret
602 4188 698 4263 hanc
718 4214 824 4263 suam
846 4185 1124 4290 deposicionem
1144 4214 1344 4293 quousque
1364 4186 1626 4263 attestaciones
1648 4183 1718 4260 lue

306 4316 381 4392 rint
400 4317 598 4421 publicata.

360 4580 512 4654 Eisdem
534 4580 594 4656 dic
622 4597 658 4655 et
685 4580 767 4657 loco
787 4580 860 4657 suit
881 4580 1067 4659 adductus
1086 4581 1134 4657 ad
1152 4582 1384 4688 presenciam
1405 4578 1631 4657 eorumdem
1657 4577 1717 4653 do

304 4706 497 4782 minorum
516 4711 857 4789 commissariorum
868 4711 980 4788 srater
992 4711 1169 4790 Albertus
1187 4713 1234 4789 de
1253 4710 1415 4790 Canellis
1430 4709 1558 4799 miles,
1578 4709 1713 4815 Aquen-

302 4836 354 4912 sis
368 4837 537 4931 diocesis,
553 4841 738 4944 provincie
751 4842 1057 4935 Mediolanensis,
1070 4860 1268 4949 preceptor
1278 4840 1428 4920 bailivie
1444 4840 1570 4919 insule
1579 4835 1708 4922 Sicilie,
