4080 6052
304 561 376 630 602
689 538 882 631 raocts
908 555 1003 626 nas
1028 552 1331 624 ratramnus.

303 678 517 786 Februarii,
531 695 602 773 luit
614 697 800 774 adductus
815 697 863 773 ad
876 693 1106 801 presenciam
1122 693 1347 769 eorumdem
1358 689 1613 767 dominorum
1629 703 1734 766 comss

305 829 578 914 miseriorum,
599 827 639 906 in
660 828 756 905 dicta
781 829 895 905 domo
917 824 1074 900 fratrum
1099 824 1312 914 Minorum,
1334 820 1449 898 frater
1465 819 1670 898 Gerardus
1683 822 1728 897 de

304 960 409 1062 Rupe
432 958 617 1034 Amatoris
639 957 844 1063 presbyter,
872 956 918 1032 de
941 953 1072 1032 Castro
1095 952 1373 1042 Lemovicensi,
1402 949 1515 1027 testis
1535 978 1645 1055 supra
1662 952 1724 1055 ju·
1769 1054 1773 1061 ¹

305 1106 421 1176 ratus,
443 1105 486 1164 ut
505 1087 713 1192 deponeret
734 1087 877 1163 dictum
896 1112 1025 1171 suum,
1048 1099 1201 1188 portans
1224 1080 1448 1159 mantellum
1474 1080 1641 1169 ordinis,
1657 1099 1724 1158 eta·

304 1218 352 1294 tis
374 1216 617 1322 quadraginta
640 1218 804 1292 duorum
824 1241 1011 1291 annorum
1025 1213 1089 1297 ,vel
1108 1212 1220 1304 circa,
1249 1241 1336 1289 cum
1360 1239 1438 1318 qno
1462 1209 1590 1287 luerat
1613 1210 1726 1316 inqui·

305 1346 419 1421 situm
448 1374 516 1450 per
541 1345 741 1422 dominum
763 1344 979 1450 episcopum
1006 1343 1334 1430 lemovicensem,
1363 1340 1430 1446 qui
1456 1368 1561 1416 nunc
1590 1357 1667 1430 est,
1693 1359 1728 1417 et

306 1475 501 1551 absolutus
525 1492 562 1551 et
588 1474 848 1551 reconciliatus
869 1501 938 1579 per
957 1500 1057 1551 eum.
1084 1473 1205 1548 Lectis
1226 1490 1352 1549 autem
1377 1488 1415 1548 et
1441 1471 1649 1577 diligenter
1667 1501 1728 1547 ex·

305 1604 436 1710 positis
460 1605 530 1680 sibi
556 1604 732 1680 omnibus
757 1622 796 1679 et
823 1602 980 1708 singulis
1002 1601 1190 1691 articulis,
1217 1601 1413 1708 respondit
1437 1629 1479 1714 se
1511 1603 1650 1678 nescire
1674 1602 1721 1676 de

307 1734 491 1810 contentis
511 1733 549 1808 in
570 1734 624 1811 eis
650 1732 721 1808 nisi
745 1733 850 1838 quod
874 1731 1074 1836 sequitur:
1101 1732 1206 1836 quod
1229 1759 1426 1836 nunquam
1452 1729 1588 1806 viderat
1605 1732 1719 1835 recipi

307 1863 423 1938 alium
451 1862 600 1938 fratrem
620 1863 659 1937 in
679 1862 829 1951 ordine,
852 1890 921 1938 nec
945 1888 1111 1966 unquam
1139 1860 1359 1938 interfuerat
1383 1860 1556 1966 capitulis
1578 1888 1721 1937 eornm.

308 1994 389 2096 lpse
414 2009 539 2068 antem
568 2009 740 2096 receptus
764 1990 903 2082 luerat,
926 1991 1024 2067 circa
1047 1989 1186 2067 festum
1206 1990 1310 2067 beati
1335 1989 1533 2068 Michaelis
1560 1991 1725 2095 proximo

307 2121 528 2224 preteritum
550 2119 705 2194 suerunt
722 2147 790 2198 xxv
811 2120 897 2196 anni
917 2120 974 2196 vel
994 2119 1109 2207 circa,
1131 2121 1170 2195 in
1191 2120 1329 2224 capella
1350 2121 1490 2196 domus
1509 2120 1662 2225 Templi
1681 2121 1726 2196 de

197 2305 201 2312 ·
309 2249 397 2325 Bela
420 2248 621 2326 Chassaula
647 2249 919 2326 lemovicensis
947 2249 1127 2337 diocesis,
1153 2277 1221 2354 per
1246 2248 1398 2326 fratrem
1426 2251 1662 2326 Francouem
1682 2251 1726 2325 de

309 2381 398 2454 Bort
425 2379 581 2454 militem
608 2380 821 2483 quondam,
842 2397 933 2456 tuuc
958 2395 1216 2484 preceptorem
1245 2378 1341 2455 dicte
1364 2379 1527 2466 domm,
1548 2379 1727 2484 presenti-

308 2507 380 2587 bus
408 2507 584 2585 lratribus
609 2507 776 2586 Gerardo
806 2509 1017 2616 Buys'sitgra
1040 2508 1283 2615 presbytem,
1309 2526 1441 2585 curato
1469 2526 1565 2585 tunc
1594 2510 1726 2586 domus

309 2638 457 2743 Templi
486 2639 533 2715 de
559 2638 730 2727 Gencils,
757 2640 902 2717 Roneto
928 2640 975 2715 de
1000 2638 1168 2718 Vossello
1192 2656 1230 2715 et
1253 2638 1413 2744 lingone
1434 2637 1631 2716 Chabanas
1653 2669 1726 2716 ser-

308 2767 511 2860 vientibus,
529 2768 728 2857 defunctis,
753 2770 792 2847 in
806 2769 910 2845 hunc
924 2767 1107 2846 modum:
1127 2796 1213 2843 nam
1233 2766 1439 2843 instructus
1458 2797 1529 2873 per
1542 2771 1721 2846 Bonetum

311 2914 347 2970 et
371 2898 567 3003 Hugonem
591 2900 800 3004 predictos,
820 2899 933 3004 peciit
959 2899 1148 2975 caritatem
1175 2915 1213 2974 et
1235 2897 1485 2974 elemosinam
1510 2899 1656 2988 domus,
1685 2918 1722 2974 et

311 3023 448 3100 obtulit
466 3055 505 3101 se
525 3026 618 3115 yelle
644 3028 726 3102 fieri
748 3057 895 3104 servum
918 3027 1103 3105 esclavum
1129 3026 1288 3114 ordinis3
1309 3045 1347 3103 et
1365 3054 1550 3133 responso
1569 3028 1604 3104 ei
1620 3030 1723 3136 quod

310 3151 408 3227 bene
429 3153 668 3244 deliberaret,
690 3158 777 3259 quia
796 3157 975 3262 grandem
1006 3185 1085 3233 rem
1114 3155 1279 3261 petebat,
1310 3157 1399 3263 quia
1423 3176 1616 3263 oporteret
1640 3188 1722 3235 eum

312 3282 429 3357 multa
445 3284 538 3359 dura
556 3302 594 3359 et
610 3313 737 3389 aspera
758 3288 960 3375 sustinere,
982 3287 1124 3362 esurire
1145 3286 1296 3392 quando
1314 3287 1427 3363 vellet
1447 3289 1664 3376 comedere,
1682 3293 1725 3363 vi-

311 3413 439 3518 gillare
460 3416 611 3519 quando
633 3415 744 3492 vellet
769 3415 955 3504 dormire,
983 3417 1062 3519 ipse
1088 3418 1192 3492 testis
1213 3416 1353 3493 instans
1373 3447 1440 3521 pro
1464 3418 1558 3493 dicta
1579 3448 1643 3493 sua
1665 3448 1722 3493 re-

312 3544 487 3646 cepcione
507 3562 544 3619 et
559 3544 686 3620 dicens
704 3547 807 3650 quod
823 3546 948 3621 omnia
963 3545 1177 3632 sustineret,
1197 3545 1370 3630 finaliter,
1390 3564 1467 3651 post
1485 3547 1635 3621 terciam
1654 3576 1720 3651 pe·

312 3673 489 3749 ticionem
511 3675 795 3778 premissorum,
819 3676 891 3752 suit
910 3693 1096 3779 receptus3
1120 3692 1158 3750 et
1171 3676 1388 3782 juramento
1404 3705 1509 3781 supra
1528 3678 1720 3782 quoddam

314 3804 458 3878 missale
480 3805 583 3908 prius
610 3807 762 3909 prestito
790 3835 964 3910 pereum
988 3807 1091 3911 quod
1118 3835 1192 3882 non
1220 3825 1298 3881 erat
1317 3807 1460 3882 servilis
1479 3807 1722 3891 condicionis,

312 3963 378 4009 ner
398 3936 758 4021 excommunicatus,
787 3965 855 4010 nec
880 3936 1135 4022 matrimonio,
1158 3965 1226 4011 nec
1252 3936 1357 4012 'alteri
1387 3937 1562 4043 religioni
1589 3938 1724 4044 obliga-

311 4083 390 4151 tus,
414 4083 450 4139 et
470 4066 573 4169 quod
593 4094 668 4140 non
686 4064 846 4141 habebat
865 4066 1019 4171 aliquod
1036 4067 1347 4170 impedimentum
1364 4084 1521 4172 propter
1535 4070 1639 4174 quod
1653 4098 1723 4145 non

314 4212 435 4295 posset
465 4194 578 4297 recipi
606 4194 641 4267 in
671 4194 801 4269 ordine
832 4196 1059 4299 supradicto,
1090 4213 1128 4270 et
1155 4197 1259 4299 quod
1281 4224 1355 4270 non
1382 4196 1564 4274 revelaret
1591 4218 1723 4276 secreta

314 4350 461 4409 eorum,
485 4324 587 4427 quod
608 4343 768 4399 servaret
786 4326 1004 4415 castitatem,
1026 4325 1304 4413 obedienciam,
1328 4343 1365 4401 et
1384 4327 1525 4403 viveret
1544 4329 1625 4405 sine
1648 4358 1723 4434 pro

317 4453 411 4553 prin,
446 4454 601 4529 tradidit
627 4454 698 4530 sibi
724 4455 965 4543 mantellum,
996 4473 1032 4531 et
1056 4457 1134 4560 ipse
1158 4457 1263 4533 testis
1291 4455 1364 4532 luit
1390 4457 1582 4534 osculatus
1607 4460 1721 4564 ipsum

314 4575 543 4684 receptorem
562 4585 600 4658 in
624 4614 705 4671 ore,
727 4603 764 4659 et
778 4586 1022 4688 postmodum
1041 4614 1151 4689 supra
1172 4603 1289 4660 vestes
1315 4586 1350 4661 in
1370 4605 1524 4690 pectore
1544 4607 1582 4664 et
1603 4590 1641 4664 in
1659 4590 1721 4664 hu·

315 4737 434 4797 mero,
459 4730 494 4784 et
515 4714 574 4786 alii
602 4714 731 4789 fratres
751 4733 909 4790 astantes
931 4714 1085 4790 luerunt
1109 4716 1231 4819 ipsum
1255 4732 1388 4790 testem
1412 4718 1570 4793 osculati
1592 4720 1631 4794 in
1652 4748 1718 4795 ore.

314 4840 397 4913 Post
425 4866 497 4941 que
527 4839 614 4914 dicti
636 4842 766 4918 fratres
786 4846 894 4947 Hugo
915 4861 952 4920 et
972 4846 1138 4921 Bonetus
1158 4845 1345 4920 duxerunt
1374 4846 1498 4950 ipsum
1524 4866 1660 4925 testem
1678 4848 1715 4922 ad
