4080 6052
514 531 561 601 so
898 501 1093 593 rnoets
1119 518 1216 591 nss
1241 518 1541 591 rnurtlsns.

511 665 616 744 lelmi
637 662 841 767 Radulphi,
861 659 1040 736 Bemardi
1059 656 1281 747 Humbatdi,
1303 658 1481 736 Jobmnis
1500 659 1548 734 de
1567 653 1720 733 Fellinis
1744 671 1783 732 et
1798 656 1933 736 loban-

512 796 571 873 nis
590 794 717 873 Loveti
737 791 969 869 notariorum
989 789 1029 865 in
1047 815 1156 866 causa
1174 786 1351 890 predicta.

569 1055 658 1131 Post
676 1052 762 1142 hec,
789 1054 827 1127 in
847 1050 1067 1136 crastinum,
1096 1047 1237 1158 scilicet
1258 1046 1319 1123 die
1343 1047 1518 1123 Mercurii
1536 1063 1622 1151 post
1640 1043 1780 1122 festum
1797 1047 1934 1126 Purifi-

514 1183 668 1260 cationis
685 1183 792 1258 beate
813 1180 945 1265 Marie,
966 1177 1167 1285 supradicti
1187 1175 1330 1253 domini
1349 1174 1607 1261 commissarii,
1633 1174 1932 1281 archiepiscopus

512 1312 777 1400 Narbonensis,
798 1308 1023 1396 Baiocensis,
1045 1306 1277 1386 Mimatensis
1296 1322 1335 1381 et
1355 1304 1628 1381 Lemovicensis
1644 1293 1831 1410 episcopi,
1850 1307 1932 1383 Ma-

419 1500 422 1506 ·
512 1442 625 1519 theus
655 1440 754 1517 sedis
789 1437 990 1542 apostolice
1023 1435 1207 1522 notarius,
1237 1433 1485 1511 archidiaconi
1511 1431 1753 1510 Tridentinus
1786 1451 1825 1510 et
1854 1435 1933 1511 Ma-

513 1569 738 1674 galoneusis,
755 1566 849 1643 hora
868 1566 1005 1670 prime,
1028 1564 1076 1641 ad
1097 1563 1234 1640 dictam
1255 1562 1378 1640 aulam
1401 1562 1648 1669 episcopalem
1672 1563 1932 1640 convenientes

514 1698 609 1774 etin
629 1724 773 1774 camera
791 1695 1002 1801 propinqua
1022 1693 1119 1771 dicte
1139 1694 1224 1769 aule
1245 1721 1285 1770 se
1310 1691 1548 1797 recipientes,
1569 1692 1783 1770 examinatis
1800 1693 1929 1774 rescri-‚
1955 1786 1958 1792 Ι

513 1828 622 1931 ptivis
643 1826 853 1903 multorum
878 1823 1109 1930 prelatorum
1128 1851 1243 1929 super
1259 1821 1519 1928 publicacione
1537 1821 1692 1899 secundi
1711 1822 1822 1898 edicti
1845 1822 1933 1898 cita·

513 1956 626 2053 tionis
652 1953 793 2032 ordinis
816 1953 981 2058 Templi,
999 1981 1044 2029 ex
1069 1952 1189 2028 causis
1213 1951 1452 2057 supradictis,
1476 1951 1516 2026 in
1538 1951 1815 2027 continuacione
1836 1948 1930 2025 sacta

407 2064 409 2069 Ι
516 2084 575 2159 die
600 2083 728 2162 Martis
750 2083 920 2186 proximo
944 2078 1176 2185 precedenti,
1197 2109 1285 2156 cum
1308 2079 1437 2157 nullus
1460 2095 1689 2184 compareret
1705 2105 1830 2155 coram
1856 2080 1929 2164 eis,

329 2281 334 2289 .
384 2210 387 2215 ’
516 2228 553 2286 et
572 2211 683 2287 missa
702 2210 821 2315 major
838 2209 879 2284 in
906 2208 1058 2285 ecclesia
1082 2208 1191 2284 beate
1211 2209 1327 2284 Merie
1351 2207 1536 2284 celebrata
1556 2225 1669 2295 esset,
1693 2207 1931 2284 continuave-

514 2356 604 2415 runt
623 2356 661 2415 et
681 2351 974 2444 prorogaverunt
993 2363 1115 2440 usque
1134 2336 1183 2410 ad
1205 2333 1307 2409 diem
1327 2335 1426 2412 Jovis
1444 2353 1665 2443 sequentem
1682 2338 1775 2416 hora
1797 2338 1929 2442 prime.

514 2512 571 2527 -·-
582 2469 717 2546 Actum
737 2496 798 2544 me
818 2454 992 2572 presente
1012 2479 1050 2540 et
1068 2461 1150 2541 aliis
1168 2463 1322 2540 notariis
1340 2464 1565 2542 memoratis.

570 2730 642 2808 Die
670 2730 769 2805 Jovis
799 2756 886 2804 vero
922 2727 1167 2834 subsequenti
1197 2731 1379 2808 excusarit
1411 2757 1449 2806 se
1480 2728 1657 2805 dominus
1682 2727 1932 2807 Narbonensis

516 2856 643 2962 quoad
665 2855 871 2958 predictam
892 2856 1009 2948 diem,
1032 2875 1070 2934 et
1084 2860 1196 2935 ceteri
1220 2859 1362 2936 domini
1389 2858 1630 2935 commissarii
1653 2858 1701 2933 ad
1721 2858 1931 2963 predictum

516 2983 643 3060 locum
659 2985 919 3062 convenientes
933 2987 1025 3063 hora
1039 2988 1175 3092 prime,
1194 3005 1382 3094 expectato
1396 3015 1517 3095 usque
1531 2989 1580 3064 ad
1593 2985 1709 3064 finem
1724 2988 1835 3064 misse
1852 3016 1930 3063 ma-

512 3114 621 3218 joris,
644 3113 749 3190 nullo
769 3132 1023 3218 comparente,
1045 3096 1089 3191 ex
1108 3117 1228 3192 causis
1245 3116 1443 3220 predictis,
1465 3118 1774 3194 continuaverunt
1792 3133 1830 3193 et
1846 3144 1933 3223 pro—

515 3259 753 3349 rogaverunt,
776 3261 819 3336 ut
840 3272 968 3349 supra,
984 3274 1105 3351 usque
1126 3244 1397 3331 incrastinum,
1413 3246 1506 3321 bora
1527 3248 1663 3352 prime,
1688 3249 1934 3353 precipientes

429 3428 432 3435 -
515 3372 704 3476 preposito
715 3373 915 3449 Pictavensi
932 3390 969 3449 et
983 3373 1143 3450 Johanni
1157 3374 1204 3449 de
1220 3370 1387 3448 Jamvilla
1401 3373 1622 3454 custodibus
1635 3375 1819 3451 dictorum
1827 3376 1933 3448 Tem-

515 3500 740 3604 plariorum,
755 3501 859 3607 quod
874 3502 912 3576 in
933 3503 1134 3578 crastinum
1157 3496 1387 3577 adducerent
1405 3529 1530 3578 coram
1556 3504 1668 3580 eisin
1691 3501 1823 3577 eodem
1847 3500 1930 3578 loco

517 3628 750 3735 Templarios
770 3631 835 3734 qui
850 3630 898 3706 de
919 3630 1056 3708 diocesi
1076 3630 1336 3710 Matisconensi
1358 3629 1510 3708 adducti
1525 3629 1637 3709 fuisse
1658 3629 1876 3719 dicebantur
1895 3649 1934 3706 et

517 3787 556 3834 se
577 3757 756 3835 obtulisse
781 3759 828 3834 ad
848 3760 1103 3837 defensionem
1128 3760 1271 3837 ordinis
1296 3760 1668 3861 memorati-Acta
1688 3759 1843 3836 suerunt
1861 3761 1933 3836 hec

517 3887 555 3962 in
574 3889 740 3993 predicta
760 3918 917 3979 camera,
940 3918 1001 3965 me
1025 3889 1195 3974 absente,
1216 3888 1454 3994 presentibus
1477 3888 1651 3990 omnibus
1676 3888 1756 3966 aliis
1782 3891 1935 3966 notariis

517 4043 627 4120 supra
646 4005 814 4122 proximo
835 4017 1050 4107 nominatis,
1074 4034 1225 4124 excepto
1244 4018 1394 4096 Nicolao
1414 4018 1708 4107 Constanciensi,
1729 4037 1773 4095 ut
1791 4014 1933 4093 ibidem

517 4161 644 4246 postea
663 4147 883 4225 retulerunt.

573 4400 643 4480 Die
667 4418 754 4483 vero
774 4407 928 4486 Veneris
948 4411 1135 4513 sequenti,
1158 4429 1258 4489 sexta
1275 4411 1447 4489 videlicet
1471 4410 1530 4486 die
1555 4408 1694 4486 mensis
1715 4406 1932 4492 Februarii,

518 4551 771 4610 convenerunt
799 4562 930 4616 omnes
954 4538 1155 4644 supradicti
1181 4543 1323 4619 domini
1348 4539 1587 4619 commu-ii
1610 4540 1650 4615 in
1675 4539 1812 4617 eodem
1837 4539 1931 4616 loco.

518 4656 595 4732 Sed
616 4687 701 4735 cum
722 4662 898 4742 dominus
911 4668 1160 4746 Narbonensis
1179 4690 1327 4751 vocatus
1348 4667 1533 4751 diceretur
1553 4699 1632 4749 esse
1647 4698 1667 4746 a
1682 4669 1850 4777 predicto
1865 4667 1934 4744 do-

518 4784 622 4863 mino
651 4788 766 4895 Rege,
798 4792 976 4872 recedens
1001 4798 1184 4875 excusavit
1206 4828 1245 4877 se
1269 4802 1395 4906 quoad
1412 4802 1617 4909 predictam
1642 4800 1759 4890 diem,
1782 4823 1935 4875 consen-
