4148 6052
711 549 908 642 raocts
935 568 1029 667 prs
1055 568 1358 675 rnurrrnns.
1636 538 1741 644 ‘aas

327 709 570 800 mantellum,
597 706 656 786 vel
683 708 842 789 fuissent
871 712 980 789 aliter
1003 711 1099 788 male
1119 714 1279 806 tractati,
1301 740 1378 790 non
1403 727 1577 817 poterant
1602 708 1742 818 absque

325 841 477 918 licencia
502 840 861 920 nisi'sacerdotibus
887 841 1029 919 ordinis
1049 843 1239 932 confiteri3
1264 842 1461 919 inferiores
1488 867 1565 917 non
1587 837 1745 918 fuissent

324 973 403 1049 ausi
421 971 586 1049 revelare
601 971 765 1050 Ecclesia
786 1001 932 1051 errores
951 972 1114 1064 ordinis,
1131 974 1198 1050 sed
1218 973 1431 1079 superiores
1451 969 1608 1046 fuerunt
1624 971 1744 1077 negli-

323 1119 453 1209 gentes
473 1102 562 1208 quia
583 1128 661 1177 non
682 1102 1002 1181 denunciaverunt
1020 1102 1184 1181 Ecclesie
1203 1132 1271 1181 nec
1296 1133 1360 1182 eos
1381 1117 1634 1179 correxerunt.
1654 1101 1746 1179 Cre-

325 1232 402 1318 dit,
423 1231 512 1338 quia
532 1232 674 1309 audivit
699 1233 790 1324 dici,
811 1236 916 1342 quod
937 1234 1144 1312 elemosine
1173 1262 1251 1311 non
1275 1234 1413 1311 fierent
1432 1232 1472 1307 in
1493 1231 1627 1308 ordine
1652 1232 1748 1307 sicut

327 1360 532 1454 debebant,
556 1362 623 1439 sed
638 1364 870 1469 hospitalitas
889 1364 988 1442 bene
1009 1365 1234 1442 servabatur.
1254 1366 1369 1457 Quod
1390 1390 1549 1470 magnus
1568 1361 1748 1467 Magister

326 1491 531 1569 ordinasset
547 1519 633 1568 cum
659 1512 863 1583 conventu,
886 1495 1018 1572 luisset
1042 1512 1228 1572 servatum
1253 1495 1290 1569 in
1317 1493 1462 1571 ordine.
1492 1491 1623 1567 Credit
1641 1493 1747 1598 quod

325 1649 469 1699 errores
496 1624 653 1728 predicti
680 1624 840 1702 fuissent
871 1626 984 1733 longo
1008 1642 1178 1732 tempore
1207 1627 1246 1701 in
1275 1625 1408 1703 ordine
1430 1622 1624 1699 observati.
1651 1622 1749 1698 Post·

324 1780 437 1859 quam
461 1751 534 1829 fuit
559 1772 703 1860 captus,
731 1756 874 1832 audivit
893 1756 967 1833 dici
992 1785 1012 1830 a
1038 1755 1204 1862 quodam
1224 1754 1334 1831 fratre
1361 1754 1426 1859 qui
1447 1751 1704 1856 aposthaverat
1728 1780 1748 1826 a

325 1882 424 1960 dicto
436 1883 585 1972 ordine,
601 1886 667 1989 qui
682 1880 847 1975 vocatur,
858 1903 903 1963 ut
913 1887 947 1963 ei
957 1885 1118 1972 videtur,
1133 1884 1384 1991 Jaquetusvel
1396 1880 1611 1972 Bertaldus,
1624 1882 1747 1958 oriun-

326 2013 397 2089 dus
409 2013 456 2089 de
467 2012 671 2091 Somerens
683 2014 948 2093 Ambianensis
965 2016 1141 2102 diocesis,
1160 2016 1249 2121 quia
1264 2032 1418 2121 propter
1431 2012 1628 2119 pravitates
1645 2013 1748 2089 ordi·

323 2142 382 2217 nis
399 2141 558 2217 exiverat
579 2142 723 2220 dictum
744 2144 940 2233 ordinem,
958 2147 1025 2222 scd
1049 2173 1126 2222 non
1152 2146 1331 2253 expressit
1350 2145 1383 2223 ei
1404 2172 1477 2250 que
1499 2160 1622 2221 essent
1647 2142 1744 2220 dicte

324 2271 537 2377 pravitatem
552 2272 671 2349 credit
686 2275 790 2379 quod
806 2274 976 2351 scandala
989 2274 1144 2383 grandia
1157 2294 1284 2352 contra
1301 2275 1476 2352 ordinem
1493 2289 1583 2349 sunt
1600 2292 1741 2361 exorta,

324 2419 362 2477 et
381 2402 484 2509 quod
511 2404 641 2482 illicita
655 2433 729 2511 que
750 2405 927 2512 deposuit
946 2407 985 2484 in
1005 2407 1224 2513 recepcione
1252 2435 1319 2482 sua
1338 2405 1600 2493 intervenisse,
1623 2422 1745 2481 essent

324 2531 518 2609 manifesta
538 2533 620 2611 aliis
640 2533 817 2611 fratribus
837 2535 993 2614 ordinis.

379 2664 595 2768 Requisitus
613 2665 643 2741 si
660 2665 712 2743 sic
725 2665 952 2770 deposuerat
964 2694 1074 2773 prece
1086 2731 1094 2759 ,
1106 2683 1301 2772 precepto,
1314 2665 1469 2756 timore,
1483 2690 1629 2753 amore,
1644 2661 1745 2755 odio,

323 2793 379 2869 vel
399 2793 559 2871 comodo
573 2795 771 2901 temporali
790 2796 919 2874 habito
938 2797 996 2873 vel
1012 2797 1207 2889 habendo,
1230 2794 1426 2901 respondit
1445 2791 1549 2899 quod
1569 2820 1663 2881 non,
1680 2794 1746 2869 sed

324 2952 392 3027 pro
407 2925 561 3001 veritate
578 2925 754 3014 dicenda;
775 2928 835 3002 cui
849 2926 920 3005 luit
939 2929 1153 3035 injunctum
1168 2954 1237 3032 per
1252 2926 1372 3003 dictos
1383 2924 1558 3002 dominos
1572 2923 1747 3000 commis-

324 3054 455 3145 sarios,
476 3055 516 3129 in
533 3056 671 3133 virtute
687 3058 894 3163 juramenti
909 3059 1055 3163 prestiti
1066 3088 1134 3166 per
1144 3058 1326 3148 eundem,
1344 3055 1448 3161 quod
1468 3080 1546 3131 non
1565 3053 1747 3131 revelaret

325 3186 420 3259 hanc
439 3212 545 3260 suam
568 3184 849 3291 deposicionem
870 3216 1070 3295 quousque
1085 3188 1341 3268 attestationes
1359 3184 1499 3262 luerint
1515 3182 1715 3290 publicate.

381 3312 470 3391 Aeta
503 3312 658 3391 luerunt
691 3316 762 3392 hec
795 3316 857 3392 die
893 3335 930 3395 et
958 3318 1042 3395 loco
1072 3320 1265 3426 predictis,
1299 3316 1540 3424 presentibus
1570 3316 1747 3421 magistro

324 3441 483 3530 Amisio,
503 3474 564 3521 me
584 3446 840 3523 Floriamonte
860 3449 1076 3542 Dondedei,
1100 3468 1138 3526 et
1162 3449 1244 3528 aliis
1268 3450 1424 3525 notariis
1444 3474 1555 3553 supra
1574 3446 1747 3553 proximo

325 3575 537 3652 nominatis.

380 3830 570 3921 Posthac,
591 3832 652 3906 die
664 3834 771 3908 Lune
787 3836 979 3939 sequenti,
1000 3835 1038 3910 in
1053 3834 1177 3941 vigilia
1192 3835 1473 3911 Purificacionis
1487 3834 1594 3910 beate
1612 3834 1744 3924 Marie,

324 3987 399 4067 que
419 3959 492 4036 fuit
508 3959 630 4066 prima
654 3960 736 4039 dies
755 3964 895 4039 mensis
910 3963 1125 4054 Februarii,
1150 3963 1223 4040 suit
1244 3964 1428 4040 adductus
1451 3962 1498 4038 ad
1518 3962 1746 4068 presenciam

325 4092 548 4169 eorumdem
575 4091 818 4169 dominorum
837 4095 1198 4186 commissariorum,
1223 4096 1261 4170 in
1284 4092 1400 4170 domo
1424 4092 1608 4199 predicta,
1635 4091 1749 4170 frater

325 4222 495 4301 Alelinus
522 4223 570 4299 de
597 4223 758 4301 Lineriis
790 4225 971 4316 serviens,
998 4224 1259 4301 Ambianensis
1289 4224 1463 4314 diocesis,
1493 4221 1748 4331 quadragena·

324 4353 403 4428 rius
422 4353 481 4430 vel
502 4354 596 4430 circa
607 4416 615 4443 ,
628 4354 735 4432 testis
750 4355 1026 4461 suprajuratus,
1047 4373 1090 4432 ut
1106 4356 1315 4463 deponeret
1331 4355 1475 4431 dictum
1493 4380 1621 4444 suum,
1639 4353 1749 4460 quin-

324 4484 574 4588 quagenarius
592 4481 670 4591 [sic]
685 4482 742 4559 vel
754 4484 863 4571 circa,
882 4512 957 4561 non
975 4485 1163 4563 defferens
1178 4485 1399 4562 mantellum
1416 4482 1674 4589 ordinis‚quia
1688 4510 1749 4559 ve-

325 4625 461 4685 tustate
479 4628 744 4717 consumptum
761 4613 954 4691 dimiserat
969 4616 1008 4692 in
1029 4616 1188 4693 concilio
1203 4614 1395 4707 nemausi,
1407 4612 1652 4721 postmodum
1666 4611 1748 4689 radi

325 4739 464 4816 lecerat
483 4740 554 4816 sibi
574 4740 746 4834 barbam,
764 4761 802 4820 et
820 4743 943 4823 fuerat
959 4747 1184 4854 inquisitum
1201 4774 1287 4823 cum
1306 4774 1352 4823 eo
1366 4773 1435 4853 per
1451 4743 1653 4821 dominum
1669 4742 1745 4850 epi·

326 4898 481 4977 scopum
501 4871 790 4954 Ambianensem
805 4876 871 4982 qui
887 4906 989 4955 nunc
1006 4896 1080 4972 est,
1094 4896 1132 4956 et
1146 4877 1341 4957 absolutus
1356 4894 1393 4954 et
1405 4874 1666 4954 reconciliatus
1680 4900 1747 4979 per
