4080 6052
687 520 886 613 esoces
912 537 1007 607 uns
1032 535 1332 617 murmuras.
1645 542 1719 614 roo

307 686 478 794 capitulia
500 682 724 760 tenebantur
754 679 812 757 vel
842 678 984 756 fiebant
1012 679 1266 785 recepciones3
1292 678 1339 753 de
1364 676 1445 753 aliis
1468 681 1653 756 contentis
1682 684 1721 757 in

307 818 395 922 ipsis
415 811 578 890 articulis
598 811 691 888 dixit
709 837 748 888 se
768 808 884 886 nichil
904 807 1009 885 scire.

360 947 470 1033 Item,
492 941 541 1018 ad
560 967 687 1022 cru-ru
705 939 917 1045 respondit,
939 956 983 1015 ut
1007 965 1120 1044 supra
1143 937 1383 1044 deposuerat,
1406 963 1444 1013 se
1470 936 1586 1014 nichil
1610 939 1719 1028 scire,

305 1103 374 1153 nec
393 1073 545 1151 credere
565 1072 670 1180 quod
696 1098 852 1180 magnus
870 1069 1056 1175 Magister,
1077 1068 1282 1146 visitatores
1300 1067 1360 1143 vel
1377 1084 1616 1172 preceptores
1639 1069 1722 1154 laici

305 1221 459 1312 possent
476 1202 666 1283 absolvere
683 1231 705 1278 a
721 1200 894 1306 peccatis,
913 1227 983 1276 nec
1001 1200 1080 1305 ipse
1099 1200 1206 1277 testis
1223 1214 1415 1305 reputaret
1430 1225 1470 1274 se
1488 1197 1719 1291 absolutum,

308 1352 352 1411 ut
375 1334 483 1422 dixit,
511 1350 550 1411 et
573 1334 603 1409 si
627 1330 784 1409 confessi
809 1347 898 1408 suut
924 1331 1107 1436 predicta,
1129 1346 1279 1434 reputat
1298 1357 1362 1407 eos
1387 1328 1587 1405 stulticiam
1606 1328 1721 1407 fuisse

308 1464 506 1541 confessos.

362 1595 473 1681 Item,
496 1590 543 1666 ad
563 1616 634 1669 cru
654 1606 693 1667 et
713 1616 779 1668 xm
795 1589 992 1696 respondit
1015 1616 1054 1666 se
1082 1586 1267 1665 audivisse
1288 1587 1361 1662 dici
1381 1604 1555 1664 contenta
1574 1591 1613 1664 in
1634 1591 1723 1695 ipsis

307 1723 469 1799 articulis
489 1749 568 1800 esse
588 1749 690 1809 vera,
712 1738 750 1798 et
766 1721 901 1798 vidisse
926 1720 1063 1797 servari
1086 1747 1155 1824 per
1178 1746 1319 1794 annum
1338 1717 1396 1793 vel
1415 1719 1511 1794 circa
1529 1721 1569 1795 in
1590 1720 1721 1797 ordine

305 1851 409 1958 quod
425 1850 559 1927 fratres
573 1878 652 1928 uon
668 1851 915 1934 comedebant
930 1850 1050 1954 pisces
1066 1849 1106 1924 in
1127 1847 1188 1924 die
1205 1847 1377 1935 Veneris,
1397 1874 1465 1922 nec
1485 1847 1524 1923 in
1544 1848 1625 1924 aliis
1645 1850 1723 1925 die-

305 1979 379 2056 bus
395 1981 467 2055 nisi
485 1981 532 2056 de
549 2008 627 2057 uno
645 1979 787 2056 ferculo
806 1980 990 2069 carnium,
1011 1995 1049 2055 et
1065 1977 1171 2083 quod
1188 2004 1264 2052 non
1281 1994 1474 2081 portarent
1492 1977 1532 2053 in
1552 1982 1724 2055 extremi·

307 2109 381 2184 tate
400 2136 492 2186 zone
517 2127 555 2185 et
575 2109 731 2213 corrigie
755 2109 939 2185 calcarum
957 2109 1134 2185 mordent
1146 2106 1205 2184 de
1223 2105 1322 2184 ferro
1341 2108 1400 2185 vel
1419 2125 1572 2214 argento
1593 2110 1651 2186 vel
1674 2111 1721 2187 de

308 2239 381 2315 alio
405 2239 573 2327 metallo,
597 2238 703 2343 quod
724 2266 883 2345 magnus
907 2235 1082 2342 Magister
1108 2237 1301 2315 dicebatur
1325 2239 1514 2316 ordinasse
1539 2240 1719 2343 predicta,

309 2387 347 2445 ct
370 2369 525 2472 insuper
549 2366 732 2443 ordinavit
751 2367 872 2442 dictus
891 2367 1067 2471 Magister
1092 2366 1197 2470 quod
1217 2365 1435 2442 ellemosine
1454 2369 1723 2474 restringeren—
1846 2379 1848 2383 ’

307 2517 371 2575 tur
390 2499 429 2573 iu
450 2496 597 2585 ordine,
618 2498 745 2573 etheo
764 2511 999 2573 servarentur
1017 2523 1085 2599 per
1100 2493 1230 2599 plures
1249 2521 1382 2582 annos;
1404 2511 1441 2570 et
1460 2512 1504 2573 Lx
1524 2497 1596 2574 boc
1615 2498 1723 2575 nobi·

308 2628 363 2704 les
392 2627 506 2732 aliqui
530 2627 576 2703 de
607 2625 874 2716 Lemovicini0,
895 2624 991 2699 sicut
1020 2623 1162 2699 audivit
1191 2623 1280 2721 dici,
1310 2643 1584 2734 occupaverunt
1604 2631 1723 2732 possi·
1827 2616 1831 2620 ¹

308 2758 388 2834 deri
410 2756 456 2862 [l]
478 2784 545 2862 per
565 2784 629 2833 eos
648 2756 766 2832 dietas
783 2754 1084 2860 Templariorum
1100 2754 1140 2828 iu
1162 2752 1337 2832 domibus
1355 2754 1401 2830 de
1419 2756 1602 2833 Prulbaco
1620 2759 1721 2835 etde

308 2888 436 2964 Mauso
455 2886 536 2963 Dei.
1151 2873 1154 2876 Α
1788 2905 1790 2910 ’

365 3018 474 3102 Item,
497 3015 544 3091 ad
563 3041 734 3095 cxrv-xvu
750 3015 949 3120 respondit
967 3041 1006 3090 se
1026 3015 1169 3091 nescire
1190 3014 1220 3090 si
1241 3029 1279 3089 et
1297 3014 1448 3118 quando
1468 3016 1555 3091 dicti
1578 3044 1722 3096 errores

308 3147 465 3246 luerunt
482 3146 685 3222 introducti
702 3146 741 3220 in
762 3145 907 3221 ordine.

365 3278 474 3365 Item,
503 3275 550 3351 ad
574 3302 682 3355 cxvru
701 3276 896 3380 respondit
920 3302 959 3352 se
983 3275 1144 3364 nescire3
1162 3275 1255 3351 vidit
1278 3292 1403 3352 tamen
1424 3279 1528 3383 quod
1552 3306 1590 3354 111
1609 3280 1667 3355 vel
1687 3307 1721 3356 iv

311 3407 480 3486 exierunt
505 3405 677 3483 ordinem
701 3422 855 3511 propter
878 3405 1063 3482 maliciam
1084 3432 1217 3483 eorum
1241 3407 1448 3510 propriam,
1468 3426 1511 3483 ut
1530 3409 1662 3493 credit,
1686 3426 1723 3484 et

309 3535 464 3612 fuerunt
481 3533 651 3640 suspensi
671 3535 711 3610 in
731 3535 857 3615 seculo
877 3552 1032 3641 propter
1049 3534 1231 3610 maleficia
1250 3552 1288 3611 et
1307 3535 1445 3613 scelera
1464 3564 1607 3613 eorum.

365 3668 475 3753 Item,
494 3664 542 3741 ad
555 3691 676 3744 cxvnu
687 3664 882 3770 respondit
898 3682 984 3769 post
1003 3665 1217 3769 capcionem
1237 3663 1355 3741 multa
1374 3666 1545 3743 scandale
1565 3694 1643 3744 esse
1665 3697 1723 3743 er-

312 3809 406 3882 orta,
429 3808 467 3867 et
485 3792 589 3896 quod
608 3809 692 3868 ante
713 3794 927 3897 capcionem
947 3810 1026 3869 erat
1045 3794 1205 3898 suspicio
1226 3810 1353 3871 contra
1370 3795 1514 3872 dictum
1534 3796 1720 3887 ordinem,

313 3939 485 4025 utsupra
506 3920 689 4026 deposuit.
1415 3900 1419 3908 Ι

367 4052 477 4140 Item,
504 4050 551 4126 ad
571 4075 754 4128 cxx-xxm
771 4051 965 4156 respoudit
983 4053 1088 4158 quod
1100 4070 1191 4131 ‚ante
1213 4045 1425 4159 capciduem
1446 4074 1524 4133 erat
1542 4057 1721 4162 suspicio,

314 4198 355 4256 ut
377 4208 490 4286 supra
514 4179 703 4286 deposuit,
724 4180 793 4257 scd
820 4181 1063 4288 postmodum
1083 4201 1140 4261 est
1158 4182 1251 4260 ordo
1277 4182 1487 4263 diffamatus
1511 4186 1558 4262 de
1578 4187 1721 4274 multis,

313 4337 357 4386 ex
375 4310 594 4387 criminibus
613 4310 844 4418 supradictis.

369 4441 480 4529 Item,
503 4440 551 4516 ad
571 4465 743 4522 oxum-ur
762 4443 956 4548 respondit
979 4470 1019 4519 se
1044 4443 1196 4539 credere
1216 4446 1320 4551 quod
1345 4444 1501 4525 confessi
1520 4466 1613 4525 suut
1627 4447 1725 4523 mul-

313 4585 372 4644 tos
392 4595 436 4644 ex
457 4570 647 4648 erroribus
670 4572 892 4678 supradictis
914 4601 1038 4652 coram
1056 4574 1211 4658 domino
1230 4577 1342 4681 Papa,
1366 4595 1405 4654 et
1422 4579 1669 4656 cardinalibus
1689 4595 1726 4655 et

315 4696 407 4774 aliis.

370 4829 480 4915 Item,
500 4820 704 4944 requisitus
721 4832 753 4910 si
772 4832 824 4911 sic
844 4834 1019 4942 deposuit
1037 4861 1170 4942 prece,
1186 4854 1380 4945 precepto,
1398 4841 1561 4947 premio,
1583 4867 1725 4923 amore,
