4148 6052
320 567 367 638 ce
707 541 905 634 esoces
930 559 1026 631 oss
1052 559 1350 632 esurimus.
1472 626 1478 635 .

322 709 393 784 dus
428 703 475 780 de
505 703 646 796 Castris
681 701 923 787 Moriuensis,
954 701 1135 776 Henricus
1165 700 1214 775 de
1246 699 1471 806 brayhancia
1500 700 1741 790 Leodiensis

321 836 506 914 Henricus
527 834 575 910 de
595 833 719 910 Platea
737 831 1031 920 Cameracensis,
1054 831 1230 907 Albertus
1249 831 1298 911 de
1313 831 1478 908 Canellis
1493 830 1685 938 Aquensis
1702 836 1742 911 in

322 964 547 1043 Lombardia
564 964 691 1054 miles,
711 961 940 1041 Guibelmus
958 962 1006 1038 de
1025 964 1148 1038 banco
1170 961 1368 1054 Uticensis,
1389 962 1578 1040 lohannes
1597 963 1646 1041 de
1663 966 1742 1042 Tri-

321 1098 394 1173 bus
420 1094 488 1171 viis
517 1092 804 1200 Megalonensis,
836 1092 967 1167 Petrus
993 1091 1042 1167 de
1070 1091 1244 1196 Agusano
1272 1092 1550 1183 Nemausensis,
1581 1094 1742 1171 Jscnbus

323 1225 501 1304 Galbardi
527 1223 814 1330 Magalonensis,
830 1223 961 1298 Petrus
975 1221 1105 1298 Jubini
1128 1223 1404 1313 Nemausensis,
1433 1225 1593 1301 boncius
1619 1225 1740 1302 Pisani

324 1356 610 1462 Magalonensis,
632 1354 845 1457 Stephanus
863 1354 1050 1429 Jaurenen
1067 1352 1262 1459 presbyter
1277 1353 1610 1447 Claramontensis,
1635 1355 1742 1434 Guil-

322 1486 459 1562 lelmus
487 1485 534 1561 de
554 1484 740 1563 Gonrisun
766 1481 968 1574 Eduensis,
991 1483 1151 1559 Peneius
1176 1483 1224 1559 de
1241 1485 1425 1589 Vernegia
1449 1485 1738 1574 Lemovicensis,

324 1618 456 1691 Petrus
481 1613 529 1690 de
553 1613 676 1690 brolie
694 1613 1026 1701 Claramontensis,
1047 1614 1163 1688 bosso
1181 1611 1298 1690 Gocta
1322 1614 1369 1691 de
1395 1616 1547 1721 Payruto
1572 1619 1742 1694 Lemovi-

326 1744 461 1830 censis,
483 1742 710 1821 Guillelmus
736 1743 864 1818 brinat
886 1742 1175 1832 Lemovicensis,
1205 1740 1438 1820 Gumbertus
1464 1744 1512 1820 de
1541 1746 1652 1822 Poro
1670 1748 1741 1823 Le·

326 1873 560 1963 movicensis,
587 1872 813 1949 Guillelmus
842 1872 1015 1976 Spinassa
1040 1871 1373 1962 Claramontensis,
1388 1873 1574 1950 lohannes
1592 1875 1641 1951 de
1662 1876 1740 1952 Co—

325 2003 460 2080 brenhi
482 2003 684 2090 Eduensis,
706 2001 933 2080 Guillelmus
953 2003 1058 2078 Rossi
1078 2001 1409 2092 Claramontcnsis,
1431 2021 1470 2078 et
1492 2004 1600 2110 llugo
1624 2003 1740 2081 Bessa

325 2133 510 2209 Eduensis
529 2133 747 2208 diocesium.

382 2266 469 2345 Acta
498 2263 653 2340 fuerunt
682 2265 752 2340 hec
779 2262 955 2369 predictis
979 2264 1041 2339 die
1063 2281 1102 2339 et
1131 2263 1229 2351 loco,
1252 2262 1490 2368 presentibus
1517 2288 1580 2340 me
1601 2263 1739 2341 Floria·

325 2411 452 2470 monte
472 2394 686 2481 Dondedei,
707 2393 897 2470 bernardo
918 2392 1074 2482 Filboli,
1096 2392 1302 2471 Guillelmo
1324 2391 1528 2496 badulphi,
1550 2393 1739 2471 bernardo

327 2524 516 2616 Urnhaldi,
533 2524 684 2602 Nicolao
701 2524 997 2614 Constanciensi,
1020 2526 1178 2629 Hugone
1196 2522 1349 2614 Nicolai,
1367 2522 1536 2599 lohanne
1553 2523 1687 2603 Loueti
1704 2540 1740 2599 et

325 2655 492 2731 lohanne
516 2655 563 2730 de
581 2654 734 2730 Fellinis
754 2655 907 2729 notariis
933 2654 1200 2758 suprascriptis.

384 2915 469 2987 Post
493 2913 582 3000 bec,
605 2913 666 2988 die
683 2913 839 2989 Veneris
864 2929 949 3018 post
968 2911 1105 2991 festum
1133 2914 1446 2990 Annunciacionis
1472 2913 1579 2990 beate
1605 2915 1739 3003 Marie,

327 3070 400 3146 que
421 3041 491 3118 fuit
510 3068 606 3121 xxvu
628 3043 709 3119 dies
726 3044 863 3119 mensis
879 3044 1022 3135 Marcii,
1042 3063 1296 3121 convenerunt
1314 3047 1353 3120 in
1372 3045 1468 3121 dicta
1483 3068 1632 3118 camere
1646 3040 1740 3119 dicti

327 3171 470 3246 domini
495 3173 1033 3281 Mimatensis,Le1novicensis
1058 3175 1242 3278 episcopi,
1271 3204 1311 3250 ac
1336 3172 1578 3271 Tridentinus
1600 3188 1640 3248 et
1663 3173 1742 3251 Ma-

326 3302 535 3407 galonensis
564 3303 830 3390 archidiaconi,
860 3303 940 3380 aliis
969 3332 1009 3379 se
1042 3303 1310 3381 excusantibus.
1345 3305 1392 3379 Et
1416 3303 1571 3380 fuerrrnt
1597 3300 1740 3379 ibidem

326 3430 474 3506 adducti
498 3458 621 3507 coram
650 3431 703 3506 eis
729 3430 860 3506 fratres
880 3431 1095 3536 subscripti,
1118 3433 1182 3538 qui
1210 3433 1359 3509 adducti
1381 3432 1495 3508 luisse
1521 3428 1741 3507 dicebantur

259 3627 263 3633 .
327 3561 373 3635 de
399 3560 535 3636 diocesi
556 3562 793 3648 bituricensi,
815 3560 986 3637 videlicet
1005 3561 1135 3637 fratres
1158 3562 1370 3666 Stephanus
1393 3562 1441 3638 de
1462 3560 1612 3666 Riperia
1634 3559 1741 3638 miles

327 3689 579 3776 bituricensis,
602 3692 789 3767 lohannes
812 3691 858 3765 de
882 3694 1027 3796 Lugnet
1050 3691 1380 3780 Clarnmontensis,
1400 3692 1574 3770 Mntbeus
1593 3689 1740 3769 Gaude·

326 3819 378 3893 lin
407 3820 662 3908 bituricensis,
687 3820 863 3896 Albertus
887 3819 934 3895 de
956 3820 1224 3926 Maquenbisco
1252 3822 1529 3910 laudunensis,
1553 3821 1740 3901 lohannes

326 3950 518 4053 Sapiencie
546 3949 878 4036 Claransontensis,
903 3951 1090 4026 lohannes
1116 3952 1268 4059 Ligossa
1298 3951 1553 4038 bituricensis,
1583 3950 1740 4056 Stepha-

326 4112 396 4159 nus
415 4086 551 4162 bessus
580 4081 898 4167 Abisiodorensis,
926 4082 963 4156 P.
984 4081 1167 4158 Guertelli
1189 4082 1445 4168 bituricensis,
1468 4081 1506 4156 Ρ.
1528 4081 1628 4156 Loer
1645 4080 1741 4156 bitu

326 4210 492 4298 ricensis,
521 4212 761 4290 Guaulrudus
791 4211 839 4287 de
864 4210 1024 4316 Stampis
1050 4210 1290 4300 senonensis,
1315 4212 1354 4287 Ρ.
1378 4208 1521 4287 Picsrdi
1541 4208 1741 4315 bituricen

326 4339 390 4428 sis,
416 4341 453 4415 P.
474 4342 636 4419 Crocbet
661 4341 980 4429 Altisiodorensis,
1004 4339 1195 4458 Gerardus
1214 4339 1377 4419 Gandoti
1408 4340 1737 4428 claremontensis,

327 4471 434 4578 llugo
464 4472 609 4580 Seyssel
641 4471 972 4560 Claramontensis,
1005 4471 1230 4548 Guillehnus
1256 4468 1418 4549 Galnbrii
1447 4469 1737 4551 Lemovioensis

326 4598 567 4676 Gusulredus
594 4600 756 4681 Gelebrii
782 4599 1070 4687 Lemovicensis,
1098 4600 1223 4678 Helius
1247 4600 1294 4677 de
1317 4599 1424 4679 Ceba
1450 4601 1737 4688 lemovicensis,

328 4728 366 4802 P.
393 4726 440 4802 de
468 4728 558 4805 Dois
594 4727 869 4813 Laudunensis,
901 4727 1089 4805 lohannes
1115 4729 1265 4807 boherti
1300 4731 1493 4838 presbyter
1520 4729 1736 4808 Claramon·

325 4856 459 4945 tensis,
489 4855 677 4934 lohannes
708 4854 894 4937 Gandelin
930 4857 1186 4949 bituricensis,
1215 4858 1445 4939 Guillelmus
1473 4859 1509 4936 lc
1538 4859 1638 4937 Chat
1666 4859 1741 4939 bu·
