4080 6052
313 553 385 626 5211
515 536 546 644 J
689 531 1344 624 rsoctsossrsurcmns.

311 714 385 786 set,
416 711 453 771 et
480 693 585 800 quod
615 720 717 769 nunc
745 691 899 800 grandia
927 688 1098 766 scandala
1131 707 1259 767 contra
1288 687 1462 765 ordinem
1488 707 1585 766 sunt
1614 712 1739 771 exorta

311 842 465 930 propter
486 822 664 929 predicta.
689 822 842 901 Audivit
871 820 944 899 dici
968 846 1146 925 magnum
1169 820 1390 926 Magistrum
1413 834 1452 894 et
1468 818 1569 900 ,alios
1592 821 1738 928 aliquos

313 982 472 1044 errores,
495 955 612 1030 nescit
631 981 745 1058 quos,
771 969 898 1029 contra
919 949 1093 1026 ordinem
1113 947 1229 1027 fuisse
1252 948 1682 1056 confessosl'requisitus
1699 956 1730 1030 si

311 1083 399 1159 alias
422 1082 610 1191 obtulerat
631 1111 670 1160 se
695 1081 905 1159 defensioni
935 1080 1098 1168 ordinis,
1123 1079 1320 1185 respondit
1340 1078 1448 1184 quod
1470 1098 1622 1158 venerat
1643 1113 1728 1160 oum

312 1214 392 1289 aliis
405 1213 453 1288 ad
472 1213 609 1289 dictam
631 1211 888 1290 defensionem
910 1238 949 1288 se
973 1209 1239 1302 offerentibus,
1262 1210 1348 1315 quia
1371 1209 1548 1314 sperabat
1565 1210 1730 1302 liberari,

311 1345 375 1421 sed
399 1341 516 1420 nichil
539 1343 692 1419 dixerat.

366 1472 582 1577 Requisitus
596 1473 625 1547 si
641 1450 694 1549 sic
707 1472 932 1577 deposuerat
945 1500 1075 1578 prece,
1092 1488 1284 1578 precepto,
1302 1471 1453 1561 timore,
1470 1499 1614 1563 amore,
1632 1475 1731 1563 odio,

310 1603 368 1678 vel
391 1602 588 1706 temporali
616 1602 776 1679 comodo
806 1605 935 1681 habito
964 1603 1021 1678 vel
1054 1601 1247 1692 habendo,
1278 1601 1477 1707 respondit
1505 1605 1611 1708 quod
1638 1634 1725 1696 non,

310 1731 378 1807 sed
393 1760 461 1836 pro
476 1733 629 1807 veritate
645 1731 821 1822 dicenda;
836 1734 897 1809 cui
912 1732 984 1808 fuit
997 1732 1211 1838 injunctum
1227 1731 1331 1837 quod
1346 1758 1423 1807 non
1441 1733 1622 1811 revelaret
1636 1736 1729 1814 banc

309 1893 414 1938 suam
435 1863 716 1969 deposicionem
740 1892 939 1971 quousque
955 1862 1215 1941 attestacioues
1234 1861 1375 1939 fuerint
1392 1864 1600 1967 publicate.

366 1992 455 2070 Acta
467 1993 623 2071 fuerunt
642 1995 711 2072 hec
732 1994 841 2071 dictis
857 1995 919 2071 die
939 2011 977 2070 et
995 1993 1096 2082 loco,
1116 1993 1355 2098 presentibus
1374 1995 1558 2102 magistro
1573 1996 1729 2090 Amisio,

311 2150 371 2197 me
390 2123 420 2196 F
422 2122 646 2199 loriamonte
664 2122 880 2210 Dondedei‚
903 2141 940 2201 et
961 2122 1043 2202 aliis
1061 2123 1217 2200 notariis
1234 2151 1345 2229 supra
1360 2123 1498 2202 ultimo
1516 2128 1719 2207 nominatis

364 2390 450 2466 Post
461 2391 549 2477 hec,
565 2390 627 2467 die
645 2391 819 2468 Mercurii
833 2389 1023 2496 sequenti,
1039 2417 1114 2495 que
1130 2388 1204 2466 fuit
1219 2390 1362 2469 decima
1382 2389 1464 2466 dies
1485 2390 1579 2468 dicti
1597 2394 1732 2469 mensis

286 2517 517 2608 -Februarii,
546 2519 617 2597 fuit
647 2521 832 2599 adductus
868 2522 916 2599 ad
955 2521 1198 2626 presenciam
1223 2519 1446 2598 eorumdem
1486 2520 1730 2600 dominorum

309 2649 666 2741 commissariorum,
694 2652 733 2727 in
763 2651 878 2729 domo
910 2651 1095 2756 predicta,
1125 2649 1238 2727 frater
1268 2650 1506 2730 Christianus
1532 2651 1580 2727 de
1598 2653 1734 2758 Biceyo

307 2779 485 2868 serviens,
511 2781 761 2890 lingonensis
790 2782 967 2871 diocesis,
991 2781 1098 2858 testis
1123 2808 1235 2885 supra
1254 2781 1418 2887 juratus,
1445 2797 1490 2857 ut
1527 2781 1727 2885 deponeret

309 2907 450 2985 dictum
475 2939 604 3002 suum,
633 2940 710 2989 non
735 2911 908 2990 deferens
934 2910 1157 2989 mantellum
1181 2910 1342 3000 ordinis,
1363 2910 1455 3015 quia
1477 2909 1629 3016 quidam
1648 2940 1726 2988 ser·

306 3038 447 3116 vientes
475 3059 696 3119 amoverunt
734 3041 805 3119 sibi
845 3043 884 3117 in
920 3041 1080 3120 concilio
1111 3041 1335 3129 Senonensi,
1374 3039 1622 3144 postmodum
1657 3040 1727 3118 sibi

306 3166 444 3245 fecerat
467 3172 546 3249 radi
564 3170 734 3263 barbam,
756 3201 842 3248 cum
866 3201 944 3276 quo
969 3172 1193 3278 inquisitum
1219 3170 1340 3248 fuerat
1357 3199 1426 3275 per
1454 3171 1655 3248 dominum
1669 3202 1730 3262 ¹ar·

307 3300 584 3405 chiepiscopum
615 3300 892 3392 Senonensem,
916 3321 953 3379 et
976 3301 1171 3379 absolutus
1191 3320 1229 3379 et
1249 3301 1510 3378 reconciliatus
1535 3303 1581 3378 ab
1608 3315 1671 3394 eo',
1695 3322 1729 3381 et

273 3450 275 3455 ⁴
308 3447 362 3504 est
376 3431 692 3538 quadragenarius
712 3433 770 3508 vel
786 3433 891 3507 circa.
912 3433 1034 3508 Lectis
1050 3451 1176 3508 autem
1193 3451 1232 3508 et
1246 3433 1447 3539 diligenter
1463 3433 1636 3535 expositis
1652 3433 1723 3509 sibi

307 3560 483 3637 omnibus
509 3580 546 3637 et
567 3554 725 3667 singulis
740 3562 923 3648 articulis,
946 3563 1142 3667 respondit
1162 3563 1210 3637 ad
1230 3590 1306 3649 eos,
1327 3581 1365 3638 et
1383 3563 1496 3667 primo
1512 3560 1560 3634 ad
1579 3561 1722 3666 primos

306 3717 446 3777 x111,se
476 3693 619 3769 nescire
655 3694 684 3768 si
713 3711 885 3769 contenta
912 3695 950 3768 in
972 3693 1081 3771 dictis
1096 3693 1262 3769 articulis
1288 3712 1394 3770 erant
1411 3720 1513 3781 vera,
1534 3691 1621 3796 quia
1646 3709 1725 3767 erat

307 3820 621 3909 molendinarius,
651 3841 688 3900 et
717 3852 794 3900 non
818 3823 1039 3901 interfuerat
1072 3823 1234 3929 capitulo
1259 3824 1299 3899 in
1324 3823 1549 3930 quofierent
1575 3821 1724 3913 fratres,

306 3979 373 4026 nec
393 3953 527 4039 credit,
550 3954 635 4059 quia
658 3981 735 4029 non
757 3954 898 4029 audivit
920 3955 1010 4045 dici,
1037 3982 1106 4030 nec
1129 3954 1366 4030 remansisset
1385 3955 1425 4029 in
1440 3953 1574 4029 ordine
1591 3954 1622 4028 si
1650 3981 1726 4029 ore·

306 4080 462 4158 didisset
493 4083 598 4188 quod
638 4084 804 4189 predicta
839 4102 1013 4161 contenta
1050 4084 1186 4161 fierent
1223 4086 1262 4159 in
1297 4085 1443 4160 ordine.
1479 4084 1562 4188 Ipse
1600 4101 1722 4160 autem

304 4232 477 4318 receptus
494 4214 614 4291 fuerat
632 4244 700 4321 per
718 4214 869 4291 fratrem
889 4214 1143 4291 Humbertum
1161 4215 1209 4289 de
1223 4214 1441 4291 Monchelhi
1466 4230 1721 4318 preceptorem

305 4343 441 4421 domus
457 4347 504 4422 de
515 4345 747 4433 Monchelhi,
765 4345 958 4450 quondam
976 4346 1015 4420 in
1029 4343 1168 4449 capella
1183 4346 1318 4419 domus
1333 4341 1484 4448 Templi
1500 4342 1548 4418 de
1561 4342 1719 4420 Valeure

304 4474 549 4579 Lingonensis
585 4475 757 4563 diocesis,
787 4474 826 4549 in
846 4474 940 4551 festo
965 4472 1245 4551 Purificacionis
1272 4473 1380 4549 beate
1410 4473 1528 4550 Marie
1555 4474 1721 4578 proximo

304 4601 429 4705 elapso
448 4604 602 4682 fuerunt
621 4607 752 4682 decem
780 4620 818 4681 et
840 4622 924 4682 octo
945 4606 1031 4681 anni
1051 4604 1110 4679 vel
1141 4604 1253 4693 circa,
1283 4603 1521 4709 presentibus
1549 4602 1723 4678 fratribus

303 4729 465 4807 Geraldo
497 4735 726 4821 laboratore‚
754 4714 952 4812 Doininico
973 4735 1020 4813 de
1042 4735 1239 4813 Corbeone
1270 4751 1307 4810 et
1327 4733 1534 4811 Guillelmo
1568 4748 1713 4839 pastore

305 4889 509 4967 porcorum
527 4863 623 4937 dicte
644 4864 798 4951 domus,
825 4866 1092 4958 servientibus,
1120 4893 1285 4972 quorum
1305 4865 1531 4969 cognomina
1556 4863 1710 4970 ignorat,
