4080 6052
314 546 388 622 tao
699 525 894 619 puocha
921 544 1017 617 nus
1043 523 1370 615 erumnas

313 690 422 767 diens
446 687 673 794 cuicumque
699 686 911 794 preceptori
935 684 1003 793 qui
1027 701 1301 791 preponeretur
1325 680 1469 769 eidem3
1491 681 1745 787 postmodum

310 819 467 899 tradidit
497 817 531 896 ei
557 814 804 907 mantellum,
826 834 865 896 et
887 817 967 924 ipse
995 831 1034 893 et
1056 813 1188 893 fratres
1212 828 1374 892 astantes
1401 810 1558 889 fixerunt
1581 813 1743 891 osculmi

313 980 401 1030 eum
421 951 462 1027 in
481 977 558 1026 ore.
580 947 729 1028 Deinde
748 947 917 1055 precepit
936 947 971 1024 ei
989 945 1097 1055 quod
1115 946 1320 1055 abnegaret
1336 944 1465 1021 Deum
1482 942 1538 1021 vel
1555 943 1736 1033 Jhesum,

312 1085 381 1161 sed
402 1109 479 1159 non
502 1078 637 1158 recolit
659 1080 758 1157 bene
787 1079 819 1157 si
842 1077 936 1156 dixit
959 1079 1085 1157 Deum
1106 1075 1166 1155 vel
1185 1076 1362 1168 thecum
1383 1091 1511 1154 certus
1530 1092 1655 1153 tamen
1675 1092 1736 1154 est

311 1213 416 1319 quod
436 1211 484 1290 de
503 1210 622 1291 altero
642 1237 775 1288 eorum
794 1208 965 1316 precepit
983 1208 1035 1297 ei,
1058 1224 1097 1285 et
1115 1208 1196 1315 ipse
1211 1207 1318 1285 testis
1336 1205 1411 1323 luit
1422 1205 1532 1284 valde
1548 1204 1680 1285 dolens
1696 1225 1735 1284 et

311 1342 556 1450 stupefactus,
569 1342 601 1419 si
617 1340 692 1418 hoc
706 1339 846 1418 faceret
858 1339 919 1417 vel
935 1366 1027 1428 non,
1048 1338 1137 1446 quia
1156 1336 1322 1416 multum
1339 1336 1582 1416 desiderabat
1600 1364 1681 1415 esse
1697 1338 1735 1415 in

311 1474 465 1564 ordine,
485 1488 526 1549 et
544 1469 711 1548 multum
728 1470 935 1561 institerat3
954 1468 1118 1549 finaliter
1137 1468 1333 1579 abnegavit
1355 1468 1482 1547 Deum
1504 1467 1564 1547 vel
1582 1468 1734 1546 dhesum
1761 1568 1765 1579 Ι

312 1632 378 1680 ore
392 1630 468 1682 non
482 1601 613 1691 corde3
624 1601 869 1708 postmodum
880 1601 1051 1708 precepit
1066 1600 1101 1678 ei
1117 1599 1224 1709 quod
1235 1616 1388 1707 spueret
1401 1628 1521 1706 super
1535 1600 1734 1708 quamdam

312 1762 461 1811 crucem
480 1733 665 1841 ligneam,
686 1732 806 1809 nescit
824 1759 846 1808 a
862 1757 939 1839 quo
960 1731 1127 1822 allatam,
1152 1731 1314 1839 positam
1334 1759 1450 1838 super
1470 1732 1655 1839 quandam
1672 1761 1733 1811 se·

312 1866 469 1943 demde
491 1863 620 1970 palea,
645 1879 684 1941 et
707 1862 787 1969 ipse
811 1863 915 1970 spuit
938 1890 1020 1940 non
1042 1889 1157 1970 super
1180 1861 1249 1943 sed
1269 1861 1386 1969 juxta.
1412 1861 1661 1942 Postmodum
1683 1863 1731 1939 de

310 1995 487 2072 mandato
513 1994 686 2101 ejusdem
712 1993 918 2098 receptoris
941 1992 1130 2071 osculatus
1154 1991 1228 2070 fuit
1257 2021 1347 2069 eum
1373 1993 1414 2069 in
1437 1991 1600 2099 spatulis
1626 2021 1733 2099 super

310 2152 470 2231 pannos.
491 2122 709 2230 Requisitus
734 2123 766 2201 si
790 2122 885 2201 dixit
911 2123 947 2201 ei
973 2125 1079 2233 quod
1096 2124 1167 2202 ista
1191 2141 1316 2204 essent
1339 2126 1387 2202 de
1403 2120 1730 2231 punctis'ordiuis,

311 2255 507 2364 respondit
515 2253 621 2361 quod
634 2282 727 2342 non,
742 2255 811 2332 sed
821 2255 928 2364 quod
939 2256 1107 2363 predicta
1123 2255 1322 2364 oportebat
1337 2284 1427 2334 eum
1437 2255 1582 2349 lacere;
1599 2257 1646 2336 de
1658 2256 1732 2334 aliis

310 2386 495 2465 contentis
514 2385 553 2461 in
569 2383 678 2462 dictis
696 2411 744 2465 xv
763 2385 931 2464 articulis
946 2403 986 2465 et
1004 2386 1182 2466 omnibus
1202 2387 1288 2465 aliis
1304 2387 1572 2496 sequentihus,
1588 2387 1680 2465 dixit
1696 2415 1732 2464 se

310 2516 427 2594 nichil
444 2517 536 2595 scire
555 2514 657 2593 ultra
675 2514 782 2622 quod
800 2543 914 2622 supra
934 2516 1126 2625 deposuit,
1144 2518 1219 2597 ho'c
1238 2535 1392 2626 excepto
1413 2518 1522 2627 quod
1538 2517 1640 2597 bene
1659 2544 1732 2595 cre·

310 2647 424 2725 debat
442 2644 700 2726 ecelesiasticis
724 2648 984 2739 sacramentis,
1008 2664 1046 2726 et
1065 2648 1207 2727 sciebat
1224 2649 1329 2756 quod
1353 2648 1440 2725 laici
1460 2677 1542 2728 non
1564 2664 1733 2757 poterant

310 2777 500 2855 absolvere
516 2777 732 2884 apeccatis;
754 2804 833 2855 non
850 2775 971 2854 credit
984 2777 1090 2885 quod
1095 2778 1268 2886 jurarent
1282 2807 1360 2856 non
1374 2780 1477 2857 exire
1489 2780 1672 2866 ordinem,
1691 2795 1729 2856 et

309 2909 414 3012 quod
422 2936 492 3014 pro
509 2907 687 3015 professis
704 2906 830 2985 statim
844 2906 1098 3002 habebantur,
1122 2927 1160 2987 et
1174 2909 1214 2986 in
1231 2911 1455 3017 recepcione
1472 2939 1541 2990 sua
1556 2938 1631 2988 non
1645 2908 1728 2987 lue·

309 3053 399 3112 runt
411 3035 627 3116 nisisratres
639 3037 798 3128 ordinis,
818 3054 856 3116 et
863 3054 973 3146 porte
983 3037 1139 3117 fuerunt
1148 3034 1296 3131 clause;
1315 3057 1353 3118 et
1364 3041 1489 3120 credit
1497 3040 1602 3151 quod
1610 3041 1728 3147 suspi-

309 3168 367 3243 cio
382 3166 593 3244 habebatur
607 3185 735 3245 contra
749 3168 941 3258 ordinem,
957 3170 1047 3277 quia
1059 3170 1168 3249 amici
1181 3187 1421 3278 receptorum
1435 3201 1514 3250 non
1528 3174 1729 3252 intererant

308 3298 604 3405 recepcionibus.
619 3301 700 3377 Una
714 3298 869 3377 cordula
882 3300 955 3379 luit
967 3301 1038 3378 sibi
1055 3303 1191 3380 tradita
1210 3305 1250 3379 in
1269 3303 1505 3410 receptione,
1523 3334 1598 3410 qua
1616 3305 1731 3410 cinge

308 3447 412 3507 retur
425 3430 474 3508 ad
489 3432 698 3509 tenendum
715 3459 859 3537 pannos
873 3432 994 3510 lineos
1010 3461 1096 3510 cum
1110 3432 1249 3541 quihus
1264 3435 1411 3542 jacebat
1427 3434 1543 3540 magis
1562 3435 1726 3521 clausos3

301 3560 442 3666 juravit
456 3590 533 3638 non
546 3562 712 3639 revelare
724 3579 867 3639 secreta
877 3562 1144 3672 capitulorum,
1166 3584 1203 3641 et
1214 3564 1335 3642 credit
1347 3564 1446 3673 quod
1458 3562 1519 3639 alii
1529 3564 1725 3673 jurarent3

307 3719 384 3768 non
403 3692 476 3769 luit
494 3693 565 3770 sibi
585 3693 800 3801 injunctum
820 3695 927 3801 quod
943 3723 1021 3773 non
1039 3696 1284 3773 confiteretur
1301 3697 1372 3774 nisi
1393 3695 1566 3773 fratribus
1581 3693 1726 3802 preshi-
1775 3687 1786 3715 ⁴

305 3824 396 3899 teris
417 3823 580 3912 ordinis3
604 3825 651 3900 de
673 3822 923 3933 abnegacione
945 3843 983 3902 et
1001 3826 1195 3932 spuicione
1215 3827 1394 3932 predictis
1422 3824 1516 3903 dixit
1544 3822 1584 3903 se
1616 3825 1726 3903 luisse

305 3952 518 4031 consessum
536 3953 631 4030 circa
647 3982 767 4031 unum
786 3982 956 4032 mensem
976 3985 1043 4033 sue
1062 3957 1292 4064 recepcionis
1305 3956 1410 4035 fratri
1428 3956 1595 4035 Roberto
1611 3957 1725 4065 capel·

304 4084 391 4162 lano
405 4085 560 4174 ordinis,
569 4102 661 4162 tunc
671 4085 833 4161 moranti
844 4086 883 4160 in
896 4086 1011 4164 domo
1020 4088 1170 4194 Templi
1181 4089 1398 4167 deVervans
1409 4088 1642 4167 Senonensis
1652 4089 1725 4166 dio

304 4217 413 4305 cesis,
441 4217 507 4325 qui
532 4215 746 4322 capellanus
762 4232 915 4292 venerat
934 4217 1038 4324 apud
1054 4219 1212 4295 domum
1231 4246 1364 4295 eorum
1388 4218 1436 4295 de
1458 4218 1668 4310 Bandeliis,
1691 4219 1724 4293 in

304 4372 378 4448 qua
397 4344 470 4423 suit
496 4347 531 4424 ei
560 4345 768 4436 confessus,
792 4362 829 4421 et
856 4346 949 4423 dixit
976 4348 1011 4435 ei
1035 4348 1140 4456 quod
1169 4349 1266 4425 male
1287 4349 1439 4441 lecerat,
1463 4367 1503 4426 et
1526 4352 1635 4458 quod
1656 4350 1725 4429 Do

304 4477 430 4554 minus
449 4479 665 4587 indulgeret
682 4477 734 4566 ei;
756 4492 794 4552 et
811 4475 970 4555 absolvit
990 4506 1078 4556 eum
1099 4479 1266 4586 injuncta
1287 4480 1499 4586 penitencia
1519 4482 1628 4588 quod
1640 4481 1723 4588 jeju·

303 4625 407 4683 naret
427 4609 559 4685 decem
571 4610 630 4685 vel
650 4606 855 4687 duodecim
876 4609 1011 4688 diebus
1031 4611 1186 4716 inpane
1207 4629 1246 4688 et
1266 4641 1372 4719 aqua.
1393 4611 1566 4691 Scientes
1588 4640 1721 4691 errores

304 4762 382 4809 esse
407 4737 446 4810 in
467 4739 617 4830 ordine,
639 4740 926 4832 malefecerunt,
953 4741 1045 4820 si'in
1067 4770 1112 4821 eo
1134 4762 1257 4834 erant,
1277 4744 1366 4850 quia
1389 4772 1468 4822 non
1488 4758 1719 4823 correxerint

305 4890 386 4956 eos,
404 4892 472 4942 nec
487 4864 808 4948 denunciaverunt
823 4873 999 4951 Ecclesie.
1016 4864 1259 4952 Audivitdici
1273 4878 1379 4980 quod
1395 4893 1571 4982 tempore
1587 4872 1718 4954 caristie
