4148 6052
301 572 348 647 ro
687 546 883 639 raocrs
908 560 1003 637 nes
1028 560 1332 635 rrurmms.

299 711 460 795 statibus
479 725 519 785 ct
538 705 877 787 deliberacionibns
900 702 1104 810 probabitis
1121 702 1222 778 inter
1238 727 1321 791 eos,
1341 716 1382 775 et
1399 701 1619 780 examinatis
1636 733 1728 785 cum

300 840 498 950 diligencia
520 834 744 944 rescriptivis
766 834 901 912 litteris
919 861 1015 941 quas
1038 830 1160 938 major
1182 859 1270 936 pars
1292 828 1662 936 mhiepisoopomm
1688 857 1729 916 et

301 974 561 1080 cpiscoporum
593 966 699 1074 regni
719 966 891 1055 Franeie,
910 965 1132 1043 vicarinmm
1160 961 1222 1038 vel
1239 960 1458 1039 officialium
1480 965 1725 1054 eorumdem,

299 1105 480 1183 miserant
498 1102 552 1179 eis
571 1127 685 1204 super
702 1095 962 1201 publicaeione
977 1093 1090 1173 edicti
1107 1093 1285 1178 citatorii,
1295 1091 1383 1170 sacti
1399 1092 1502 1169 dicta
1520 1093 1583 1173 die
1600 1097 1727 1177 vene·

300 1236 350 1313 ris
366 1251 449 1313 ante
468 1230 607 1308 festum
632 1227 733 1304 beati
753 1225 950 1305 Laureucii
968 1253 1040 1330 per
1062 1223 1218 1302 eosdem
1238 1223 1415 1301 dominos
1431 1227 1723 1321 commissarios,

300 1383 338 1440 et
356 1361 520 1441 mandati
541 1360 581 1437 in
599 1357 757 1464 singulis
776 1355 988 1434 civitatibus
1010 1373 1051 1434 et
1068 1354 1282 1433 diocesibus
1305 1355 1347 1431 in
1364 1354 1458 1431 locis
1477 1359 1663 1437 contentis
1681 1359 1724 1437 iu

296 1496 378 1599 ipso
411 1491 534 1570 edicto
565 1488 802 1595 supraposito
827 1485 1027 1593 publicari,
1052 1487 1280 1591 inventoque
1306 1513 1377 1590 per
1407 1487 1723 1568 examinaciunem

298 1624 568 1728 scripturarum
587 1617 798 1695 litterarum
812 1616 1083 1721 predictarum,
1098 1615 1204 1720 quod
1214 1614 1424 1720 publicatio
1436 1615 1596 1720 predicti
1609 1619 1724 1696 edicti

298 1779 375 1828 non
400 1749 522 1828 suerat
542 1746 652 1838 sacta,
674 1746 771 1824 sicut
794 1745 978 1824 debuerat
1001 1762 1041 1823 et
1061 1742 1144 1852 [al]
1165 1743 1297 1820 multis
1318 1773 1365 1820 ex
1383 1745 1562 1849 predictis
1579 1748 1726 1826 archie-

298 1881 459 1988 piscopis
471 1895 509 1957 et
521 1877 716 1984 episcopis,
731 1878 876 1954 vicariis
889 1905 958 1955 seu
974 1874 1197 1954 officialibus
1211 1876 1447 1964 eorumdem,
1464 1893 1504 1952 et
1513 1877 1726 1982 specialiter

298 2013 337 2087 in
352 2011 453 2087 locis
474 2010 514 2087 in
538 2007 679 2114 quibus
701 2006 790 2084 dicti
810 2007 1014 2112 Templarii
1033 2007 1129 2111 eapti
1148 2005 1435 2094 detinebantur3
1455 2006 1724 2112 cirsnmspecto

300 2139 418 2215 eciam
450 2137 555 2245 quod
579 2135 689 2215 multi
715 2166 760 2215 ex
782 2135 961 2241 predictis
983 2136 1111 2212 minus
1138 2133 1252 2240 plene
1274 2151 1314 2210 et
1332 2133 1448 2239 aliqui
1469 2135 1643 2213 confusae
1666 2166 1727 2215 re·

299 2269 537 2374 scripserant,
553 2266 642 2343 licet
659 2265 836 2344 nonnulli
849 2265 938 2344 satis
951 2265 1051 2342 hene
1062 2265 1351 2371 rescripsissent,
1366 2280 1405 2340 et
1416 2263 1584 2340 edictum
1602 2266 1727 2372 publi

299 2415 442 2477 cessent
467 2397 697 2505 predictum,
717 2386 869 2476 invento
899 2397 1016 2475 eciam
1041 2397 1083 2473 in
1105 2395 1216 2473 dictis
1234 2392 1456 2500 rescriptivis
1477 2394 1584 2500 quod
1609 2397 1724 2475 multi

299 2559 342 2607 ex
356 2529 533 2609 fratribus
548 2529 691 2608 ordinis
700 2529 889 2608 dictorum
901 2527 1205 2634 Templariorum
1219 2529 1258 2605 in
1270 2525 1483 2603 diocenbus
1495 2526 1720 2621 Vassatensi,

297 2659 531 2750 Tholosano,
552 2658 865 2749 Claramonteusi,
886 2658 1084 2735 Parisiensi
1111 2675 1149 2735 et
1175 2658 1257 2735 aliis
1276 2646 1435 2746 detenti,
1457 2654 1649 2762 publicato
1667 2658 1724 2735 eis

298 2789 466 2894 predicto
496 2789 665 2865 citatorio
692 2788 832 2878 edicto,
856 2789 1018 2893 precisse
1038 2788 1222 2878 dixerant,
1243 2787 1348 2896 quod
1377 2787 1521 2864 dictum
1549 2787 1722 2867 ordinem

298 2917 603 3023 Templariorum
624 2917 825 2995 defendere
844 2918 1035 3010 volebant,
1053 2919 1114 2996 alii
1133 2949 1222 2997 vero
1241 2920 1415 2997 volebant
1430 2918 1554 2995 venire
1570 2919 1617 2994 ad
1635 2948 1722 3024 pre-

298 3046 462 3123 senciam
477 3044 665 3123 dictorum
679 3046 925 3124 dominorum
940 3050 1301 3139 commissariorum,
1318 3047 1434 3153 aliqui
1452 3047 1513 3124 alii
1531 3046 1636 3152 quod
1652 3075 1722 3152 pa-

298 3175 367 3250 rati
388 3189 493 3251 erant
507 3174 662 3253 obedire
679 3174 834 3266 eisdem,
856 3193 895 3254 et
908 3177 1035 3284 aliqua
1054 3178 1125 3257 alia
1143 3178 1257 3256 verba
1274 3178 1464 3285 ambigua,
1485 3176 1602 3283 aliqui
1616 3178 1721 3284 quod

299 3305 424 3409 ipsum
443 3302 616 3381 ordinem
639 3302 849 3407 defendere·
866 3308 1067 3396 nolebant;
1092 3308 1327 3385 attendentes
1345 3307 1433 3385 dicti
1457 3305 1604 3384 domini
1621 3334 1723 3383 com-

299 3433 468 3520 missarii,
482 3432 600 3538 quod,
622 3432 731 3510 dictis
745 3432 921 3515 fratribus
936 3453 976 3514 et
989 3437 1071 3515 aliis
1084 3437 1260 3515 vocandis
1275 3435 1433 3514 evocatis
1441 3433 1549 3542 juxta
1563 3435 1721 3515 sormam

299 3562 569 3641 commissionis
587 3563 641 3640 eis
658 3562 771 3655 facte,
787 3566 992 3670 procedere
1012 3566 1217 3656 habebant,
1234 3584 1273 3644 et
1285 3566 1392 3672 quod
1408 3566 1658 3672 incongruum
1676 3569 1723 3644 ri-

298 3691 379 3769 deri
401 3710 543 3798 posset,
558 3693 588 3769 si
608 3694 688 3770 sine
707 3697 899 3799 presencia
913 3697 1073 3775 illorum
1091 3700 1158 3804 qui
1177 3698 1294 3775 vocati
1322 3714 1429 3775 erant
1449 3694 1666 3775 etdixerant
1678 3727 1721 3775 se

298 3821 391 3899 velle
418 3822 631 3928 predictum
658 3824 833 3904 ordinem
852 3827 1072 3919 defendere,
1092 3830 1361 3935 procederent;
1391 3828 1558 3905 videntes
1585 3825 1720 3933 eciam,

297 3953 401 4058 quod
421 3954 531 4032 multi
553 3984 598 4033 ex
617 3954 902 4065 archiepiscopis
921 3975 960 4034 et
974 3959 1156 4065 episcopis
1175 3958 1410 4066 supradictis,
1426 3956 1569 4035 vicariis
1582 3973 1621 4034 et
1638 3956 1722 4033 offi-

297 4082 452 4161 cialibus
485 4084 709 4163 eorumdem
733 4084 849 4163 nichil
865 4088 934 4165 eis
962 4088 1087 4166 adhuc
1113 4090 1379 4196 rescripseram
1398 4088 1445 4165 de
1464 4085 1719 4194 publicacione

298 4211 451 4313 predicti
473 4215 604 4303 edicti3
627 4215 861 4297 advertentes
880 4221 1046 4328 insuper,
1068 4222 1173 4328 quod
1192 4251 1260 4330 per
1281 4250 1346 4299 cos
1362 4237 1440 4298 erat
1452 4216 1721 4325 inquirendum

297 4356 423 4419 contra
445 4341 587 4421 dictum
603 4347 776 4425 ordinem
795 4351 963 4458 Templi,
985 4382 1064 4430 non
1083 4354 1208 4431 solum
1226 4349 1502 4430 cumfratribus
1518 4349 1607 4427 dicti
1621 4348 1724 4426 ordi·

298 4471 369 4561 nis,
386 4501 517 4553 verum
538 4477 654 4554 eciam
674 4507 761 4557 cum
781 4478 864 4556 aliis
877 4481 943 4585 qui
958 4509 1034 4559 non
1056 4501 1162 4561 erant
1182 4483 1229 4561 de
1244 4483 1344 4560 dicto
1360 4481 1507 4572 ordine,
1529 4481 1561 4558 si
1584 4479 1649 4587 qui
1665 4507 1724 4556 es·

297 4615 381 4675 sent
400 4604 464 4704 qui
486 4604 625 4679 scirent
644 4634 777 4685 eorum
801 4607 848 4686 de
867 4610 1008 4717 quibus
1024 4613 1165 4692 habent
1183 4630 1310 4693 contra
1330 4616 1453 4721 ipsum
1474 4612 1647 4690 ordinem
1667 4612 1724 4687 in-

297 4727 448 4832 quirere
480 4732 693 4822 veritatem3
725 4739 898 4819 nolentes
932 4742 1047 4820 iidem
1076 4745 1218 4822 domini
1253 4743 1494 4824 commissarii
1520 4744 1567 4819 de
1598 4740 1722 4849 aliqua

297 4859 598 4964 precipitacione,
622 4865 660 4942 in
679 4882 755 4945 tam
768 4870 888 4950 arduo
907 4874 1099 4977 potissime
1119 4878 1291 4985 negocio,
1313 4903 1422 4982 posse
1442 4874 1578 4964 notari,
1597 4900 1724 4978 supra·
