<?xml version="1.0" encoding="UTF-8"?>
<!DOCTYPE html PUBLIC "-//W3C//DTD XHTML 1.0 Transitional//EN"
    "http://www.w3.org/TR/xhtml1/DTD/xhtml1-transitional.dtd">
<html xmlns="http://www.w3.org/1999/xhtml" xml:lang="en" lang="en">
 <head>
  <title>
</title>
<meta http-equiv="Content-Type" content="text/html;charset=utf-8" />
  <meta name='ocr-system' content='tesseract 3.04.00' />
  <meta name='ocr-capabilities' content='ocr_page ocr_carea ocr_par ocr_line ocrx_word'/>
</head>
<body>
  <div class='ocr_page' id='page_1' title='image "./procsdestemplie02defegoog_0166.png"; bbox 0 0 4080 6052; ppageno 0'>
   <div class='ocr_carea' id='block_1_1' title="bbox 505 527 1526 621">
    <p class='ocr_par' dir='ltr' id='par_1_1' title="bbox 505 527 1526 621">
     <span class='ocr_line' id='line_1_1' title="bbox 505 527 1526 621; baseline -0.012 0"><span class='ocrx_word' id='word_1_1' title='bbox 505 547 574 621; x_wconf 81' lang='lat' dir='ltr'><strong>us</strong></span> <span class='ocrx_word' id='word_1_2' title='bbox 884 527 1080 621; x_wconf 72' lang='lat' dir='ltr'><strong>raucas</strong></span> <span class='ocrx_word' id='word_1_3' title='bbox 1104 544 1200 618; x_wconf 78' lang='lat' dir='ltr'><strong>nas</strong></span> <span class='ocrx_word' id='word_1_4' title='bbox 1225 540 1526 616; x_wconf 80' lang='lat' dir='ltr'><strong>rnurnrras</strong></span> 
     </span>
    </p>
   </div>
   <div class='ocr_carea' id='block_1_2' title="bbox 500 672 1925 3893">
    <p class='ocr_par' dir='ltr' id='par_1_2' title="bbox 500 672 1918 1694">
     <span class='ocr_line' id='line_1_2' title="bbox 500 672 1915 792; baseline -0.011 -28"><span class='ocrx_word' id='word_1_5' title='bbox 500 714 588 765; x_wconf 89' lang='lat' dir='ltr'><strong>nem</strong></span> <span class='ocrx_word' id='word_1_6' title='bbox 612 702 775 792; x_wconf 89' lang='lat' dir='ltr'><strong>quatuor</strong></span> <span class='ocrx_word' id='word_1_7' title='bbox 792 685 851 763; x_wconf 75' lang='lat' dir='ltr'><strong>vel</strong></span> <span class='ocrx_word' id='word_1_8' title='bbox 871 687 1039 792; x_wconf 87' lang='lat' dir='ltr'><strong>quinque</strong></span> <span class='ocrx_word' id='word_1_9' title='bbox 1063 710 1324 791; x_wconf 81' lang='lat' dir='ltr'><strong>personarum,</strong></span> <span class='ocrx_word' id='word_1_10' title='bbox 1348 681 1438 788; x_wconf 89' lang='lat' dir='ltr'><strong>quia</strong></span> <span class='ocrx_word' id='word_1_11' title='bbox 1461 679 1508 767; x_wconf 90' lang='lat' dir='ltr'><strong>si,</strong></span> <span class='ocrx_word' id='word_1_12' title='bbox 1536 703 1605 783; x_wconf 91' lang='lat' dir='ltr'><strong>per</strong></span> <span class='ocrx_word' id='word_1_13' title='bbox 1629 672 1915 778; x_wconf 85' lang='lat' dir='ltr'>impressionem</span> 
     </span>
     <span class='ocr_line' id='line_1_3' title="bbox 501 799 1917 923; baseline -0.01 -31"><span class='ocrx_word' id='word_1_14' title='bbox 501 816 714 923; x_wconf 87' lang='lat' dir='ltr'><strong>aliquorum</strong></span> <span class='ocrx_word' id='word_1_15' title='bbox 745 816 961 923; x_wconf 84' lang='lat' dir='ltr'><strong>potenciam</strong></span> <span class='ocrx_word' id='word_1_16' title='bbox 992 816 1175 905; x_wconf 89' lang='lat' dir='ltr'><strong>virorum,</strong></span> <span class='ocrx_word' id='word_1_17' title='bbox 1206 812 1261 890; x_wconf 91' lang='lat' dir='ltr'><strong>illi</strong></span> <span class='ocrx_word' id='word_1_18' title='bbox 1291 808 1506 889; x_wconf 83' lang='lat' dir='ltr'><strong>defensores</strong></span> <span class='ocrx_word' id='word_1_19' title='bbox 1533 805 1660 882; x_wconf 88' lang='lat' dir='ltr'><strong>minus</strong></span> <span class='ocrx_word' id='word_1_20' title='bbox 1688 799 1917 881; x_wconf 86' lang='lat' dir='ltr'><strong>sufficienter</strong></span> 
     </span>
     <span class='ocr_line' id='line_1_4' title="bbox 502 930 1915 1034; baseline -0.009 -14"><span class='ocrx_word' id='word_1_21' title='bbox 502 943 747 1031; x_wconf 81' lang='lat' dir='ltr'><strong>defenderent</strong></span> <span class='ocrx_word' id='word_1_22' title='bbox 773 945 916 1024; x_wconf 92' lang='lat' dir='ltr'><strong>dictum</strong></span> <span class='ocrx_word' id='word_1_23' title='bbox 946 945 1138 1034; x_wconf 81' lang='lat' dir='ltr'><strong>ordinem,</strong></span> <span class='ocrx_word' id='word_1_24' title='bbox 1165 959 1203 1019; x_wconf 90' lang='lat' dir='ltr'><strong>et</strong></span> <span class='ocrx_word' id='word_1_25' title='bbox 1229 940 1466 1019; x_wconf 89' lang='lat' dir='ltr'><strong>omitteretur</strong></span> <span class='ocrx_word' id='word_1_26' title='bbox 1494 937 1589 1014; x_wconf 91' lang='lat' dir='ltr'><strong>ordo</strong></span> <span class='ocrx_word' id='word_1_27' title='bbox 1618 935 1666 1011; x_wconf 92' lang='lat' dir='ltr'><strong>de</strong></span> <span class='ocrx_word' id='word_1_28' title='bbox 1695 930 1915 1009; x_wconf 83' lang='lat' dir='ltr'><strong>criminibus</strong></span> 
     </span>
     <span class='ocr_line' id='line_1_5' title="bbox 501 1061 1916 1180; baseline -0.008 -29"><span class='ocrx_word' id='word_1_29' title='bbox 501 1073 737 1180; x_wconf 88' lang='lat' dir='ltr'><strong>supradictis,</strong></span> <span class='ocrx_word' id='word_1_30' title='bbox 771 1075 857 1152; x_wconf 89' lang='lat' dir='ltr'><strong>licet</strong></span> <span class='ocrx_word' id='word_1_31' title='bbox 886 1073 1097 1180; x_wconf 87' lang='lat' dir='ltr'><strong>inquiratur</strong></span> <span class='ocrx_word' id='word_1_32' title='bbox 1125 1086 1254 1151; x_wconf 84' lang='lat' dir='ltr'><strong>contra</strong></span> <span class='ocrx_word' id='word_1_33' title='bbox 1277 1086 1415 1174; x_wconf 79' lang='lat' dir='ltr'><strong>totum¹</strong></span> <span class='ocrx_word' id='word_1_34' title='bbox 1428 1067 1617 1156; x_wconf 86' lang='lat' dir='ltr'><strong>ordinem,</strong></span> <span class='ocrx_word' id='word_1_35' title='bbox 1646 1061 1916 1140; x_wconf 86' lang='lat' dir='ltr'><strong>nichilominus</strong></span> 
     </span>
     <span class='ocr_line' id='line_1_6' title="bbox 501 1193 1915 1310; baseline -0.008 -28"><span class='ocrx_word' id='word_1_36' title='bbox 501 1232 659 1310; x_wconf 87' lang='lat' dir='ltr'><strong>persono</strong></span> <span class='ocrx_word' id='word_1_37' title='bbox 671 1233 806 1283; x_wconf 85' lang='lat' dir='ltr'><strong>eorum</strong></span> <span class='ocrx_word' id='word_1_38' title='bbox 817 1221 943 1284; x_wconf 78' lang='lat' dir='ltr'><strong>essent</strong></span> <span class='ocrx_word' id='word_1_39' title='bbox 961 1204 1001 1280; x_wconf 91' lang='lat' dir='ltr'><strong>in</strong></span> <span class='ocrx_word' id='word_1_40' title='bbox 1019 1200 1222 1310; x_wconf 90' lang='lat' dir='ltr'><strong>pericullo,</strong></span> <span class='ocrx_word' id='word_1_41' title='bbox 1236 1201 1301 1307; x_wconf 91' lang='lat' dir='ltr'><strong>qui</strong></span> <span class='ocrx_word' id='word_1_42' title='bbox 1316 1214 1420 1277; x_wconf 91' lang='lat' dir='ltr'><strong>tanto</strong></span> <span class='ocrx_word' id='word_1_43' title='bbox 1433 1214 1604 1302; x_wconf 90' lang='lat' dir='ltr'><strong>tempore</strong></span> <span class='ocrx_word' id='word_1_44' title='bbox 1616 1194 1656 1271; x_wconf 95' lang='lat' dir='ltr'><strong>in</strong></span> <span class='ocrx_word' id='word_1_45' title='bbox 1671 1193 1915 1271; x_wconf 82' lang='lat' dir='ltr'><strong>dicto&#39;ordine</strong></span> 
     </span>
     <span class='ocr_line' id='line_1_7' title="bbox 502 1321 1918 1438; baseline -0.008 -28"><span class='ocrx_word' id='word_1_46' title='bbox 502 1351 777 1424; x_wconf 89' lang='lat' dir='ltr'><strong>remanserunt,</strong></span> <span class='ocrx_word' id='word_1_47' title='bbox 794 1334 864 1411; x_wconf 87' lang='lat' dir='ltr'><strong>sed</strong></span> <span class='ocrx_word' id='word_1_48' title='bbox 888 1332 1050 1438; x_wconf 90' lang='lat' dir='ltr'><strong>quilibet</strong></span> <span class='ocrx_word' id='word_1_49' title='bbox 1068 1348 1125 1409; x_wconf 87' lang='lat' dir='ltr'><strong>est</strong></span> <span class='ocrx_word' id='word_1_50' title='bbox 1143 1345 1293 1437; x_wconf 88' lang='lat' dir='ltr'><strong>paratus</strong></span> <span class='ocrx_word' id='word_1_51' title='bbox 1310 1354 1454 1434; x_wconf 89' lang='lat' dir='ltr'><strong>perse,</strong></span> <span class='ocrx_word' id='word_1_52' title='bbox 1475 1341 1660 1432; x_wconf 91' lang='lat' dir='ltr'><strong>quantum</strong></span> <span class='ocrx_word' id='word_1_53' title='bbox 1678 1321 1833 1429; x_wconf 90' lang='lat' dir='ltr'><strong>poterit,</strong></span> <span class='ocrx_word' id='word_1_54' title='bbox 1856 1323 1918 1399; x_wconf 77' lang='lat' dir='ltr'><strong>de·</strong></span> 
     </span>
     <span class='ocr_line' id='line_1_8' title="bbox 501 1451 1914 1565; baseline -0.006 -29"><span class='ocrx_word' id='word_1_55' title='bbox 501 1460 655 1539; x_wconf 87' lang='lat' dir='ltr'><strong>sendere</strong></span> <span class='ocrx_word' id='word_1_56' title='bbox 676 1462 819 1538; x_wconf 88' lang='lat' dir='ltr'><strong>dictum</strong></span> <span class='ocrx_word' id='word_1_57' title='bbox 834 1460 1019 1538; x_wconf 85' lang='lat' dir='ltr'><strong>ordinem.</strong></span> <span class='ocrx_word' id='word_1_58' title='bbox 1040 1458 1223 1565; x_wconf 86' lang='lat' dir='ltr'><strong>Requiaiti</strong></span> <span class='ocrx_word' id='word_1_59' title='bbox 1243 1458 1274 1536; x_wconf 93' lang='lat' dir='ltr'><strong>si</strong></span> <span class='ocrx_word' id='word_1_60' title='bbox 1293 1456 1467 1536; x_wconf 86' lang='lat' dir='ltr'><strong>volebant</strong></span> <span class='ocrx_word' id='word_1_61' title='bbox 1486 1454 1629 1561; x_wconf 82' lang='lat' dir='ltr'><strong>aliquid</strong></span> <span class='ocrx_word' id='word_1_62' title='bbox 1648 1453 1752 1531; x_wconf 85' lang='lat' dir='ltr'><strong>eliud</strong></span> <span class='ocrx_word' id='word_1_63' title='bbox 1773 1451 1914 1542; x_wconf 81' lang='lat' dir='ltr'><strong>dicere,</strong></span> 
     </span>
     <span class='ocr_line' id='line_1_9' title="bbox 502 1587 1011 1694; baseline -0.002 -30"><span class='ocrx_word' id='word_1_64' title='bbox 502 1589 780 1694; x_wconf 89' lang='lat' dir='ltr'><strong>responderunt</strong></span> <span class='ocrx_word' id='word_1_65' title='bbox 799 1587 903 1694; x_wconf 91' lang='lat' dir='ltr'><strong>quod</strong></span> <span class='ocrx_word' id='word_1_66' title='bbox 923 1616 1011 1664; x_wconf 93' lang='lat' dir='ltr'><strong>non.</strong></span> 
     </span>
    </p>

    <p class='ocr_par' dir='ltr' id='par_1_3' title="bbox 503 1713 1925 3893">
     <span class='ocr_line' id='line_1_10' title="bbox 559 1713 1916 1807; baseline -0.005 -11"><span class='ocrx_word' id='word_1_67' title='bbox 559 1716 824 1807; x_wconf 78' lang='lat' dir='ltr'><strong>Postmodum,</strong></span> <span class='ocrx_word' id='word_1_68' title='bbox 855 1715 987 1794; x_wconf 89' lang='lat' dir='ltr'><strong>eadem</strong></span> <span class='ocrx_word' id='word_1_69' title='bbox 1019 1716 1080 1794; x_wconf 92' lang='lat' dir='ltr'><strong>die</strong></span> <span class='ocrx_word' id='word_1_70' title='bbox 1104 1716 1263 1795; x_wconf 84' lang='lat' dir='ltr'><strong>Veneris</strong></span> <span class='ocrx_word' id='word_1_71' title='bbox 1283 1715 1487 1791; x_wconf 80' lang='lat' dir='ltr'><strong>accesimus</strong></span> <span class='ocrx_word' id='word_1_72' title='bbox 1515 1714 1564 1791; x_wconf 91' lang='lat' dir='ltr'><strong>ad</strong></span> <span class='ocrx_word' id='word_1_73' title='bbox 1592 1713 1731 1791; x_wconf 90' lang='lat' dir='ltr'><strong>dictam</strong></span> <span class='ocrx_word' id='word_1_74' title='bbox 1760 1713 1916 1790; x_wconf 89' lang='lat' dir='ltr'><strong>domum</strong></span> 
     </span>
     <span class='ocr_line' id='line_1_11' title="bbox 503 1840 1919 1953; baseline -0.003 -31"><span class='ocrx_word' id='word_1_75' title='bbox 503 1844 650 1922; x_wconf 84' lang='lat' dir='ltr'><strong>Ricardi</strong></span> <span class='ocrx_word' id='word_1_76' title='bbox 673 1845 722 1923; x_wconf 90' lang='lat' dir='ltr'><strong>de</strong></span> <span class='ocrx_word' id='word_1_77' title='bbox 747 1844 885 1953; x_wconf 88' lang='lat' dir='ltr'><strong>Spoliis</strong></span> <span class='ocrx_word' id='word_1_78' title='bbox 914 1844 1055 1923; x_wconf 85' lang='lat' dir='ltr'><strong>invice</strong></span> <span class='ocrx_word' id='word_1_79' title='bbox 1078 1842 1227 1948; x_wconf 89' lang='lat' dir='ltr'><strong>Templi</strong></span> <span class='ocrx_word' id='word_1_80' title='bbox 1246 1842 1463 1925; x_wconf 86' lang='lat' dir='ltr'><strong>Parisiensis</strong></span> <span class='ocrx_word' id='word_1_81' title='bbox 1487 1842 1710 1947; x_wconf 82' lang='lat' dir='ltr'><strong>supradicti,</strong></span> <span class='ocrx_word' id='word_1_82' title='bbox 1732 1840 1797 1921; x_wconf 90' lang='lat' dir='ltr'><strong>ubi</strong></span> <span class='ocrx_word' id='word_1_83' title='bbox 1812 1859 1919 1920; x_wconf 86' lang='lat' dir='ltr'><strong>erant</strong></span> 
     </span>
     <span class='ocr_line' id='line_1_12' title="bbox 504 1970 1919 2081; baseline -0.001 -31"><span class='ocrx_word' id='word_1_84' title='bbox 504 1974 646 2052; x_wconf 89' lang='lat' dir='ltr'><strong>detenti</strong></span> <span class='ocrx_word' id='word_1_85' title='bbox 675 2001 763 2053; x_wconf 74' lang='lat' dir='ltr'><strong>rtur</strong></span> <span class='ocrx_word' id='word_1_86' title='bbox 787 1971 990 2081; x_wconf 88' lang='lat' dir='ltr'><strong>Templarii</strong></span> <span class='ocrx_word' id='word_1_87' title='bbox 1019 1971 1240 2079; x_wconf 81' lang='lat' dir='ltr'><strong>supradicti,</strong></span> <span class='ocrx_word' id='word_1_88' title='bbox 1261 1988 1300 2050; x_wconf 90' lang='lat' dir='ltr'><strong>et</strong></span> <span class='ocrx_word' id='word_1_89' title='bbox 1316 1970 1516 2077; x_wconf 87' lang='lat' dir='ltr'><strong>petivimus</strong></span> <span class='ocrx_word' id='word_1_90' title='bbox 1537 1971 1584 2048; x_wconf 91' lang='lat' dir='ltr'><strong>ab</strong></span> <span class='ocrx_word' id='word_1_91' title='bbox 1610 1970 1787 2049; x_wconf 86' lang='lat' dir='ltr'><strong>omnibus</strong></span> <span class='ocrx_word' id='word_1_92' title='bbox 1804 1970 1919 2048; x_wconf 87' lang='lat' dir='ltr'><strong>simul</strong></span> 
     </span>
     <span class='ocr_line' id='line_1_13' title="bbox 505 2098 1918 2207; baseline -0.002 -28"><span class='ocrx_word' id='word_1_93' title='bbox 505 2102 688 2179; x_wconf 89' lang='lat' dir='ltr'><strong>stantibus</strong></span> <span class='ocrx_word' id='word_1_94' title='bbox 703 2118 742 2178; x_wconf 92' lang='lat' dir='ltr'><strong>et</strong></span> <span class='ocrx_word' id='word_1_95' title='bbox 759 2099 1002 2187; x_wconf 83' lang='lat' dir='ltr'><strong>audientibus</strong></span> <span class='ocrx_word' id='word_1_96' title='bbox 1010 2116 1140 2177; x_wconf 92' lang='lat' dir='ltr'><strong>utrum</strong></span> <span class='ocrx_word' id='word_1_97' title='bbox 1155 2100 1344 2178; x_wconf 86' lang='lat' dir='ltr'><strong>misissent</strong></span> <span class='ocrx_word' id='word_1_98' title='bbox 1355 2126 1487 2179; x_wconf 87' lang='lat' dir='ltr'><strong>omnes</strong></span> <span class='ocrx_word' id='word_1_99' title='bbox 1496 2098 1612 2177; x_wconf 88' lang='lat' dir='ltr'><strong>hodie</strong></span> <span class='ocrx_word' id='word_1_100' title='bbox 1627 2102 1676 2178; x_wconf 92' lang='lat' dir='ltr'><strong>ad</strong></span> <span class='ocrx_word' id='word_1_101' title='bbox 1689 2101 1918 2207; x_wconf 88' lang='lat' dir='ltr'><strong>presenciam</strong></span> 
     </span>
     <span class='ocr_line' id='line_1_14' title="bbox 506 2227 1919 2308; baseline -0.001 -2"><span class='ocrx_word' id='word_1_102' title='bbox 506 2229 693 2307; x_wconf 88' lang='lat' dir='ltr'><strong>dictorum</strong></span> <span class='ocrx_word' id='word_1_103' title='bbox 713 2229 956 2307; x_wconf 81' lang='lat' dir='ltr'><strong>dominorum</strong></span> <span class='ocrx_word' id='word_1_104' title='bbox 971 2229 1312 2307; x_wconf 85' lang='lat' dir='ltr'><strong>commissariorum</strong></span> <span class='ocrx_word' id='word_1_105' title='bbox 1331 2227 1483 2308; x_wconf 84' lang='lat' dir='ltr'><strong>fratrem</strong></span> <span class='ocrx_word' id='word_1_106' title='bbox 1493 2228 1742 2307; x_wconf 91' lang='lat' dir='ltr'><strong>Guillelmum</strong></span> <span class='ocrx_word' id='word_1_107' title='bbox 1759 2230 1807 2307; x_wconf 92' lang='lat' dir='ltr'><strong>de</strong></span> <span class='ocrx_word' id='word_1_108' title='bbox 1815 2231 1919 2308; x_wconf 82' lang='lat' dir='ltr'><strong>Fuxo</strong></span> 
     </span>
     <span class='ocr_line' id='line_1_15' title="bbox 505 2356 1920 2465; baseline 0.001 -31"><span class='ocrx_word' id='word_1_109' title='bbox 505 2357 683 2448; x_wconf 90' lang='lat' dir='ltr'><strong>militem,</strong></span> <span class='ocrx_word' id='word_1_110' title='bbox 705 2374 744 2435; x_wconf 89' lang='lat' dir='ltr'><strong>et</strong></span> <span class='ocrx_word' id='word_1_111' title='bbox 756 2356 908 2435; x_wconf 79' lang='lat' dir='ltr'><strong>fratrem</strong></span> <span class='ocrx_word' id='word_1_112' title='bbox 926 2357 1136 2445; x_wconf 87' lang='lat' dir='ltr'><strong>Johannem</strong></span> <span class='ocrx_word' id='word_1_113' title='bbox 1152 2357 1200 2436; x_wconf 93' lang='lat' dir='ltr'><strong>de</strong></span> <span class='ocrx_word' id='word_1_114' title='bbox 1215 2360 1344 2437; x_wconf 89' lang='lat' dir='ltr'><strong>Monte</strong></span> <span class='ocrx_word' id='word_1_115' title='bbox 1362 2357 1477 2464; x_wconf 82' lang='lat' dir='ltr'><strong>regali</strong></span> <span class='ocrx_word' id='word_1_116' title='bbox 1497 2357 1699 2465; x_wconf 83' lang='lat' dir='ltr'><strong>predictos,</strong></span> <span class='ocrx_word' id='word_1_117' title='bbox 1721 2359 1769 2436; x_wconf 91' lang='lat' dir='ltr'><strong>ad</strong></span> <span class='ocrx_word' id='word_1_118' title='bbox 1783 2386 1920 2465; x_wconf 93' lang='lat' dir='ltr'><strong>propo-</strong></span> 
     </span>
     <span class='ocr_line' id='line_1_16' title="bbox 506 2486 1922 2594; baseline 0.002 -30"><span class='ocrx_word' id='word_1_119' title='bbox 506 2487 675 2566; x_wconf 90' lang='lat' dir='ltr'><strong>nendum</strong></span> <span class='ocrx_word' id='word_1_120' title='bbox 696 2503 734 2563; x_wconf 89' lang='lat' dir='ltr'><strong>et</strong></span> <span class='ocrx_word' id='word_1_121' title='bbox 749 2486 953 2564; x_wconf 88' lang='lat' dir='ltr'><strong>dicendum</strong></span> <span class='ocrx_word' id='word_1_122' title='bbox 973 2514 1097 2565; x_wconf 88' lang='lat' dir='ltr'><strong>coram</strong></span> <span class='ocrx_word' id='word_1_123' title='bbox 1118 2487 1173 2565; x_wconf 91' lang='lat' dir='ltr'><strong>eis</strong></span> <span class='ocrx_word' id='word_1_124' title='bbox 1187 2487 1339 2594; x_wconf 88' lang='lat' dir='ltr'><strong>illaque</strong></span> <span class='ocrx_word' id='word_1_125' title='bbox 1360 2488 1502 2567; x_wconf 83' lang='lat' dir='ltr'><strong>dixerat</strong></span> <span class='ocrx_word' id='word_1_126' title='bbox 1515 2505 1553 2565; x_wconf 89' lang='lat' dir='ltr'><strong>et</strong></span> <span class='ocrx_word' id='word_1_127' title='bbox 1569 2487 1712 2592; x_wconf 81' lang='lat' dir='ltr'><strong>legerat</strong></span> <span class='ocrx_word' id='word_1_128' title='bbox 1731 2488 1779 2564; x_wconf 89' lang='lat' dir='ltr'><strong>ad</strong></span> <span class='ocrx_word' id='word_1_129' title='bbox 1794 2488 1922 2567; x_wconf 85' lang='lat' dir='ltr'><strong>desen·</strong></span> 
     </span>
     <span class='ocr_line' id='line_1_17' title="bbox 506 2615 1921 2723; baseline 0 -27"><span class='ocrx_word' id='word_1_130' title='bbox 506 2618 651 2697; x_wconf 89' lang='lat' dir='ltr'><strong>sionem</strong></span> <span class='ocrx_word' id='word_1_131' title='bbox 671 2617 760 2695; x_wconf 88' lang='lat' dir='ltr'><strong>dieti</strong></span> <span class='ocrx_word' id='word_1_132' title='bbox 780 2616 943 2705; x_wconf 86' lang='lat' dir='ltr'><strong>ordinis,</strong></span> <span class='ocrx_word' id='word_1_133' title='bbox 966 2633 1005 2693; x_wconf 91' lang='lat' dir='ltr'><strong>et</strong></span> <span class='ocrx_word' id='word_1_134' title='bbox 1026 2617 1065 2694; x_wconf 92' lang='lat' dir='ltr'><strong>in</strong></span> <span class='ocrx_word' id='word_1_135' title='bbox 1084 2617 1288 2723; x_wconf 86' lang='lat' dir='ltr'><strong>quamdam</strong></span> <span class='ocrx_word' id='word_1_136' title='bbox 1307 2615 1480 2695; x_wconf 87' lang='lat' dir='ltr'><strong>cedulam</strong></span> <span class='ocrx_word' id='word_1_137' title='bbox 1500 2631 1538 2693; x_wconf 93' lang='lat' dir='ltr'><strong>et</strong></span> <span class='ocrx_word' id='word_1_138' title='bbox 1553 2615 1744 2693; x_wconf 89' lang='lat' dir='ltr'><strong>dimiserat</strong></span> <span class='ocrx_word' id='word_1_139' title='bbox 1763 2618 1921 2696; x_wconf 89' lang='lat' dir='ltr'><strong>eisdem.</strong></span> 
     </span>
     <span class='ocr_line' id='line_1_18' title="bbox 507 2745 1924 2853; baseline 0 -29"><span class='ocrx_word' id='word_1_140' title='bbox 507 2751 582 2845; x_wconf 90' lang='lat' dir='ltr'><strong>Qui</strong></span> <span class='ocrx_word' id='word_1_141' title='bbox 602 2776 734 2826; x_wconf 89' lang='lat' dir='ltr'><strong>omnes</strong></span> <span class='ocrx_word' id='word_1_142' title='bbox 754 2748 928 2825; x_wconf 81' lang='lat' dir='ltr'><strong>dixerunt</strong></span> <span class='ocrx_word' id='word_1_143' title='bbox 947 2763 986 2824; x_wconf 89' lang='lat' dir='ltr'><strong>et</strong></span> <span class='ocrx_word' id='word_1_144' title='bbox 996 2747 1273 2853; x_wconf 87' lang='lat' dir='ltr'><strong>responderunt</strong></span> <span class='ocrx_word' id='word_1_145' title='bbox 1291 2745 1396 2852; x_wconf 92' lang='lat' dir='ltr'><strong>quod</strong></span> <span class='ocrx_word' id='word_1_146' title='bbox 1409 2746 1509 2853; x_wconf 87' lang='lat' dir='ltr'><strong>ipsos</strong></span> <span class='ocrx_word' id='word_1_147' title='bbox 1523 2745 1703 2823; x_wconf 86' lang='lat' dir='ltr'><strong>miserant</strong></span> <span class='ocrx_word' id='word_1_148' title='bbox 1715 2773 1783 2850; x_wconf 91' lang='lat' dir='ltr'><strong>pro</strong></span> <span class='ocrx_word' id='word_1_149' title='bbox 1804 2773 1863 2833; x_wconf 92' lang='lat' dir='ltr'><strong>se,</strong></span> <span class='ocrx_word' id='word_1_150' title='bbox 1886 2767 1924 2824; x_wconf 91' lang='lat' dir='ltr'><strong>et</strong></span> 
     </span>
     <span class='ocr_line' id='line_1_19' title="bbox 509 2874 1924 2984; baseline 0.001 -31"><span class='ocrx_word' id='word_1_151' title='bbox 509 2877 764 2955; x_wconf 86' lang='lat' dir='ltr'><strong>demandato</strong></span> <span class='ocrx_word' id='word_1_152' title='bbox 795 2879 964 2984; x_wconf 88' lang='lat' dir='ltr'><strong>ipsorum</strong></span> <span class='ocrx_word' id='word_1_153' title='bbox 998 2877 1141 2955; x_wconf 82' lang='lat' dir='ltr'><strong>dixerat</strong></span> <span class='ocrx_word' id='word_1_154' title='bbox 1169 2876 1273 2954; x_wconf 90' lang='lat' dir='ltr'><strong>idem</strong></span> <span class='ocrx_word' id='word_1_155' title='bbox 1306 2874 1419 2953; x_wconf 80' lang='lat' dir='ltr'><strong>frater</strong></span> <span class='ocrx_word' id='word_1_156' title='bbox 1452 2875 1640 2954; x_wconf 79' lang='lat' dir='ltr'><strong>lohannes</strong></span> <span class='ocrx_word' id='word_1_157' title='bbox 1670 2875 1855 2982; x_wconf 85' lang='lat' dir='ltr'><strong>predicta;</strong></span> <span class='ocrx_word' id='word_1_158' title='bbox 1887 2896 1924 2954; x_wconf 92' lang='lat' dir='ltr'><strong>et</strong></span> 
     </span>
     <span class='ocr_line' id='line_1_20' title="bbox 509 3005 1924 3113; baseline 0.002 -31"><span class='ocrx_word' id='word_1_159' title='bbox 509 3007 777 3086; x_wconf 87' lang='lat' dir='ltr'><strong>nichilominus</strong></span> <span class='ocrx_word' id='word_1_160' title='bbox 799 3007 1001 3085; x_wconf 82' lang='lat' dir='ltr'><strong>voluerunt</strong></span> <span class='ocrx_word' id='word_1_161' title='bbox 1020 3025 1058 3086; x_wconf 93' lang='lat' dir='ltr'><strong>et</strong></span> <span class='ocrx_word' id='word_1_162' title='bbox 1076 3006 1359 3100; x_wconf 84' lang='lat' dir='ltr'><strong>ordinaverunt,</strong></span> <span class='ocrx_word' id='word_1_163' title='bbox 1380 3007 1486 3113; x_wconf 92' lang='lat' dir='ltr'><strong>quod</strong></span> <span class='ocrx_word' id='word_1_164' title='bbox 1501 3006 1658 3113; x_wconf 88' lang='lat' dir='ltr'><strong>predicti</strong></span> <span class='ocrx_word' id='word_1_165' title='bbox 1672 3005 1804 3083; x_wconf 85' lang='lat' dir='ltr'><strong>fratres</strong></span> <span class='ocrx_word' id='word_1_166' title='bbox 1817 3007 1924 3086; x_wconf 83' lang='lat' dir='ltr'><strong>Guil-</strong></span> 
     </span>
     <span class='ocr_line' id='line_1_21' title="bbox 508 3136 1922 3242; baseline 0.001 -28"><span class='ocrx_word' id='word_1_167' title='bbox 508 3137 646 3214; x_wconf 87' lang='lat' dir='ltr'><strong>lelmus</strong></span> <span class='ocrx_word' id='word_1_168' title='bbox 659 3153 696 3213; x_wconf 88' lang='lat' dir='ltr'><strong>et</strong></span> <span class='ocrx_word' id='word_1_169' title='bbox 705 3136 894 3215; x_wconf 84' lang='lat' dir='ltr'><strong>lohannes</strong></span> <span class='ocrx_word' id='word_1_170' title='bbox 911 3137 981 3213; x_wconf 86' lang='lat' dir='ltr'><strong>hac</strong></span> <span class='ocrx_word' id='word_1_171' title='bbox 999 3136 1150 3214; x_wconf 85' lang='lat' dir='ltr'><strong>instanti</strong></span> <span class='ocrx_word' id='word_1_172' title='bbox 1165 3137 1227 3215; x_wconf 92' lang='lat' dir='ltr'><strong>die</strong></span> <span class='ocrx_word' id='word_1_173' title='bbox 1242 3136 1418 3215; x_wconf 89' lang='lat' dir='ltr'><strong>Mercurii</strong></span> <span class='ocrx_word' id='word_1_174' title='bbox 1433 3136 1481 3214; x_wconf 93' lang='lat' dir='ltr'><strong>ad</strong></span> <span class='ocrx_word' id='word_1_175' title='bbox 1491 3136 1722 3242; x_wconf 88' lang='lat' dir='ltr'><strong>presenciam</strong></span> <span class='ocrx_word' id='word_1_176' title='bbox 1737 3136 1922 3215; x_wconf 90' lang='lat' dir='ltr'><strong>dictorum</strong></span> 
     </span>
     <span class='ocr_line' id='line_1_22' title="bbox 511 3265 1923 3374; baseline 0.001 -31"><span class='ocrx_word' id='word_1_177' title='bbox 511 3266 753 3357; x_wconf 88' lang='lat' dir='ltr'><strong>dominorum</strong></span> <span class='ocrx_word' id='word_1_178' title='bbox 774 3267 1123 3345; x_wconf 71' lang='lat' dir='ltr'><strong>‘commissariorum</strong></span> <span class='ocrx_word' id='word_1_179' title='bbox 1149 3282 1328 3344; x_wconf 88' lang='lat' dir='ltr'><strong>venerant</strong></span> <span class='ocrx_word' id='word_1_180' title='bbox 1347 3285 1385 3343; x_wconf 91' lang='lat' dir='ltr'><strong>et</strong></span> <span class='ocrx_word' id='word_1_181' title='bbox 1406 3282 1659 3373; x_wconf 90' lang='lat' dir='ltr'><strong>proponerant</strong></span> <span class='ocrx_word' id='word_1_182' title='bbox 1689 3265 1772 3373; x_wconf 78' lang='lat' dir='ltr'><strong>[sic]</strong></span> <span class='ocrx_word' id='word_1_183' title='bbox 1801 3267 1923 3374; x_wconf 90' lang='lat' dir='ltr'><strong>aliqua</strong></span> 
     </span>
     <span class='ocr_line' id='line_1_23' title="bbox 510 3395 1921 3504; baseline 0.001 -29"><span class='ocrx_word' id='word_1_184' title='bbox 510 3427 584 3504; x_wconf 92' lang='lat' dir='ltr'><strong>que</strong></span> <span class='ocrx_word' id='word_1_185' title='bbox 604 3399 674 3504; x_wconf 90' lang='lat' dir='ltr'><strong>ipsi</strong></span> <span class='ocrx_word' id='word_1_186' title='bbox 695 3425 827 3476; x_wconf 91' lang='lat' dir='ltr'><strong>omnes</strong></span> <span class='ocrx_word' id='word_1_187' title='bbox 845 3398 1020 3478; x_wconf 84' lang='lat' dir='ltr'><strong>volebant</strong></span> <span class='ocrx_word' id='word_1_188' title='bbox 1039 3398 1162 3477; x_wconf 91' lang='lat' dir='ltr'><strong>adhuc</strong></span> <span class='ocrx_word' id='word_1_189' title='bbox 1182 3398 1306 3475; x_wconf 90' lang='lat' dir='ltr'><strong>dicere</strong></span> <span class='ocrx_word' id='word_1_190' title='bbox 1322 3396 1370 3474; x_wconf 88' lang='lat' dir='ltr'><strong>ad</strong></span> <span class='ocrx_word' id='word_1_191' title='bbox 1384 3395 1641 3475; x_wconf 83' lang='lat' dir='ltr'><strong>defensionem</strong></span> <span class='ocrx_word' id='word_1_192' title='bbox 1661 3397 1748 3473; x_wconf 88' lang='lat' dir='ltr'><strong>dicti</strong></span> <span class='ocrx_word' id='word_1_193' title='bbox 1765 3398 1921 3488; x_wconf 90' lang='lat' dir='ltr'><strong>ordinis,</strong></span> 
     </span>
     <span class='ocr_line' id='line_1_24' title="bbox 512 3525 1925 3634; baseline 0 -32"><span class='ocrx_word' id='word_1_194' title='bbox 512 3543 548 3602; x_wconf 91' lang='lat' dir='ltr'><strong>et</strong></span> <span class='ocrx_word' id='word_1_195' title='bbox 577 3526 764 3605; x_wconf 86' lang='lat' dir='ltr'><strong>dederunt</strong></span> <span class='ocrx_word' id='word_1_196' title='bbox 784 3555 916 3605; x_wconf 91' lang='lat' dir='ltr'><strong>omnes</strong></span> <span class='ocrx_word' id='word_1_197' title='bbox 934 3527 1113 3634; x_wconf 87' lang='lat' dir='ltr'><strong>predictis</strong></span> <span class='ocrx_word' id='word_1_198' title='bbox 1131 3525 1307 3604; x_wconf 86' lang='lat' dir='ltr'><strong>fratribus</strong></span> <span class='ocrx_word' id='word_1_199' title='bbox 1325 3525 1370 3604; x_wconf 91' lang='lat' dir='ltr'><strong>G.</strong></span> <span class='ocrx_word' id='word_1_200' title='bbox 1390 3542 1428 3603; x_wconf 92' lang='lat' dir='ltr'><strong>et</strong></span> <span class='ocrx_word' id='word_1_201' title='bbox 1442 3528 1474 3604; x_wconf 87' lang='lat' dir='ltr'><strong>J.</strong></span> <span class='ocrx_word' id='word_1_202' title='bbox 1492 3542 1713 3631; x_wconf 85' lang='lat' dir='ltr'><strong>potestatem</strong></span> <span class='ocrx_word' id='word_1_203' title='bbox 1727 3544 1766 3605; x_wconf 90' lang='lat' dir='ltr'><strong>et</strong></span> <span class='ocrx_word' id='word_1_204' title='bbox 1779 3527 1925 3604; x_wconf 89' lang='lat' dir='ltr'><strong>manda-</strong></span> 
     </span>
     <span class='ocr_line' id='line_1_25' title="bbox 511 3653 1924 3764; baseline 0.001 -33"><span class='ocrx_word' id='word_1_205' title='bbox 511 3671 594 3732; x_wconf 88' lang='lat' dir='ltr'><strong>tnm</strong></span> <span class='ocrx_word' id='word_1_206' title='bbox 617 3656 764 3733; x_wconf 89' lang='lat' dir='ltr'><strong>dicendi</strong></span> <span class='ocrx_word' id='word_1_207' title='bbox 791 3674 829 3735; x_wconf 86' lang='lat' dir='ltr'><strong>et</strong></span> <span class='ocrx_word' id='word_1_208' title='bbox 851 3655 1087 3764; x_wconf 91' lang='lat' dir='ltr'><strong>proponendi</strong></span> <span class='ocrx_word' id='word_1_209' title='bbox 1112 3682 1156 3732; x_wconf 87' lang='lat' dir='ltr'><strong>ea</strong></span> <span class='ocrx_word' id='word_1_210' title='bbox 1175 3654 1223 3732; x_wconf 94' lang='lat' dir='ltr'><strong>ad</strong></span> <span class='ocrx_word' id='word_1_211' title='bbox 1249 3653 1506 3732; x_wconf 83' lang='lat' dir='ltr'><strong>defensionem</strong></span> <span class='ocrx_word' id='word_1_212' title='bbox 1533 3655 1622 3732; x_wconf 92' lang='lat' dir='ltr'><strong>dicti</strong></span> <span class='ocrx_word' id='word_1_213' title='bbox 1648 3655 1790 3732; x_wconf 91' lang='lat' dir='ltr'><strong>ordinis</strong></span> <span class='ocrx_word' id='word_1_214' title='bbox 1812 3674 1924 3761; x_wconf 89' lang='lat' dir='ltr'><strong>prout</strong></span> 
     </span>
     <span class='ocr_line' id='line_1_26' title="bbox 512 3783 1924 3893; baseline 0.001 -34"><span class='ocrx_word' id='word_1_215' title='bbox 512 3786 551 3861; x_wconf 94' lang='lat' dir='ltr'><strong>in</strong></span> <span class='ocrx_word' id='word_1_216' title='bbox 574 3786 628 3864; x_wconf 92' lang='lat' dir='ltr'><strong>eis</strong></span> <span class='ocrx_word' id='word_1_217' title='bbox 647 3801 714 3863; x_wconf 90' lang='lat' dir='ltr'><strong>est.</strong></span> <span class='ocrx_word' id='word_1_218' title='bbox 735 3785 917 3893; x_wconf 86' lang='lat' dir='ltr'><strong>Requisiti</strong></span> <span class='ocrx_word' id='word_1_219' title='bbox 937 3786 968 3865; x_wconf 89' lang='lat' dir='ltr'><strong>si</strong></span> <span class='ocrx_word' id='word_1_220' title='bbox 987 3784 1161 3863; x_wconf 84' lang='lat' dir='ltr'><strong>volebant</strong></span> <span class='ocrx_word' id='word_1_221' title='bbox 1178 3783 1328 3891; x_wconf 86' lang='lat' dir='ltr'><strong>aliquid¹</strong></span> <span class='ocrx_word' id='word_1_222' title='bbox 1340 3783 1445 3861; x_wconf 89' lang='lat' dir='ltr'><strong>aliud</strong></span> <span class='ocrx_word' id='word_1_223' title='bbox 1464 3783 1608 3875; x_wconf 84' lang='lat' dir='ltr'><strong>dicere,</strong></span> <span class='ocrx_word' id='word_1_224' title='bbox 1630 3785 1804 3870; x_wconf 82' lang='lat' dir='ltr'><strong>dixerunt</strong></span> <span class='ocrx_word' id='word_1_225' title='bbox 1820 3785 1924 3891; x_wconf 90' lang='lat' dir='ltr'><strong>quod</strong></span> 
     </span>
    </p>
   </div>
   <div class='ocr_carea' id='block_1_3' title="bbox 512 3917 840 4024">
    <p class='ocr_par' dir='ltr' id='par_1_4' title="bbox 512 3917 840 4024">
     <span class='ocr_line' id='line_1_27' title="bbox 512 3917 840 4024; baseline 0.003 -31"><span class='ocrx_word' id='word_1_226' title='bbox 512 3944 588 3994; x_wconf 93' lang='lat' dir='ltr'><strong>non</strong></span> <span class='ocrx_word' id='word_1_227' title='bbox 609 3917 656 3995; x_wconf 94' lang='lat' dir='ltr'><strong>ad</strong></span> <span class='ocrx_word' id='word_1_228' title='bbox 674 3945 840 4024; x_wconf 89' lang='lat' dir='ltr'><strong>presens.</strong></span> 
     </span>
    </p>
   </div>
   <div class='ocr_carea' id='block_1_4' title="bbox 512 4174 1927 4927">
    <p class='ocr_par' dir='ltr' id='par_1_5' title="bbox 512 4174 1927 4927">
     <span class='ocr_line' id='line_1_28' title="bbox 568 4174 1923 4284; baseline 0 -30"><span class='ocrx_word' id='word_1_229' title='bbox 568 4179 814 4257; x_wconf 87' lang='lat' dir='ltr'><strong>Postmodum</strong></span> <span class='ocrx_word' id='word_1_230' title='bbox 845 4176 1079 4284; x_wconf 9' lang='lat' dir='ltr'><strong>accessimus*</strong></span> <span class='ocrx_word' id='word_1_231' title='bbox 1099 4175 1149 4257; x_wconf 91' lang='lat' dir='ltr'><strong>ad</strong></span> <span class='ocrx_word' id='word_1_232' title='bbox 1180 4174 1338 4257; x_wconf 86' lang='lat' dir='ltr'><strong>domum</strong></span> <span class='ocrx_word' id='word_1_233' title='bbox 1384 4176 1578 4260; x_wconf 90' lang='lat' dir='ltr'><strong>Guillelmi</strong></span> <span class='ocrx_word' id='word_1_234' title='bbox 1613 4180 1660 4258; x_wconf 93' lang='lat' dir='ltr'><strong>de</strong></span> <span class='ocrx_word' id='word_1_235' title='bbox 1689 4179 1923 4258; x_wconf 86' lang='lat' dir='ltr'><strong>Marcilhiaco</strong></span> 
     </span>
     <span class='ocr_line' id='line_1_29' title="bbox 513 4304 1924 4416; baseline 0.002 -34"><span class='ocrx_word' id='word_1_236' title='bbox 513 4304 735 4411; x_wconf 89' lang='lat' dir='ltr'><strong>predictam,</strong></span> <span class='ocrx_word' id='word_1_237' title='bbox 756 4308 830 4399; x_wconf 73' lang='lat' dir='ltr'><strong>ubi,</strong></span> <span class='ocrx_word' id='word_1_238' title='bbox 844 4325 950 4386; x_wconf 91' lang='lat' dir='ltr'><strong>erant</strong></span> <span class='ocrx_word' id='word_1_239' title='bbox 968 4336 1005 4387; x_wconf 78' lang='lat' dir='ltr'><strong>rr</strong></span> <span class='ocrx_word' id='word_1_240' title='bbox 1023 4309 1227 4416; x_wconf 84' lang='lat' dir='ltr'><strong>Templarii</strong></span> <span class='ocrx_word' id='word_1_241' title='bbox 1244 4309 1420 4416; x_wconf 88' lang='lat' dir='ltr'><strong>predicti,</strong></span> <span class='ocrx_word' id='word_1_242' title='bbox 1441 4310 1508 4416; x_wconf 88' lang='lat' dir='ltr'><strong>qui</strong></span> <span class='ocrx_word' id='word_1_243' title='bbox 1531 4336 1599 4415; x_wconf 92' lang='lat' dir='ltr'><strong>per</strong></span> <span class='ocrx_word' id='word_1_244' title='bbox 1619 4338 1689 4386; x_wconf 89' lang='lat' dir='ltr'><strong>nos</strong></span> <span class='ocrx_word' id='word_1_245' title='bbox 1711 4307 1924 4416; x_wconf 83' lang='lat' dir='ltr'><strong>interrogati</strong></span> 
     </span>
     <span class='ocr_line' id='line_1_30' title="bbox 513 4437 1925 4549; baseline 0.001 -36"><span class='ocrx_word' id='word_1_246' title='bbox 513 4454 642 4513; x_wconf 90' lang='lat' dir='ltr'><strong>utrum</strong></span> <span class='ocrx_word' id='word_1_247' title='bbox 665 4437 786 4515; x_wconf 84' lang='lat' dir='ltr'><strong>hodie·</strong></span> <span class='ocrx_word' id='word_1_248' title='bbox 804 4438 993 4519; x_wconf 86' lang='lat' dir='ltr'><strong>misissent</strong></span> <span class='ocrx_word' id='word_1_249' title='bbox 1011 4465 1137 4517; x_wconf 87' lang='lat' dir='ltr'><strong>coram</strong></span> <span class='ocrx_word' id='word_1_250' title='bbox 1155 4439 1264 4549; x_wconf 89' lang='lat' dir='ltr'><strong>dictis</strong></span> <span class='ocrx_word' id='word_1_251' title='bbox 1281 4439 1444 4517; x_wconf 88' lang='lat' dir='ltr'><strong>dominis</strong></span> <span class='ocrx_word' id='word_1_252' title='bbox 1461 4438 1722 4517; x_wconf 84' lang='lat' dir='ltr'><strong>commissoriis</strong></span> <span class='ocrx_word' id='word_1_253' title='bbox 1739 4438 1925 4544; x_wconf 89' lang='lat' dir='ltr'><strong>predictos</strong></span> 
     </span>
     <span class='ocr_line' id='line_1_31' title="bbox 512 4563 1926 4677; baseline 0.004 -39"><span class='ocrx_word' id='word_1_254' title='bbox 512 4563 643 4641; x_wconf 86' lang='lat' dir='ltr'><strong>fratres</strong></span> <span class='ocrx_word' id='word_1_255' title='bbox 667 4564 862 4644; x_wconf 90' lang='lat' dir='ltr'><strong>Nicolaum</strong></span> <span class='ocrx_word' id='word_1_256' title='bbox 890 4567 939 4645; x_wconf 92' lang='lat' dir='ltr'><strong>de</strong></span> <span class='ocrx_word' id='word_1_257' title='bbox 964 4567 1085 4645; x_wconf 79' lang='lat' dir='ltr'><strong>Marta</strong></span> <span class='ocrx_word' id='word_1_258' title='bbox 1116 4586 1286 4647; x_wconf 91' lang='lat' dir='ltr'><strong>curatum</strong></span> <span class='ocrx_word' id='word_1_259' title='bbox 1311 4570 1359 4647; x_wconf 90' lang='lat' dir='ltr'><strong>de</strong></span> <span class='ocrx_word' id='word_1_260' title='bbox 1381 4568 1571 4677; x_wconf 81' lang='lat' dir='ltr'><strong>Romanis,</strong></span> <span class='ocrx_word' id='word_1_261' title='bbox 1596 4568 1864 4673; x_wconf 89' lang='lat' dir='ltr'><strong>presbiterum,</strong></span> <span class='ocrx_word' id='word_1_262' title='bbox 1890 4583 1926 4644; x_wconf 90' lang='lat' dir='ltr'><strong>et</strong></span> 
     </span>
     <span class='ocr_line' id='line_1_32' title="bbox 512 4688 1923 4804; baseline 0.004 -34"><span class='ocrx_word' id='word_1_263' title='bbox 512 4688 755 4770; x_wconf 88' lang='lat' dir='ltr'><strong>Dominicum</strong></span> <span class='ocrx_word' id='word_1_264' title='bbox 788 4691 836 4771; x_wconf 91' lang='lat' dir='ltr'><strong>de</strong></span> <span class='ocrx_word' id='word_1_265' title='bbox 866 4695 1047 4775; x_wconf 87' lang='lat' dir='ltr'><strong>Verduno</strong></span> <span class='ocrx_word' id='word_1_266' title='bbox 1080 4694 1128 4774; x_wconf 90' lang='lat' dir='ltr'><strong>de</strong></span> <span class='ocrx_word' id='word_1_267' title='bbox 1165 4697 1339 4776; x_wconf 84' lang='lat' dir='ltr'><strong>societate</strong></span> <span class='ocrx_word' id='word_1_268' title='bbox 1372 4725 1504 4776; x_wconf 89' lang='lat' dir='ltr'><strong>eorum</strong></span> <span class='ocrx_word' id='word_1_269' title='bbox 1540 4696 1685 4775; x_wconf 88' lang='lat' dir='ltr'><strong>ibidem</strong></span> <span class='ocrx_word' id='word_1_270' title='bbox 1717 4714 1923 4804; x_wconf 85' lang='lat' dir='ltr'><strong>presentes,</strong></span> 
     </span>
     <span class='ocr_line' id='line_1_33' title="bbox 512 4821 1927 4927; baseline 0.002 -28"><span class='ocrx_word' id='word_1_271' title='bbox 512 4821 688 4901; x_wconf 80' lang='lat' dir='ltr'><strong>dixerunt</strong></span> <span class='ocrx_word' id='word_1_272' title='bbox 706 4847 842 4916; x_wconf 41' lang='lat' dir='ltr'><strong>omnes,</strong></span> <span class='ocrx_word' id='word_1_273' title='bbox 859 4825 966 4927; x_wconf 89' lang='lat' dir='ltr'><strong>quod</strong></span> <span class='ocrx_word' id='word_1_274' title='bbox 987 4824 1175 4903; x_wconf 87' lang='lat' dir='ltr'><strong>miserunt</strong></span> <span class='ocrx_word' id='word_1_275' title='bbox 1197 4853 1278 4921; x_wconf 90' lang='lat' dir='ltr'><strong>eos,</strong></span> <span class='ocrx_word' id='word_1_276' title='bbox 1298 4843 1338 4905; x_wconf 91' lang='lat' dir='ltr'><strong>et</strong></span> <span class='ocrx_word' id='word_1_277' title='bbox 1351 4826 1404 4904; x_wconf 91' lang='lat' dir='ltr'><strong>de</strong></span> <span class='ocrx_word' id='word_1_278' title='bbox 1425 4827 1601 4905; x_wconf 85' lang='lat' dir='ltr'><strong>mandato</strong></span> <span class='ocrx_word' id='word_1_279' title='bbox 1614 4855 1756 4906; x_wconf 89' lang='lat' dir='ltr'><strong>eorum</strong></span> <span class='ocrx_word' id='word_1_280' title='bbox 1780 4828 1927 4904; x_wconf 80' lang='lat' dir='ltr'><strong>iverrmt</strong></span> 
     </span>
    </p>
   </div>
   <div class='ocr_carea' id='block_1_5' title="bbox 0 0 2060 6052">
    <p class='ocr_par' dir='ltr' id='par_1_6' title="bbox 0 0 2060 6052">
     <span class='ocr_line' id='line_1_34' title="bbox 0 0 2060 6052; baseline 0 0"><span class='ocrx_word' id='word_1_281' title='bbox 0 0 2060 6052; x_wconf 95' lang='lat' dir='ltr'><strong> </strong></span> 
     </span>
    </p>
   </div>
  </div>
 </body>
</html>
