4080 6052
461 537 654 637 procas
680 557 775 628 ons
793 555 1102 664 brunenses.
1414 552 1486 624 sis

76 712 112 771 et
128 696 271 771 Boneto
289 680 528 801 presbyteris,
545 713 583 773 et
595 698 769 801 Hugone,
783 691 978 800 predictis,
996 711 1033 771 et
1046 694 1255 771 lohannem
1278 689 1325 768 de
1345 690 1489 769 Arcena

75 825 314 913 servientem,
338 823 654 903 claramontensis
679 825 853 913 diocesis,
876 824 915 900 in
939 807 1076 901 eodem
1099 824 1198 915 loco,
1222 839 1260 898 et
1277 821 1490 927 predictum

74 952 226 1031 fratrem
241 955 500 1044 Himbertum,
515 973 554 1033 et
570 957 711 1034 eisdem
733 954 910 1034 fratribus
927 955 1163 1060 presentibus
1181 953 1247 1059 qui
1267 979 1399 1030 omnes
1416 980 1493 1029 mo

73 1083 265 1200 pabantur,
288 1085 420 1193 etipse
437 1087 542 1164 testis
560 1087 729 1178 cumeis,
750 1087 789 1161 in
813 1086 913 1163 dicto
927 1087 1010 1163 loco
1032 1087 1079 1163 de
1098 1088 1275 1171 Turreta3
1294 1080 1404 1189 plura
1424 1109 1490 1157 ne-
1511 1168 1525 1201 κ

73 1213 193 1292 sciens
213 1214 261 1292 de
280 1217 469 1293 contentis
482 1217 521 1293 in
535 1216 645 1294 dictis
657 1245 721 1294 run
735 1215 912 1293 articulis.
930 1217 1010 1321 Ipse
1029 1233 1155 1293 autem
1169 1231 1341 1319 receptus
1359 1210 1429 1287 luit
1445 1212 1484 1287 in

75 1344 215 1449 capella
232 1347 368 1423 domus
384 1347 534 1452 Templi
555 1346 695 1425 Montis
714 1346 910 1437 Peccandi,
932 1346 1087 1423 fuerunt
1107 1343 1258 1421 infesto
1278 1342 1487 1449 Epiphanie

75 1473 228 1551 Domini
238 1477 409 1581 proximo
420 1477 599 1582 preterito
609 1477 760 1584 triginta
771 1477 940 1583 quinque
950 1478 1037 1551 anni
1051 1476 1109 1552 vel
1121 1476 1228 1560 circa,
1249 1502 1316 1580 per
1335 1471 1487 1561 fratrem

74 1604 303 1682 Franconem
331 1607 378 1683 de
404 1609 518 1685 Borto
544 1606 722 1716 militem,
749 1606 940 1711 quondam
966 1624 1224 1712 preceptorem
1249 1621 1340 1679 tunc
1366 1602 1489 1680 Alver-

73 1735 150 1823 nie,
168 1736 233 1841 qui
257 1736 453 1815 dicebatur
475 1739 658 1843 recepisse
681 1736 777 1811 circa
797 1753 951 1812 centum
975 1736 1105 1843 viginti
1128 1735 1258 1811 fratres
1276 1718 1315 1808 in
1336 1733 1487 1819 ordine,

73 1864 310 1971 presentibus
328 1864 506 1944 fratribus
524 1865 708 1942 Durando
725 1863 871 1955 Malias,
884 1865 1000 1940 Petro
1015 1865 1110 1939 Rosa
1133 1878 1171 1938 et
1189 1861 1365 1950 Geraldo,
1385 1862 1490 1965 cujus

74 2022 283 2100 cognomen
303 1996 464 2103 ignorat,
487 1993 730 2101 presbyteris,
750 1995 862 2071 Petro
885 1993 932 2069 de
952 1993 1070 2070 Madit
1091 1991 1233 2077 milite,
1255 2007 1292 2068 et
1312 1989 1392 2067 aliis
1413 1990 1490 2095 plu-

75 2121 195 2210 ribus,
217 2123 427 2203 deffunctis.

131 2255 241 2343 Item,
260 2256 464 2361 requisitus
486 2286 599 2364 super
618 2284 677 2338 xiv
698 2275 736 2334 et
756 2258 933 2334 omuibus
951 2257 1210 2362 sequentibus,
1232 2255 1428 2359 respondit
1448 2282 1487 2330 se

76 2384 191 2462 nichil
212 2386 304 2463 scire
320 2386 418 2464 ultra
442 2389 547 2492 quod
566 2416 675 2493 supra
695 2386 888 2494 deposuit,
909 2388 982 2463 hoc
1003 2404 1154 2491 excepto
1171 2384 1276 2492 quod
1292 2386 1372 2488 ipse
1391 2384 1488 2459 bene

75 2507 253 2592 cre‘debat
265 2516 523 2596 ecclesiasticis·
539 2517 790 2606 sacramentis,
808 2534 845 2594 et
860 2516 979 2594 credit
995 2516 1101 2622 quod
1118 2515 1180 2591 alii
1200 2513 1329 2590 fratres
1345 2513 1490 2604 ordinis

76 2644 287 2733 crederent,
305 2663 343 2724 et
361 2648 465 2753 quod
483 2677 614 2726 eorum
633 2649 843 2725 sacerdotes
861 2648 988 2726 debite
1002 2645 1253 2733 celebrarent3
1268 2671 1339 2719 nec
1351 2643 1492 2720 audivit

75 2774 179 2878 quod
200 2804 333 2855 eorum
353 2778 437 2856 laici
458 2796 610 2884 possent
629 2777 819 2855 absolvere
840 2807 860 2854 a
882 2779 1057 2884 peccatis,
1084 2805 1154 2853 nec
1175 2774 1311 2863 credit3
1332 2774 1400 2852 sed
1423 2791 1494 2849 ter·

75 2905 225 2983 minatis
245 2908 416 3013 capitulis
435 2907 678 2986 remittebant
699 2936 762 2984 eos
777 2908 826 2984 ad
846 2909 1055 2986 sacerdotes
1070 2907 1214 2985 ordinis
1229 2904 1488 3012 absolvendos.

76 3035 117 3109 ln
138 3063 202 3111 ore
223 3064 262 3114 se
280 3037 545 3115 osculabantur
559 3040 598 3114 in
615 3038 897 3144 recepcionibus
914 3066 1056 3125 eorum,
1074 3056 1112 3114 et
1122 3036 1300 3144 jurabant
1312 3035 1486 3113 ordinem

76 3190 153 3240 non
173 3165 284 3243 exire.
305 3167 438 3246 Statim
457 3198 526 3276 pro
545 3167 721 3275 professis
736 3168 983 3260 habebantur.
1003 3166 1245 3246 Clandestiue
1263 3166 1490 3271 recipieban-

75 3310 148 3382 tur,
167 3324 209 3371 ex
224 3325 300 3403 quo
314 3300 434 3377 credit
449 3301 553 3407 quod
565 3301 727 3406 suspicio
741 3298 857 3377 fuerit
868 3317 994 3376 contra
1010 3327 1084 3376 eos.
1100 3297 1279 3376 Cordulis
1296 3296 1489 3403 cingeban-

75 3442 148 3512 tur,
171 3426 381 3535 insignum
402 3431 576 3508 castitatis
599 3460 710 3538 supra
740 3431 906 3508 camisias
930 3459 1017 3507 curn
1036 3430 1175 3535 quibus
1188 3429 1374 3535 jacebant.
1395 3431 1493 3503 lura·

76 3553 166 3632 bant
193 3579 333 3637 secreta
360 3548 610 3667 capitulorum
640 3588 717 3637 non
747 3561 934 3650 revelare,
966 3561 1083 3635 eciam
1112 3558 1288 3634 fratribus
1317 3557 1382 3661 qui
1412 3584 1488 3633 non

77 3684 282 3764 adfuissent
301 3691 340 3766 in
360 3692 428 3777 eis,
449 3710 485 3768 et
505 3690 625 3768 credit
643 3690 748 3798 quod
770 3663 882 3766 suerit
908 3717 1014 3765 causa
1032 3687 1119 3792 quia
1132 3689 1180 3764 ab
1200 3687 1314 3765 inicio
1334 3714 1411 3763 non
1431 3685 1491 3762 ha·

78 3812 219 3891 bebant
233 3818 459 3909 sacerdotem
476 3837 514 3896 et
528 3819 648 3895 multe
665 3817 775 3925 culpe
790 3816 1125 3895 manifestabantur
1139 3816 1178 3892 in
1193 3817 1381 3922 capitulis,
1399 3845 1493 3922 quas

79 3971 158 4024 non
185 3946 342 4025 decebat
367 3948 520 4026 revelari
546 3947 621 4026 illis
649 3949 715 4055 qui
741 3976 817 4026 non
838 3946 1035 4025 adfuerant
1055 3947 1094 4021 in
1115 3946 1296 4051 capitulis.
1322 3947 1493 4051 Hospita-

79 4077 162 4156 litas
181 4077 446 4156 convenienter
465 4079 679 4158 servabatur
696 4081 736 4155 in
758 4078 908 4170 ordine,
931 4079 997 4155 sed
1024 4077 1143 4154 credit
1164 4077 1270 4183 quod
1287 4075 1491 4153 elemosine

78 4206 219 4286 luerint
240 4209 408 4286 restricte
430 4240 450 4286 a
469 4226 640 4314 tempore
662 4237 738 4317 quo
759 4209 838 4315 ipse
857 4207 930 4285 fuit
949 4224 1121 4314 receptus
1145 4206 1195 4282 in‘
1209 4206 1360 4296 ordine,
1384 4206 1492 4282 audi-

78 4338 129 4414 vit
147 4336 222 4414 dici
245 4339 350 4463 qupd
369 4338 542 4446 capitolia
561 4338 656 4416 clam
675 4338 905 4417 tenebantur
924 4337 1127 4445 aliquando
1148 4336 1253 4413 valde
1273 4337 1492 4443 tempestive

78 4483 233 4573 propter
260 4469 414 4575 negocia
440 4497 516 4575 que
542 4469 597 4546 eis
626 4469 886 4557 occurrebant,
921 4470 1030 4547 missa
1060 4453 1188 4545 tamen
1223 4466 1331 4544 dicta.
1364 4467 1496 4545 Credit
1536 4452 1538 4456 ⁵
1614 4554 1617 4561 ¹

80 4596 187 4702 quod
210 4612 313 4675 totus
338 4598 434 4677 ordo
460 4616 640 4677 servasset
665 4600 771 4707 quod
799 4628 957 4707 magnus
988 4599 1163 4706 Magister
1191 4627 1279 4674 cum
1310 4615 1495 4677 conventu

81 4724 306 4820 ordinasset,
323 4754 394 4805 nec
409 4728 530 4808 credit
550 4728 673 4837 quod,
694 4730 725 4808 si
740 4756 886 4809 errores
906 4731 972 4837 qui
992 4730 1239 4837 imponuntur
1258 4728 1383 4806 ordini
1404 4726 1494 4807 fuis·

40 4918 46 4929 .
64 4871 165 4983 urent·
179 4855 272 4945 veri,
288 4859 499 4965 potuissent
515 4876 621 4939 tanto
639 4878 811 4967 tempore
831 4890 910 4939 esse
928 4860 1055 4952 celati;
1073 4861 1139 4939 sed
1156 4879 1309 4967 propter
1321 4862 1394 4938 hoc
1408 4878 1495 4938 sunt

94 5064 97 5071 ,
165 4992 276 5059 'locis
295 5014 350 5061 m
366 5016 627 5063 nurum-1.
1353 4997 1391 5059 65
