4080 6052
692 527 1009 621 processus
1037 547 1337 622 annuemus.
1654 559 1722 630 125

303 689 399 796 joris
425 687 566 765 ordinis
584 688 759 793 predicti,
788 689 849 765 cui
878 687 1019 764 debent
1045 688 1322 779 obedienciam,
1354 708 1393 767 et
1421 692 1522 768 idem
1550 697 1725 803 Magister

310 819 479 897 eamdem
497 846 630 895 eorum
650 820 868 907 conventui,
890 818 1096 895 observare.

363 953 450 1027 Post
481 951 567 1040 hec,
602 949 734 1061 eadem
770 949 830 1024 die
855 949 1030 1027 Mercurii
1065 949 1285 1026 accessimus
1319 950 1366 1025 ad
1401 951 1558 1028 domum
1592 954 1726 1058 prioris

307 1081 354 1158 de
379 1081 537 1186 Cornay,
573 1079 639 1155 uhi
672 1079 765 1183 capti
799 1079 1024 1155 tenebantur
1059 1106 1119 1155 rou
1147 1079 1371 1184 Templarii,
1399 1081 1571 1158 videlicet
1597 1083 1726 1161 fratres

307 1209 535 1289 Guillelmus
563 1225 601 1286 et
628 1206 869 1287 Guaulredus
892 1207 1083 1299 Calabrin,
1110 1208 1233 1288 Helias
1265 1208 1312 1286 de
1341 1210 1460 1298 Cella,
1478 1212 1526 1286 P.
1553 1212 1605 1289 de
1629 1215 1740 1320 Doy,

307 1341 496 1418 lohannes
514 1338 683 1424 haberti,
710 1340 898 1417 lohannes
918 1337 1093 1429 Codelin,
1119 1338 1347 1417 Guillelmus
1372 1341 1407 1417 le
1431 1341 1543 1432 Chat,
1566 1343 1725 1425 Michael

308 1469 371 1548 de.
389 1488 512 1548 sancta
542 1469 760 1576 Seloigmh,
787 1467 1014 1547 Guillelmus
1038 1470 1205 1555 Baneou,
1227 1468 1415 1546 Oliverius
1439 1469 1486 1547 de
1512 1471 1642 1551 Manso
1667 1503 1725 1550 se·

306 1628 414 1691 reno,
432 1601 619 1677 lohannes
634 1599 682 1676 de
704 1600 872 1690 Branles,
889 1599 1031 1704 Seguin
1057 1598 1104 1676 de
1126 1597 1288 1690 Dicime,
1313 1600 1499 1677 Robertus
1522 1601 1571 1677 de
1594 1604 1722 1687 Butes,

306 1730 415 1835 Hugo
436 1729 483 1805 de
502 1729 685 1818 Vollenis,
706 1727 934 1809 Guillelmus
962 1727 1123 1832 Anglici,
1145 1728 1321 1805 Clemens
1346 1728 1393 1805 de
1420 1745 1545 1805 sancto
1565 1730 1723 1817 Hilario,

306 1859 518 1937 Remardus
534 1860 570 1935 la
587 1861 709 1946 Porta,
728 1861 916 1937 lohannes
933 1858 980 1934 de
999 1860 1217 1946 Fontaneto‚
1238 1858 1455 1966 Aymerieus
1472 1862 1594 1949 Lator‚
1614 1864 1724 1969 Hugo

304 1987 468 2095 Suosoys
492 1988 617 2075 miles,
641 2006 679 2065 et
697 1988 810 2066 Oddo
836 1990 883 2065 de
908 1989 1070 2095 Pruyno.
1093 1988 1198 2080 Quos
1224 1989 1548 2100 interrogavimus,
1571 2009 1615 2067 ut
1634 1992 1724 2069 alios

281 2117 539 2221 ,Templarios
563 2118 805 2222 supradictos.
833 2117 909 2210 Qui
933 2117 1203 2221 respondentes
1227 2117 1402 2194 dixerunt
1425 2119 1530 2224 quod
1554 2137 1665 2225 caput
1689 2137 1726 2196 et

306 2246 540 2350 superiorem
563 2245 767 2331 habebant,
794 2245 933 2322 scilicet
957 2274 1136 2351 magnum
1161 2247 1380 2351 Magistrum
1406 2246 1548 2323 ordinis
1573 2276 1725 2325 eorum-

307 2374 412 2460 dem,
434 2374 505 2451 sub
526 2374 633 2479 eujus
653 2372 873 2450 obediencia
892 2391 998 2449 erant
1017 2389 1055 2449 et
1074 2401 1154 2449 esse
1175 2375 1373 2450 debebant.
1396 2374 1484 2450 ldeo
1504 2403 1581 2452 non
1601 2377 1724 2454 inten-

306 2503 446 2581 debant
461 2529 531 2581 nec
547 2502 723 2579 volebant
738 2502 786 2578 ad
803 2502 939 2578 dictam
957 2500 1215 2578 defensionem
1232 2500 1378 2607 aliquos
1397 2504 1622 2582 constituere
1640 2534 1726 2610 pro-

307 2649 494 2709 curatores
522 2631 602 2707 sine
633 2631 721 2706 dicti
753 2631 918 2736 Magistri
949 2646 987 2706 et
1016 2629 1175 2706 aliorum
1203 2629 1292 2705 dicti
1320 2630 1462 2709 ordinis
1488 2633 1725 2738 superiorum

305 2760 459 2839 licencia
475 2778 514 2838 et
529 2789 698 2848 assensu3
716 2777 754 2838 et
770 2759 961 2865 protestati
981 2759 1135 2836 fuerunt
1152 2758 1257 2864 quod
1275 2777 1312 2835 et
1328 2760 1359 2836 si
1377 2788 1534 2868 magnus
1550 2763 1725 2870 Magister

306 2891 495 2996 predictus
515 2892 680 2968 eundem
699 2890 873 2968 ordinem
896 2889 1015 2966 nollet
1034 2888 1267 2980 deffendere,
1290 2890 1393 2995 quod
1417 2891 1487 2995 ipsi
1513 2892 1724 2970 nichilomi—

306 3048 379 3098 nus
397 3021 515 3126 parati
535 3038 624 3098 sunt
643 3021 785 3096 dictum
805 3019 978 3095 ordinem
1003 3017 1206 3095 defendere
1232 3019 1271 3094 in
1290 3019 1452 3123 propriis
1470 3023 1640 3126 personis
1659 3051 1723 3102 eo-

308 3151 499 3239 rumdem,
521 3150 560 3225 in
585 3166 768 3255 quantum
786 3165 967 3254 poterunt
985 3165 1023 3224 et
1042 3147 1252 3240 debebunt,
1276 3148 1442 3227 dicentes
1462 3168 1500 3227 et
1519 3170 1724 3232 asserentes

308 3308 350 3357 ea
370 3278 418 3355 de
438 3278 575 3385 quibus
594 3278 740 3356 mencio
759 3277 969 3354 habebatur
987 3277 1176 3380 superius,
1198 3276 1370 3354 videlicet
1390 3276 1437 3354 de
1457 3280 1647 3384 preposito
1666 3283 1724 3357 Pi-

305 3406 464 3485 ctavensi
490 3424 528 3483 et
550 3406 718 3484 lohanne
745 3405 792 3484 de
816 3405 1001 3496 Jemvilla,
1027 3407 1134 3511 quod
1156 3405 1204 3482 ad
1227 3406 1343 3510 ipsos,
1375 3421 1420 3480 ut
1451 3405 1637 3496 dicebant,
1664 3436 1725 3484 ve-

304 3538 402 3616 nisse
428 3535 636 3614 debueiant
660 3566 746 3615 curn
771 3536 998 3643 quibusdam
1023 3534 1199 3613 fratribus
1224 3534 1313 3611 dicti
1338 3534 1480 3612 ordinis
1505 3537 1553 3612 ad
1581 3537 1723 3614 deliba-

304 3668 464 3744 randum
484 3695 598 3772 super
616 3666 817 3772 premissis.

361 3800 473 3882 Item,
493 3797 625 3873 eadem
650 3796 710 3872 die
735 3799 955 3876 accessimus
980 3797 1028 3875 ad
1053 3799 1211 3874 domum
1236 3799 1377 3875 Serene
1401 3799 1442 3873 in
1468 3799 1547 3873 vico
1573 3798 1723 3875 Cithara

306 3923 537 4009 Parisiensis‚
566 3924 632 4000 ubi
660 3942 766 4001 erant
794 3927 937 4005 detenti
966 3955 1017 4005 x11
1047 3927 1267 4032 Templarii‚
1299 3926 1473 4004 videlicet
1505 3926 1636 4002 fratres
1662 3929 1724 4002 1ο-

305 4056 448 4132 hannes
475 4052 523 4129 de
541 4052 711 4141 Chisiaco
736 4055 933 4159 presbiter,
952 4057 1138 4133 Robertus
1168 4056 1216 4133 de
1243 4057 1468 4140 Pontissera‚
1490 4052 1649 4132 lacobus
1678 4054 1723 4130 de

305 4182 522 4274 Villaribus,
549 4181 775 4289 Reginaldus
800 4182 847 4258 de
872 4184 1079 4271 Plesiacho,
1106 4184 1318 4286 Stephanus
1343 4183 1390 4259 de
1415 4179 1619 4271 Eellevant,
1640 4184 1723 4260 Bal-

275 4327 277 4329 ’
308 4312 453 4420 doynus
470 4313 518 4390 de
530 4311 716 4401 Gisiach0,
737 4312 966 4391 Guillelmus
985 4313 1159 4398 Scoraha‚
1181 4311 1408 4390 Guillelmus
1428 4314 1474 4390 de
1495 4315 1721 4420 Romangna.

306 4443 545 4549 Raymondus
560 4442 757 4531 bernardi,
776 4445 1004 4522 Bertrandus
1021 4444 1126 4532 Gast‚
1146 4441 1374 4523 Guillelmus
1394 4442 1441 4521 de
1460 4444 1669 4552 Cardeyaco
1688 4462 1727 4520 et

306 4572 532 4650 Guillelmus
546 4572 706 4650 Arberti.
724 4574 799 4666 Qui
815 4574 1044 4681 interrogati,
1061 4591 1104 4650 ut
1120 4572 1182 4650 alii
1197 4601 1321 4677 supra,
1334 4573 1612 4678 responderunt
1621 4573 1725 4679 quod

307 4703 376 4808 ipsi
395 4702 535 4780 habent
551 4722 661 4809 caput
678 4721 716 4781 et
732 4703 931 4810 majorem,
949 4704 1123 4782 videlicet
1138 4702 1359 4809 Magistrum
1377 4704 1574 4811 majorem,
1595 4720 1633 4780 et
1649 4701 1726 4778 abs·

308 4861 380 4938 que
411 4833 527 4939 ipsius
556 4808 710 4911 licencia
739 4850 776 4911 et
799 4834 1017 4913 auctoritate
1042 4861 1119 4913 non
1142 4851 1300 4938 possunt
1323 4832 1530 4911 haerenae
1552 4833 1723 4911 ordinare
