4080 6052
310 513 381 589 ase
690 474 885 591 rancus
911 514 1005 587 nas
1031 511 1334 584 rueramus.

306 655 383 732 sius
396 652 572 744 Gerardi‚
594 656 660 762 qui
677 657 822 736 dixerat
837 656 871 732 ei
891 652 1041 760 quodsi
1061 651 1174 729 frater
1193 681 1284 731 suus
1302 651 1455 729 nolebat
1470 678 1676 730 remanere
1697 655 1734 732 in

307 783 506 894 religione,
525 787 629 891 quod
648 787 729 893 ipse
747 787 950 894 partiretur
967 783 1001 860 ei
1016 783 1264 862 hereditatem
1284 811 1407 870 suam,
1430 809 1504 859 nec
1521 781 1735 862 dimitteret

309 943 394 991 eum
415 914 455 990 in
474 932 576 992 tanta
604 915 853 996 desolacione.
880 920 929 994 Et
958 943 1045 992 cum
1073 914 1197 992 dictus
1224 916 1333 1022 Hugo
1361 913 1525 990 venisset
1548 913 1596 990 ad
1614 943 1725 1006 eum,

310 1031 451 1121 invenit
484 1062 522 1121 et
556 1047 648 1124 vidit
677 1076 764 1125 eum
800 1048 899 1125 hene
935 1045 1189 1135 consolatum,
1226 1061 1265 1122 et
1296 1044 1479 1121 remansit
1513 1044 1555 1119 in
1593 1045 1724 1122 ordine

310 1202 428 1279 usque
448 1174 496 1251 ad
513 1194 676 1253 mortem
704 1206 827 1267 suam,
856 1195 968 1284 prout
993 1177 1161 1284 predicta
1188 1175 1373 1284 prefatum
1398 1173 1617 1252 Berlionem
1643 1193 1724 1251 tan·

309 1305 436 1409 gencia
479 1309 806 1412 supranominatus
838 1312 946 1415 Hugo
987 1307 1118 1386 retulit
1150 1308 1222 1414 ipsi
1260 1308 1357 1385 testi.
1395 1305 1572 1384 Decessit
1604 1323 1729 1383 autem

311 1432 433 1512 dictus
464 1436 589 1513 Berlio
617 1457 817 1545 antequam
846 1438 915 1516 ista
946 1439 993 1519 de
1023 1437 1103 1543 ipso
1133 1455 1171 1514 et
1202 1438 1248 1514 de
1269 1437 1351 1515 aliis
1379 1435 1608 1542 Templariis
1632 1436 1729 1513 dice·

311 1582 455 1641 rentur.

367 1695 470 1772 Dixit
503 1696 620 1772 eciam
649 1699 752 1775 idem
780 1701 899 1790 testis,
928 1700 1033 1806 quod
1061 1701 1100 1774 in
1126 1699 1302 1804 capcione
1326 1697 1629 1804 Templariorum
1657 1699 1724 1804 qui

312 1842 417 1901 erant
447 1826 643 1942 Lugduni,
671 1830 935 1907 Bartholamus
961 1830 1126 1935 Caprarii
1161 1830 1248 1906 civis
1276 1829 1471 1938 Lugduni,
1500 1846 1539 1904 et
1567 1829 1721 1915 scancio,

312 1956 352 2030 id
378 1973 433 2031 est
459 1975 585 2035 custos
604 1961 679 2035 vini
704 1990 773 2067 pro
796 1989 954 2065 persona
978 1961 1079 2069 regia
1106 1961 1251 2036 domini
1270 1961 1367 2069 regis
1387 1960 1564 2045 Francie,
1591 1957 1727 2035 habens

313 2102 536 2188 potestatem
550 2105 588 2163 et
601 2091 821 2166 mandatum
837 2119 855 2165 a
872 2091 1029 2167 domino
1040 2119 1127 2196 rege
1139 2089 1580 2195 capiendiTemplarios,
1593 2089 1727 2164 vocavit

312 2214 436 2318 ipsum
460 2233 595 2294 testem
624 2219 702 2322 ipsa
727 2219 789 2296 die
815 2219 1018 2324 capcionis,
1040 2237 1078 2295 et
1107 2222 1204 2296 inter
1224 2220 1316 2295 alios
1342 2219 1408 2325 qui
1432 2218 1533 2322 capti
1557 2215 1725 2305 fuerunt,

312 2343 383 2421 luit
413 2363 541 2450 captus
571 2349 726 2453 quidam
755 2348 912 2426 clericus
942 2349 1136 2441 secularis,
1163 2350 1270 2456 cujus
1299 2377 1441 2426 nomen
1467 2349 1635 2455 ignorat,
1665 2347 1726 2454 qui

312 2476 484 2579 portabat
509 2478 586 2553 duo
610 2479 711 2583 paria
740 2478 949 2556 litterarum
977 2478 1203 2570 clausarum,
1228 2508 1389 2586 quarum
1413 2496 1494 2555 erat
1520 2478 1727 2556 substancia

312 2606 415 2712 quod
438 2607 594 2712 quidam
617 2607 741 2696 frater,
766 2609 831 2714 qui
851 2627 941 2685 tunc
962 2625 1040 2685 erat
1059 2611 1233 2715 magister
1256 2608 1431 2715 passagii,
1456 2608 1568 2716 cujus
1591 2637 1727 2684 nomen

313 2738 472 2843 ignorat,
495 2740 655 2816 existens
671 2739 870 2828 Marsillie,
888 2738 1118 2847 significabat
1134 2741 1311 2846 Magistro
1326 2768 1465 2847 magno
1487 2740 1642 2828 ordinis,
1658 2739 1722 2843 qui

312 2883 402 2942 tunc
420 2886 570 2946 venerat
588 2870 636 2945 ad
660 2886 783 2974 partes
799 2871 970 2958 Francie,
996 2871 1101 2977 quod
1119 2872 1214 2947 ordo
1242 2888 1279 2946 et
1302 2869 1437 2946 fratres
1455 2868 1600 2976 Templi
1618 2886 1721 2944 erant

313 2999 471 3072 accusati
497 2999 655 3103 graviter
680 3029 765 3107 erga
789 3001 989 3081 dominum
1016 3002 1152 3107 Papam
1173 3019 1211 3077 et
1230 3003 1386 3107 Regem,
1410 3019 1450 3076 et
1475 2999 1575 3108 quod
1601 2999 1723 3075 dictus

313 3124 488 3229 Magister
507 3129 718 3231 provideret
732 3130 801 3205 sibi
819 3148 857 3206 et
871 3131 1050 3208 retineret
1065 3132 1263 3209 dominum
1279 3134 1422 3237 Regem
1434 3131 1505 3207 sibi
1517 3129 1726 3237 propicium

314 3271 351 3330 et
372 3253 631 3349 favorabilem,
653 3260 740 3365 quia
757 3261 835 3365 ipse
854 3260 952 3337 bene
972 3260 1133 3339 habebat
1149 3264 1374 3339 industriam
1396 3280 1434 3338 et
1453 3262 1664 3366 potenciam
1682 3261 1728 3336 ad

313 3386 554 3463 retinendum
578 3390 776 3465 dominum
798 3394 950 3497 Regem.
972 3393 1077 3469 Idem
1100 3395 1191 3470 dixit
1216 3396 1315 3469 idem
1344 3395 1461 3483 testis,
1482 3392 1585 3497 quod
1608 3392 1646 3465 in
1672 3391 1724 3464 al·

313 3533 390 3590 tera
411 3516 618 3594 litterarum
640 3539 718 3596 erat
739 3523 901 3626 quedam
922 3523 991 3599 alia
1009 3525 1047 3598 in
1073 3553 1144 3630 qua
1165 3525 1394 3633 significahat
1412 3523 1529 3598 dictus
1544 3520 1721 3626 magister

313 3647 465 3752 passagii
490 3647 590 3726 dieto
615 3680 750 3758 magno
768 3654 962 3759 Magistro,
987 3655 1092 3761 quod
1113 3655 1192 3760 ipse
1216 3655 1449 3731 intellexerat
1465 3652 1567 3758 quod
1582 3648 1721 3725 milites

312 3778 508 3870 Vasconie‚
524 3782 590 3885 qni
604 3780 751 3858 inerant
767 3783 878 3887 capti,
898 3804 1155 3861 accusaverant
1173 3787 1345 3862 ordinem
1367 3803 1404 3862 et
1418 3784 1546 3861 fratres
1560 3780 1724 3885 Templi.

311 3907 422 3992 Item,
450 3926 487 3984 et
510 3912 614 4020 quod
639 3912 678 3988 in
702 3913 771 3987 alia
796 3913 920 3990 littera
950 3933 1028 3991 erat
1054 3917 1215 4019 quedam
1244 3917 1331 4002 alia,
1359 3919 1398 3990 in
1423 3944 1497 4021 qua
1523 3915 1625 3999 idem
1651 3941 1725 3986 ma-

310 4037 423 4141 gister
445 4041 602 4148 passagii
623 4042 892 4149 significaverat
916 4064 1124 4121 memorato
1151 4047 1326 4154 Magistro
1348 4047 1510 4132 ordinis,
1535 4044 1637 4150 quod
1666 4041 1723 4116 illa

311 4184 446 4244 statuta
466 4172 623 4262 ordinis,
640 4201 714 4279 que
731 4173 823 4248 sacta
841 4173 988 4251 suerent
1004 4177 1103 4281 apud
1120 4177 1292 4254 Castrum
1310 4177 1517 4284 peregrini,
1532 4178 1612 4284 jam
1628 4189 1725 4250 erant

312 4298 480 4375 revelata.
507 4303 695 4379 Predictas
716 4322 840 4380 autem
861 4304 1003 4383 litteras
1022 4308 1125 4384 idem
1152 4308 1257 4383 testis
1283 4308 1375 4383 dixit
1395 4336 1434 4383 se
1461 4306 1668 4411 aperuisse,
1692 4319 1723 4377 et

311 4453 371 4501 eas
390 4446 427 4502 et
446 4430 533 4507 alias
548 4435 732 4538 predictas
754 4434 889 4511 vidisse
915 4454 951 4512 et
974 4438 1105 4544 legisse
1129 4439 1307 4524 interius3
1331 4437 1440 4544 quale
1462 4453 1542 4512 crat
1564 4432 1721 4542 sigillum

312 4552 495 4634 dictarum
522 4562 748 4651 litterarum,
772 4582 808 4640 et
828 4566 977 4670 qualem
998 4585 1221 4644 caracterem
1243 4567 1422 4654 habebat,
1454 4565 1548 4641 dixit
1584 4594 1622 4642 se
1652 4588 1719 4638 non

311 4689 513 4776 recordari,
537 4722 605 4768 nec
627 4697 784 4772 advertit
803 4697 850 4772 ad
871 4700 943 4775 hoc
963 4731 971 4774 ε
994 4701 1060 4777 sed
1080 4701 1271 4804 predictus
1296 4699 1452 4776 clericus
1471 4698 1537 4804 qui
1563 4725 1625 4773 eas
1643 4722 1718 4801 por

309 4815 424 4903 tabat,
455 4818 534 4923 ipso
559 4839 652 4899 teste
680 4828 875 4917 audiente,
904 4831 1088 4908 asserebat
1112 4861 1151 4910 se
1179 4861 1239 4908 eas
1262 4848 1410 4936 portare
1436 4858 1477 4905 ex
1506 4844 1613 4934 parte
1639 4821 1713 4900 dicti
