4080 6052
316 555 388 623 212
701 526 894 621 procus
920 545 1015 618 uns
1042 544 1344 618 rnurnrnns

371 692 482 775 Item,
504 687 708 794 requisitus
733 716 847 793 super
871 712 1009 777 cxxun,
1036 711 1070 773 v,
1097 711 1133 764 v1
1154 701 1191 761 et
1210 713 1258 764 vn
1279 682 1459 775 articulis,
1480 688 1681 793 respondit
1699 716 1741 767 se
1790 760 1793 764 ,

316 821 498 898 audivisse
517 817 646 895 referri
667 818 772 924 quod
791 818 965 926 Magister
984 832 1023 894 et
1041 813 1151 892 multi
1172 815 1235 891 alii
1255 813 1384 891 iratres
1405 814 1493 892 dicti
1514 818 1662 896 ordinis
1679 848 1742 898 re·

316 966 569 1057 cognoverunt
587 948 727 1025 multos
748 976 791 1024 ex
812 947 920 1025 dictis
940 944 1130 1024 erroribus
1154 948 1278 1022 corain
1302 944 1466 1022 dominis
1486 947 1739 1027 cardinalibus

318 1098 355 1157 et
372 1081 472 1171 aliis,
494 1097 620 1156 tamen
645 1079 763 1155 nescit
786 1107 882 1185 quos
907 1105 1062 1155 errores.
1083 1076 1300 1182 Requisitus
1325 1076 1355 1152 si
1375 1105 1485 1181 prece
1508 1078 1568 1156 vel
1592 1081 1737 1186 precio,

315 1229 508 1319 precepto,
528 1211 682 1296 timore,
704 1210 793 1287 odio
811 1209 870 1286 vel
888 1234 1033 1299 amore,
1052 1206 1112 1283 vel
1131 1206 1256 1313 aliquo
1277 1207 1437 1285 coinodo
1457 1211 1656 1316 temporali
1677 1211 1742 1291 do-

315 1359 396 1419 ctus
419 1340 478 1418 vel
502 1341 706 1418 instructus
730 1340 783 1415 sic
806 1339 998 1445 deposuit,
1030 1337 1123 1413 dixit
1146 1336 1251 1443 quod
1276 1364 1365 1414 non.
1397 1338 1445 1413 Et
1472 1339 1559 1416 dicti
1591 1341 1739 1421 domini

316 1470 557 1548 commissarii
577 1469 829 1546 inhibuerunt
848 1468 972 1547 eidem
992 1466 1064 1545 sub
1078 1467 1294 1575 juramento
1315 1495 1385 1545 suo
1405 1484 1450 1545 ut
1469 1469 1608 1548 dictam
1628 1472 1741 1580 depo

317 1603 497 1680 sicionem
518 1630 624 1678 suam
642 1600 752 1676 alicui
772 1628 849 1677 non
868 1597 1073 1676 revelleret.

372 1732 461 1809 Acta
480 1729 636 1807 fuerunt
654 1732 725 1807 hec
743 1730 910 1836 predicta
929 1728 992 1806 die
1011 1727 1167 1807 Veneris
1187 1727 1226 1803 in
1247 1727 1344 1805 dicta
1369 1729 1508 1835 capella
1530 1761 1600 1838 per
1619 1734 1739 1813 dictos

315 1862 490 1939 dominos
524 1861 815 1949 commissarios,
840 1858 1078 1966 presentibus
1105 1886 1166 1935 me
1191 1857 1443 1936 Floriamonte
1468 1861 1666 1940 Dondedei
1697 1883 1737 1943 et

190 2091 192 2095 y
314 1992 395 2069 aliis
414 1992 567 2071 notariis
586 1990 854 2097 suprascriptis.

370 2237 458 2311 Post
477 2236 564 2323 hec,
587 2235 649 2312 die
674 2236 780 2312 Lune
805 2235 978 2341 sequenti
1004 2249 1090 2340 post
1115 2250 1257 2310 octavas
1276 2235 1432 2324 Pasche,
1453 2266 1528 2342 que
1548 2235 1623 2314 suit
1640 2264 1736 2319 nvn

313 2366 452 2443 mensis
476 2365 628 2472 Aprilis,
655 2382 910 2442 convenerunt
933 2365 972 2440 in
997 2364 1094 2440 dicta
1118 2364 1256 2470 capella
1280 2364 1437 2470 predicti
1463 2366 1611 2445 domini
1635 2397 1736 2448 com-

312 2496 485 2584 missarii,
501 2494 663 2603 exceptis
679 2495 844 2572 dominis
859 2494 1137 2601 archiepiscopo
1152 2493 1383 2572 Narbonensi
1399 2512 1439 2572 et
1450 2497 1643 2604 Bajocensi
1660 2499 1737 2606 epi-

311 2654 422 2733 scopo
441 2644 485 2704 ut
501 2656 613 2733 supra
633 2627 829 2715 excusatis,
850 2643 889 2703 et
904 2627 1007 2702 venit
1023 2625 1166 2703 ibidem
1184 2653 1308 2702 coram
1327 2627 1381 2704 eis
1398 2627 1446 2704 ad
1464 2628 1733 2735 deponendum

312 2757 454 2833 dictum
479 2786 591 2834 suum
617 2755 806 2835 Gerardus
831 2755 879 2832 de
904 2756 1055 2862 Pasagio
1081 2757 1260 2834 Metensis
1286 2757 1463 2845 diocesis,
1489 2761 1597 2839 testis
1623 2791 1731 2870 supra

305 2887 472 2993 juratus,
487 2914 563 2963 non
584 2886 770 2965 defferens
789 2887 962 2963 habitum
981 2886 1124 2964 ordinis
1139 2887 1306 2992 Templi,
1328 2888 1396 2965 sed
1407 2888 1601 2971 deferebat
1611 2893 1732 3000 quod·

310 3015 397 3091 dam
424 3016 698 3122 supertunicale
717 3017 764 3094 de
782 3017 965 3094 malbreto
983 3015 1097 3093 livido
1116 3033 1154 3092 et
1168 3017 1289 3094 mbeo
1309 3047 1396 3094 cum
1409 3021 1538 3098 tunice
1558 3023 1728 3130 ejusdem

308 3146 438 3253 panni,
460 3146 602 3222 habens
615 3146 769 3222 barbam
788 3175 907 3224 rasam
921 3164 959 3223 et
979 3146 1100 3252 capud
1112 3164 1277 3237 tonsum,
1299 3149 1417 3236 etatis,
1440 3167 1483 3227 ut
1495 3151 1605 3240 dixit,
1628 3182 1650 3231 n
1670 3181 1731 3231 an·

309 3304 463 3368 norum,
486 3294 524 3353 et
541 3276 744 3383 requisitus
764 3277 794 3353 si
815 3277 936 3353 fuerat
959 3276 1049 3354 alias
1074 3278 1303 3354 examinatus
1323 3278 1363 3370 in
1383 3279 1478 3357 sacto
1499 3282 1730 3386 Templario-

308 3434 410 3494 rum,
432 3407 628 3512 respondit
652 3407 757 3513 quod
782 3407 833 3482 sic
856 3436 924 3515 per
947 3405 1077 3484 fratres
1097 3408 1350 3486 Predicatores
1369 3427 1407 3486 et
1425 3438 1492 3516 per
1511 3411 1727 3517 episcopum

308 3531 611 3614 Cabillonensem
640 3555 678 3613 et
700 3565 768 3642 per
790 3537 969 3613 vicarium
995 3538 1159 3645 episcopi
1179 3531 1386 3627 Tullensis,
1413 3538 1476 3617 sed
1503 3566 1580 3616 non
1605 3538 1728 3618 fuerat

308 3695 431 3743 coram
453 3667 608 3743 domino
629 3669 742 3772 Papa,
764 3685 807 3743 ut
827 3668 934 3744 dixit.
957 3668 1078 3745 Lectis
1097 3685 1225 3744 autem
1246 3685 1285 3744 et
1309 3669 1482 3775 expositis
1502 3668 1625 3747 eidem
1647 3700 1726 3748 om-

307 3797 422 3873 nibus
443 3814 481 3872 et
500 3796 657 3906 singulis
678 3796 857 3887 articulis,
879 3798 1076 3903 respondit
1099 3815 1142 3873 ut
1166 3798 1364 3904 sequitur:
1387 3799 1510 3905 Super
1527 3799 1652 3905 primo
1677 3830 1731 3878 ar·

307 3928 423 4005 tinulo
449 3929 626 4034 deposuit
649 3929 754 4036 quod
778 3930 929 4036 quando
955 3929 1034 4034 ipse
1058 3927 1131 4004 fuit
1154 3947 1327 4035 receptus
1347 3930 1387 4005 in
1408 3931 1541 4008 ordine
1561 3932 1727 4038 Templi,

306 4077 477 4164 receptor
496 4059 631 4137 lecerat
651 4089 739 4136 eum
759 4089 891 4137 vovere
913 4060 1118 4137 castitatem
1139 4076 1177 4137 et
1195 4060 1301 4166 quod
1319 4061 1459 4138 viveret
1477 4061 1558 4138 sine
1579 4064 1728 4171 proprio

308 4206 345 4264 et
365 4191 468 4294 quod
494 4208 640 4268 teneret
665 4207 702 4267 et
727 4209 887 4268 servaret
911 4191 1011 4268 bona
1036 4207 1172 4267 statuta
1193 4207 1231 4266 et
1249 4208 1386 4297 puncta
1412 4191 1555 4269 ordinis
1578 4191 1676 4271 lacta
1693 4210 1728 4270 et

304 4315 472 4396 facienda
491 4351 559 4427 per
578 4322 789 4428 superiores
807 4351 956 4413 eorum,
975 4321 1140 4398 adiciens
1156 4320 1262 4427 quod
1278 4321 1308 4397 si
1328 4322 1406 4427 ipse
1426 4321 1485 4399 vel
1504 4322 1601 4401 alius
1619 4322 1728 4403 frater

306 4448 394 4526 dicti
424 4451 566 4529 ordinis
594 4452 725 4530 fuisset
753 4453 928 4529 inventus
956 4452 995 4528 in
1025 4452 1150 4559 aliqua
1178 4451 1292 4529 domo
1319 4451 1443 4529 clausa
1463 4482 1550 4529 cum
1569 4454 1726 4531 muliere

305 4580 446 4687 aliqua,
467 4584 572 4687 quod
591 4585 817 4688 perdidisset
836 4584 1064 4692 mantellum·
1079 4600 1117 4660 et
1136 4582 1267 4659 fuisset
1285 4583 1430 4689 positus
1450 4582 1489 4658 in
1510 4612 1672 4689 carcere,
1691 4601 1725 4660 et

305 4710 335 4786 si
354 4711 528 4788 inventus
547 4711 679 4789 suisset
697 4715 837 4792 habere
856 4715 1052 4821 proprium
1078 4742 1191 4820 super
1211 4743 1250 4790 se
1269 4714 1328 4790 vel
1349 4715 1443 4791 circa
1463 4742 1502 4791 se
1523 4715 1606 4793 sine
1625 4741 1721 4793 com-

302 4840 440 4918 menda
468 4842 677 4947 superiore,
700 4844 925 4949 perdidisset
949 4845 1067 4922 eciam
1087 4843 1310 4922 mantellum
1336 4863 1374 4922 et
1398 4845 1531 4923 fuisset
1549 4845 1703 4954 punitus
