<?xml version="1.0" encoding="UTF-8"?>
<!DOCTYPE html PUBLIC "-//W3C//DTD XHTML 1.0 Transitional//EN"
    "http://www.w3.org/TR/xhtml1/DTD/xhtml1-transitional.dtd">
<html xmlns="http://www.w3.org/1999/xhtml" xml:lang="en" lang="en">
 <head>
  <title>
</title>
<meta http-equiv="Content-Type" content="text/html;charset=utf-8" />
  <meta name='ocr-system' content='tesseract 3.04.00' />
  <meta name='ocr-capabilities' content='ocr_page ocr_carea ocr_par ocr_line ocrx_word'/>
</head>
<body>
  <div class='ocr_page' id='page_1' title='image "./procsdestemplie02defegoog_0083.png"; bbox 0 0 4080 6052; ppageno 0'>
   <div class='ocr_carea' id='block_1_1' title="bbox 473 510 1502 628">
    <p class='ocr_par' dir='ltr' id='par_1_1' title="bbox 473 510 1502 628">
     <span class='ocr_line' id='line_1_1' title="bbox 473 510 1502 628; baseline 0.008 -8"><span class='ocrx_word' id='word_1_1' title='bbox 473 530 1116 627; x_wconf 76' lang='lat' dir='ltr'>paocrsnssrmmmas.</span> <span class='ocrx_word' id='word_1_2' title='bbox 1283 510 1287 517; x_wconf 67' lang='grc'><strong>’</strong></span> <span class='ocrx_word' id='word_1_3' title='bbox 1455 558 1502 628; x_wconf 79' lang='lat'>65</span> 
     </span>
    </p>
   </div>
   <div class='ocr_carea' id='block_1_2' title="bbox 14 686 1503 925">
    <p class='ocr_par' dir='ltr' id='par_1_2' title="bbox 14 686 1503 925">
     <span class='ocr_line' id='line_1_2' title="bbox 14 686 1503 793; baseline 0.004 -30"><span class='ocrx_word' id='word_1_4' title='bbox 14 738 31 781; x_wconf 59' lang='lat'>0</span> <span class='ocrx_word' id='word_1_5' title='bbox 88 689 183 765; x_wconf 85' lang='lat' dir='ltr'>Pont</span> <span class='ocrx_word' id='word_1_6' title='bbox 208 687 352 793; x_wconf 90' lang='lat' dir='ltr'>Frenoy</span> <span class='ocrx_word' id='word_1_7' title='bbox 374 686 672 778; x_wconf 86' lang='lat' dir='ltr'>Silvanectensis,</span> <span class='ocrx_word' id='word_1_8' title='bbox 691 690 730 764; x_wconf 92' lang='lat' dir='ltr'>P.</span> <span class='ocrx_word' id='word_1_9' title='bbox 756 689 803 766; x_wconf 92' lang='lat' dir='ltr'>de</span> <span class='ocrx_word' id='word_1_10' title='bbox 835 691 1002 775; x_wconf 81' lang='lat' dir='ltr'>charuto</span> <span class='ocrx_word' id='word_1_11' title='bbox 1031 692 1257 771; x_wconf 87' lang='lat' dir='ltr'>Senonensis</span> <span class='ocrx_word' id='word_1_12' title='bbox 1280 693 1503 781; x_wconf 90' lang='lat' dir='ltr'>diocesium,</span> 
     </span>
     <span class='ocr_line' id='line_1_3' title="bbox 88 817 1503 925; baseline 0.004 -33"><span class='ocrx_word' id='word_1_13' title='bbox 88 818 127 892; x_wconf 90' lang='lat' dir='ltr'>P.</span> <span class='ocrx_word' id='word_1_14' title='bbox 163 817 208 893; x_wconf 91' lang='lat' dir='ltr'>de</span> <span class='ocrx_word' id='word_1_15' title='bbox 240 817 407 895; x_wconf 90' lang='lat' dir='ltr'>Bononia</span> <span class='ocrx_word' id='word_1_16' title='bbox 428 818 624 925; x_wconf 70' lang='lat' dir='ltr'>presbyter</span> <span class='ocrx_word' id='word_1_17' title='bbox 653 836 691 895; x_wconf 93' lang='lat' dir='ltr'>et</span> <span class='ocrx_word' id='word_1_18' title='bbox 715 838 933 925; x_wconf 89' lang='lat' dir='ltr'>procurator</span> <span class='ocrx_word' id='word_1_19' title='bbox 958 824 1100 902; x_wconf 87' lang='lat' dir='ltr'>ordinis</span> <span class='ocrx_word' id='word_1_20' title='bbox 1131 825 1171 900; x_wconf 91' lang='lat' dir='ltr'>in</span> <span class='ocrx_word' id='word_1_21' title='bbox 1197 823 1298 899; x_wconf 92' lang='lat' dir='ltr'>curia</span> <span class='ocrx_word' id='word_1_22' title='bbox 1322 825 1503 908; x_wconf 87' lang='lat' dir='ltr'>Romana,</span> 
     </span>
    </p>
   </div>
   <div class='ocr_carea' id='block_1_3' title="bbox 87 946 1516 2222">
    <p class='ocr_par' dir='ltr' id='par_1_3' title="bbox 87 946 1510 1961">
     <span class='ocr_line' id='line_1_4' title="bbox 88 946 1506 1059; baseline 0.004 -37"><span class='ocrx_word' id='word_1_23' title='bbox 88 963 130 1022; x_wconf 92' lang='lat' dir='ltr'>ut</span> <span class='ocrx_word' id='word_1_24' title='bbox 160 947 322 1037; x_wconf 70' lang='lat' dir='ltr'>dicebat,</span> <span class='ocrx_word' id='word_1_25' title='bbox 348 949 387 1023; x_wconf 93' lang='lat' dir='ltr'>P.</span> <span class='ocrx_word' id='word_1_26' title='bbox 417 948 463 1024; x_wconf 94' lang='lat' dir='ltr'>de</span> <span class='ocrx_word' id='word_1_27' title='bbox 487 946 711 1025; x_wconf 90' lang='lat' dir='ltr'>Grimenilio</span> <span class='ocrx_word' id='word_1_28' title='bbox 739 952 933 1059; x_wconf 73' lang='lat' dir='ltr'>presbyter</span> <span class='ocrx_word' id='word_1_29' title='bbox 961 952 1205 1044; x_wconf 91' lang='lat' dir='ltr'>Belvacensis,</span> <span class='ocrx_word' id='word_1_30' title='bbox 1236 954 1274 1030; x_wconf 93' lang='grc' dir='ltr'>Ρ.</span> <span class='ocrx_word' id='word_1_31' title='bbox 1312 952 1359 1028; x_wconf 89' lang='lat' dir='ltr'>de</span> <span class='ocrx_word' id='word_1_32' title='bbox 1388 949 1506 1028; x_wconf 91' lang='lat' dir='ltr'>Blesis</span> 
     </span>
     <span class='ocr_line' id='line_1_5' title="bbox 87 1077 1506 1189; baseline 0.003 -37"><span class='ocrx_word' id='word_1_33' title='bbox 87 1077 282 1184; x_wconf 84' lang='lat' dir='ltr'>presbyter</span> <span class='ocrx_word' id='word_1_34' title='bbox 310 1078 564 1165; x_wconf 85' lang='lat' dir='ltr'>Carnutensis,</span> <span class='ocrx_word' id='word_1_35' title='bbox 593 1079 759 1155; x_wconf 85' lang='lat' dir='ltr'><strong>Thomas</strong></span> <span class='ocrx_word' id='word_1_36' title='bbox 787 1080 833 1157; x_wconf 90' lang='lat' dir='ltr'>de</span> <span class='ocrx_word' id='word_1_37' title='bbox 863 1083 1107 1160; x_wconf 87' lang='lat' dir='ltr'>Martinhiaco</span> <span class='ocrx_word' id='word_1_38' title='bbox 1132 1083 1326 1189; x_wconf 88' lang='lat' dir='ltr'>presbyter</span> <span class='ocrx_word' id='word_1_39' title='bbox 1354 1080 1506 1157; x_wconf 90' lang='lat' dir='ltr'>Laudu-</span> 
     </span>
     <span class='ocr_line' id='line_1_6' title="bbox 87 1206 1505 1317; baseline 0.002 -34"><span class='ocrx_word' id='word_1_40' title='bbox 87 1207 229 1297; x_wconf 83' lang='lat' dir='ltr'>nensis,</span> <span class='ocrx_word' id='word_1_41' title='bbox 256 1206 488 1285; x_wconf 88' lang='lat' dir='ltr'>Humbertus</span> <span class='ocrx_word' id='word_1_42' title='bbox 517 1208 565 1285; x_wconf 93' lang='lat' dir='ltr'>de</span> <span class='ocrx_word' id='word_1_43' title='bbox 589 1208 765 1286; x_wconf 90' lang='lat' dir='ltr'>Torbone</span> <span class='ocrx_word' id='word_1_44' title='bbox 795 1211 903 1288; x_wconf 88' lang='lat' dir='ltr'>miles</span> <span class='ocrx_word' id='word_1_45' title='bbox 924 1213 1160 1300; x_wconf 89' lang='lat' dir='ltr'>Viennensis,</span> <span class='ocrx_word' id='word_1_46' title='bbox 1191 1215 1230 1289; x_wconf 92' lang='lat' dir='ltr'>P.</span> <span class='ocrx_word' id='word_1_47' title='bbox 1265 1213 1312 1288; x_wconf 97' lang='lat' dir='ltr'>de</span> <span class='ocrx_word' id='word_1_48' title='bbox 1345 1212 1505 1317; x_wconf 87' lang='lat' dir='ltr'>Symeyo</span> 
     </span>
     <span class='ocr_line' id='line_1_7' title="bbox 89 1337 1505 1447; baseline 0.002 -35"><span class='ocrx_word' id='word_1_49' title='bbox 89 1337 200 1414; x_wconf 86' lang='lat' dir='ltr'>miles</span> <span class='ocrx_word' id='word_1_50' title='bbox 224 1337 460 1424; x_wconf 88' lang='lat' dir='ltr'>Viennensis,</span> <span class='ocrx_word' id='word_1_51' title='bbox 486 1338 672 1416; x_wconf 87' lang='lat' dir='ltr'>Robertus</span> <span class='ocrx_word' id='word_1_52' title='bbox 697 1339 743 1415; x_wconf 93' lang='lat' dir='ltr'>de</span> <span class='ocrx_word' id='word_1_53' title='bbox 768 1341 876 1419; x_wconf 89' lang='lat' dir='ltr'>Mont</span> <span class='ocrx_word' id='word_1_54' title='bbox 895 1342 989 1419; x_wconf 85' lang='lat' dir='ltr'>Bnin</span> <span class='ocrx_word' id='word_1_55' title='bbox 1016 1343 1259 1428; x_wconf 89' lang='lat' dir='ltr'>Senonensis,</span> <span class='ocrx_word' id='word_1_56' title='bbox 1280 1340 1435 1447; x_wconf 84' lang='lat' dir='ltr'>Egidius</span> <span class='ocrx_word' id='word_1_57' title='bbox 1459 1339 1505 1415; x_wconf 88' lang='lat' dir='ltr'>de</span> 
     </span>
     <span class='ocr_line' id='line_1_8' title="bbox 91 1467 1507 1563; baseline -0.001 -19"><span class='ocrx_word' id='word_1_58' title='bbox 91 1467 257 1544; x_wconf 90' lang='lat' dir='ltr'>Cantuco</span> <span class='ocrx_word' id='word_1_59' title='bbox 285 1467 527 1553; x_wconf 89' lang='lat' dir='ltr'>Senonensis,</span> <span class='ocrx_word' id='word_1_60' title='bbox 545 1469 733 1545; x_wconf 84' lang='lat' dir='ltr'>lohannes</span> <span class='ocrx_word' id='word_1_61' title='bbox 752 1471 855 1546; x_wconf 89' lang='lat' dir='ltr'>Bersi</span> <span class='ocrx_word' id='word_1_62' title='bbox 880 1470 1174 1563; x_wconf 90' lang='lat' dir='ltr'>Suessionensis‚</span> <span class='ocrx_word' id='word_1_63' title='bbox 1201 1469 1434 1548; x_wconf 84' lang='lat' dir='ltr'>Christianus</span> <span class='ocrx_word' id='word_1_64' title='bbox 1460 1468 1507 1543; x_wconf 91' lang='lat' dir='ltr'>de</span> 
     </span>
     <span class='ocr_line' id='line_1_9' title="bbox 89 1595 1510 1707; baseline -0.001 -35"><span class='ocrx_word' id='word_1_65' title='bbox 89 1595 223 1703; x_wconf 89' lang='lat' dir='ltr'>Biceyo</span> <span class='ocrx_word' id='word_1_66' title='bbox 251 1596 495 1703; x_wconf 85' lang='lat' dir='ltr'>lingonensis</span> <span class='ocrx_word' id='word_1_67' title='bbox 522 1597 738 1675; x_wconf 90' lang='lat' dir='ltr'>diocesium.</span> <span class='ocrx_word' id='word_1_68' title='bbox 758 1598 834 1690; x_wconf 87' lang='lat' dir='ltr'>Qui</span> <span class='ocrx_word' id='word_1_69' title='bbox 859 1599 1095 1707; x_wconf 84' lang='lat' dir='ltr'>singulariter</span> <span class='ocrx_word' id='word_1_70' title='bbox 1119 1615 1157 1675; x_wconf 91' lang='lat' dir='ltr'>et</span> <span class='ocrx_word' id='word_1_71' title='bbox 1180 1598 1376 1703; x_wconf 89' lang='lat' dir='ltr'>separatim</span> <span class='ocrx_word' id='word_1_72' title='bbox 1401 1597 1510 1672; x_wconf 91' lang='lat' dir='ltr'>inter-</span> 
     </span>
     <span class='ocr_line' id='line_1_10' title="bbox 90 1725 1509 1833; baseline 0 -33"><span class='ocrx_word' id='word_1_73' title='bbox 90 1727 223 1830; x_wconf 84' lang='lat' dir='ltr'>rogati,</span> <span class='ocrx_word' id='word_1_74' title='bbox 245 1727 275 1802; x_wconf 91' lang='lat' dir='ltr'>si</span> <span class='ocrx_word' id='word_1_75' title='bbox 299 1726 475 1803; x_wconf 89' lang='lat' dir='ltr'>volebant</span> <span class='ocrx_word' id='word_1_76' title='bbox 499 1725 641 1803; x_wconf 88' lang='lat' dir='ltr'>dictum</span> <span class='ocrx_word' id='word_1_77' title='bbox 667 1728 840 1804; x_wconf 89' lang='lat' dir='ltr'>ordinem</span> <span class='ocrx_word' id='word_1_78' title='bbox 864 1729 1012 1833; x_wconf 90' lang='lat' dir='ltr'>Templi</span> <span class='ocrx_word' id='word_1_79' title='bbox 1038 1728 1255 1818; x_wconf 84' lang='lat' dir='ltr'>defendere,</span> <span class='ocrx_word' id='word_1_80' title='bbox 1277 1726 1452 1807; x_wconf 81' lang='lat' dir='ltr'>dixerunt</span> <span class='ocrx_word' id='word_1_81' title='bbox 1471 1742 1509 1801; x_wconf 92' lang='lat' dir='ltr'>et</span> 
     </span>
     <span class='ocr_line' id='line_1_11' title="bbox 90 1855 570 1961; baseline 0.002 -31"><span class='ocrx_word' id='word_1_82' title='bbox 90 1855 366 1960; x_wconf 89' lang='lat' dir='ltr'>responderunt</span> <span class='ocrx_word' id='word_1_83' title='bbox 384 1855 490 1961; x_wconf 93' lang='lat' dir='ltr'>quod</span> <span class='ocrx_word' id='word_1_84' title='bbox 508 1856 570 1931; x_wconf 92' lang='lat' dir='ltr'>sic.</span> 
     </span>
    </p>

    <p class='ocr_par' dir='ltr' id='par_1_4' title="bbox 92 1985 1516 2222">
     <span class='ocr_line' id='line_1_12' title="bbox 146 1985 1510 2093; baseline -0.001 -32"><span class='ocrx_word' id='word_1_85' title='bbox 146 1987 257 2072; x_wconf 89' lang='lat' dir='ltr'>ltem,</span> <span class='ocrx_word' id='word_1_86' title='bbox 281 2003 318 2062; x_wconf 90' lang='lat' dir='ltr'>et</span> <span class='ocrx_word' id='word_1_87' title='bbox 343 1985 455 2061; x_wconf 81' lang='lat' dir='ltr'>frater</span> <span class='ocrx_word' id='word_1_88' title='bbox 474 1987 513 2061; x_wconf 94' lang='lat' dir='ltr'>P.</span> <span class='ocrx_word' id='word_1_89' title='bbox 537 1987 584 2062; x_wconf 93' lang='lat' dir='ltr'>de</span> <span class='ocrx_word' id='word_1_90' title='bbox 607 2003 730 2062; x_wconf 89' lang='lat' dir='ltr'>sancta</span> <span class='ocrx_word' id='word_1_91' title='bbox 749 1986 883 2064; x_wconf 89' lang='lat' dir='ltr'>Grcssa</span> <span class='ocrx_word' id='word_1_92' title='bbox 907 1988 1167 2066; x_wconf 85' lang='lat' dir='ltr'>Ambianensis</span> <span class='ocrx_word' id='word_1_93' title='bbox 1191 1989 1363 2076; x_wconf 62' lang='lat' dir='ltr'>diocesis</span> <span class='ocrx_word' id='word_1_94' title='bbox 1385 1986 1510 2093; x_wconf 92' lang='lat' dir='ltr'>quiin</span> 
     </span>
     <span class='ocr_line' id='line_1_13' title="bbox 92 2113 1516 2222; baseline 0.001 -34"><span class='ocrx_word' id='word_1_95' title='bbox 92 2113 224 2191; x_wconf 89' lang='lat' dir='ltr'>babitu</span> <span class='ocrx_word' id='word_1_96' title='bbox 243 2115 370 2221; x_wconf 86' lang='lat' dir='ltr'>laycali</span> <span class='ocrx_word' id='word_1_97' title='bbox 392 2116 565 2202; x_wconf 80' lang='lat' dir='ltr'>existens,</span> <span class='ocrx_word' id='word_1_98' title='bbox 588 2114 679 2191; x_wconf 84' lang='lat' dir='ltr'>dixit</span> <span class='ocrx_word' id='word_1_99' title='bbox 689 2116 794 2222; x_wconf 93' lang='lat' dir='ltr'>quod</span> <span class='ocrx_word' id='word_1_100' title='bbox 807 2146 884 2194; x_wconf 93' lang='lat' dir='ltr'>non</span> <span class='ocrx_word' id='word_1_101' title='bbox 904 2116 1026 2194; x_wconf 83' lang='lat' dir='ltr'>fuerat</span> <span class='ocrx_word' id='word_1_102' title='bbox 1039 2119 1079 2194; x_wconf 88' lang='lat' dir='ltr'>in</span> <span class='ocrx_word' id='word_1_103' title='bbox 1095 2117 1341 2195; x_wconf 86' lang='lat' dir='ltr'>dictoordine</span> <span class='ocrx_word' id='word_1_104' title='bbox 1358 2116 1427 2198; x_wconf 91' lang='lat' dir='ltr'>uisi</span> <span class='ocrx_word' id='word_1_105' title='bbox 1443 2142 1516 2219; x_wconf 66' lang='lat' dir='ltr'>per⁴</span> 
     </span>
    </p>
   </div>
   <div class='ocr_carea' id='block_1_4' title="bbox 94 2243 1510 2478">
    <p class='ocr_par' dir='ltr' id='par_1_5' title="bbox 94 2243 1510 2478">
     <span class='ocr_line' id='line_1_14' title="bbox 95 2243 1510 2347; baseline 0.003 -33"><span class='ocrx_word' id='word_1_106' title='bbox 95 2267 148 2317; x_wconf 86' lang='lat'>1111</span> <span class='ocrx_word' id='word_1_107' title='bbox 173 2269 321 2319; x_wconf 89' lang='lat' dir='ltr'>menses</span> <span class='ocrx_word' id='word_1_108' title='bbox 342 2260 426 2318; x_wconf 92' lang='lat' dir='ltr'>ante</span> <span class='ocrx_word' id='word_1_109' title='bbox 451 2243 664 2347; x_wconf 90' lang='lat' dir='ltr'>capcionem</span> <span class='ocrx_word' id='word_1_110' title='bbox 688 2244 863 2333; x_wconf 78' lang='lat' dir='ltr'>batrum,</span> <span class='ocrx_word' id='word_1_111' title='bbox 892 2265 929 2322; x_wconf 88' lang='lat' dir='ltr'>ct</span> <span class='ocrx_word' id='word_1_112' title='bbox 948 2246 1100 2324; x_wconf 91' lang='lat' dir='ltr'>nolebat</span> <span class='ocrx_word' id='word_1_113' title='bbox 1114 2245 1316 2324; x_wconf 81' lang='lat' dir='ltr'>defendere</span> <span class='ocrx_word' id='word_1_114' title='bbox 1337 2244 1510 2321; x_wconf 89' lang='lat' dir='ltr'>ordinem</span> 
     </span>
     <span class='ocr_line' id='line_1_15' title="bbox 94 2373 362 2478; baseline 0.004 -31"><span class='ocrx_word' id='word_1_115' title='bbox 94 2373 362 2478; x_wconf 86' lang='lat' dir='ltr'>supradictum.</span> 
     </span>
    </p>
   </div>
   <div class='ocr_carea' id='block_1_5' title="bbox 94 2500 1532 4810">
    <p class='ocr_par' dir='ltr' id='par_1_6' title="bbox 94 2500 1515 2737">
     <span class='ocr_line' id='line_1_16' title="bbox 149 2500 1515 2607; baseline -0.001 -30"><span class='ocrx_word' id='word_1_116' title='bbox 149 2502 261 2586; x_wconf 88' lang='lat' dir='ltr'>Item,</span> <span class='ocrx_word' id='word_1_117' title='bbox 284 2518 323 2577; x_wconf 85' lang='lat' dir='ltr'>et</span> <span class='ocrx_word' id='word_1_118' title='bbox 340 2501 454 2578; x_wconf 84' lang='lat' dir='ltr'>frater</span> <span class='ocrx_word' id='word_1_119' title='bbox 473 2503 505 2577; x_wconf 90' lang='lat' dir='ltr'>J.</span> <span class='ocrx_word' id='word_1_120' title='bbox 524 2502 559 2579; x_wconf 90' lang='lat' dir='ltr'>le</span> <span class='ocrx_word' id='word_1_121' title='bbox 581 2501 728 2581; x_wconf 87' lang='lat' dir='ltr'>Gabeer</span> <span class='ocrx_word' id='word_1_122' title='bbox 743 2502 1003 2580; x_wconf 80' lang='lat' dir='ltr'>Ambianensi&#39;s</span> <span class='ocrx_word' id='word_1_123' title='bbox 1022 2502 1197 2592; x_wconf 91' lang='lat' dir='ltr'>diocesis,</span> <span class='ocrx_word' id='word_1_124' title='bbox 1219 2504 1285 2607; x_wconf 91' lang='lat' dir='ltr'>qui</span> <span class='ocrx_word' id='word_1_125' title='bbox 1305 2500 1397 2578; x_wconf 83' lang='lat' dir='ltr'>dixit</span> <span class='ocrx_word' id='word_1_126' title='bbox 1411 2501 1515 2607; x_wconf 91' lang='lat' dir='ltr'>quod</span> 
     </span>
     <span class='ocr_line' id='line_1_17' title="bbox 94 2629 1457 2737; baseline 0.003 -34"><span class='ocrx_word' id='word_1_127' title='bbox 94 2629 241 2710; x_wconf 86' lang='lat' dir='ltr'>volebat</span> <span class='ocrx_word' id='word_1_128' title='bbox 255 2630 459 2708; x_wconf 81' lang='lat' dir='ltr'>defendere</span> <span class='ocrx_word' id='word_1_129' title='bbox 481 2631 622 2708; x_wconf 92' lang='lat' dir='ltr'>dictum</span> <span class='ocrx_word' id='word_1_130' title='bbox 643 2633 817 2718; x_wconf 89' lang='lat' dir='ltr'>ordinem</span> <span class='ocrx_word' id='word_1_131' title='bbox 836 2661 905 2737; x_wconf 88' lang='lat' dir='ltr'>pro</span> <span class='ocrx_word' id='word_1_132' title='bbox 919 2649 1089 2737; x_wconf 91' lang='lat' dir='ltr'>tempore</span> <span class='ocrx_word' id='word_1_133' title='bbox 1109 2661 1186 2737; x_wconf 89' lang='lat' dir='ltr'>qno</span> <span class='ocrx_word' id='word_1_134' title='bbox 1200 2631 1322 2707; x_wconf 87' lang='lat' dir='ltr'>luerat</span> <span class='ocrx_word' id='word_1_135' title='bbox 1340 2631 1379 2705; x_wconf 92' lang='lat' dir='ltr'>in</span> <span class='ocrx_word' id='word_1_136' title='bbox 1400 2657 1457 2707; x_wconf 90' lang='lat' dir='ltr'>eo.</span> 
     </span>
    </p>

    <p class='ocr_par' dir='ltr' id='par_1_7' title="bbox 96 2759 1532 4810">
     <span class='ocr_line' id='line_1_18' title="bbox 149 2759 1517 2840; baseline -0.002 -3"><span class='ocrx_word' id='word_1_137' title='bbox 149 2761 302 2838; x_wconf 85' lang='lat' dir='ltr'>Eisdem</span> <span class='ocrx_word' id='word_1_138' title='bbox 320 2763 380 2839; x_wconf 93' lang='lat' dir='ltr'>die</span> <span class='ocrx_word' id='word_1_139' title='bbox 402 2778 439 2838; x_wconf 92' lang='lat' dir='ltr'>et</span> <span class='ocrx_word' id='word_1_140' title='bbox 453 2761 537 2839; x_wconf 91' lang='lat' dir='ltr'>loco</span> <span class='ocrx_word' id='word_1_141' title='bbox 562 2761 717 2840; x_wconf 86' lang='lat' dir='ltr'>suerunt</span> <span class='ocrx_word' id='word_1_142' title='bbox 737 2763 888 2840; x_wconf 91' lang='lat' dir='ltr'>adducti</span> <span class='ocrx_word' id='word_1_143' title='bbox 915 2789 1040 2839; x_wconf 89' lang='lat' dir='ltr'>coram</span> <span class='ocrx_word' id='word_1_144' title='bbox 1064 2760 1207 2839; x_wconf 90' lang='lat' dir='ltr'>eisdem</span> <span class='ocrx_word' id='word_1_145' title='bbox 1231 2759 1396 2837; x_wconf 92' lang='lat' dir='ltr'>dominis</span> <span class='ocrx_word' id='word_1_146' title='bbox 1415 2788 1517 2836; x_wconf 87' lang='lat' dir='ltr'>com-</span> 
     </span>
     <span class='ocr_line' id='line_1_19' title="bbox 96 2887 1518 2999; baseline -0.003 -33"><span class='ocrx_word' id='word_1_147' title='bbox 96 2892 272 2969; x_wconf 89' lang='lat' dir='ltr'>missariis</span> <span class='ocrx_word' id='word_1_148' title='bbox 290 2891 422 2969; x_wconf 78' lang='lat' dir='ltr'>fratres</span> <span class='ocrx_word' id='word_1_149' title='bbox 450 2893 664 2999; x_wconf 87' lang='lat' dir='ltr'>subscripti,</span> <span class='ocrx_word' id='word_1_150' title='bbox 694 2893 760 2999; x_wconf 91' lang='lat' dir='ltr'>qui</span> <span class='ocrx_word' id='word_1_151' title='bbox 789 2892 941 2969; x_wconf 87' lang='lat' dir='ltr'>adducti</span> <span class='ocrx_word' id='word_1_152' title='bbox 966 2891 1080 2968; x_wconf 83' lang='lat' dir='ltr'>fuisse</span> <span class='ocrx_word' id='word_1_153' title='bbox 1105 2888 1325 2966; x_wconf 88' lang='lat' dir='ltr'>dicebantur</span> <span class='ocrx_word' id='word_1_154' title='bbox 1348 2890 1395 2964; x_wconf 92' lang='lat' dir='ltr'>de</span> <span class='ocrx_word' id='word_1_155' title='bbox 1421 2887 1518 2964; x_wconf 81' lang='lat' dir='ltr'>Aciis</span> 
     </span>
     <span class='ocr_line' id='line_1_20' title="bbox 97 3016 1520 3129; baseline -0.003 -33"><span class='ocrx_word' id='word_1_156' title='bbox 97 3023 312 3099; x_wconf 87' lang='lat' dir='ltr'>Parisiensis</span> <span class='ocrx_word' id='word_1_157' title='bbox 334 3023 509 3114; x_wconf 89' lang='lat' dir='ltr'>diocesis,</span> <span class='ocrx_word' id='word_1_158' title='bbox 528 3022 701 3099; x_wconf 88' lang='lat' dir='ltr'>videlicet</span> <span class='ocrx_word' id='word_1_159' title='bbox 720 3021 851 3099; x_wconf 83' lang='lat' dir='ltr'>fratres</span> <span class='ocrx_word' id='word_1_160' title='bbox 867 3021 1079 3129; x_wconf 88' lang='lat' dir='ltr'>Raynaldus</span> <span class='ocrx_word' id='word_1_161' title='bbox 1098 3018 1145 3097; x_wconf 92' lang='lat' dir='ltr'>de</span> <span class='ocrx_word' id='word_1_162' title='bbox 1165 3019 1305 3095; x_wconf 91' lang='lat' dir='ltr'>Pruino</span> <span class='ocrx_word' id='word_1_163' title='bbox 1324 3016 1520 3123; x_wconf 87' lang='lat' dir='ltr'>presbyter</span> 
     </span>
     <span class='ocr_line' id='line_1_21' title="bbox 99 3147 1517 3256; baseline -0.002 -31"><span class='ocrx_word' id='word_1_164' title='bbox 99 3150 343 3238; x_wconf 88' lang='lat' dir='ltr'>Senonensis,</span> <span class='ocrx_word' id='word_1_165' title='bbox 375 3154 563 3229; x_wconf 85' lang='lat' dir='ltr'>lohannes</span> <span class='ocrx_word' id='word_1_166' title='bbox 596 3153 642 3229; x_wconf 92' lang='lat' dir='ltr'>de</span> <span class='ocrx_word' id='word_1_167' title='bbox 673 3152 824 3230; x_wconf 84' lang='lat' dir='ltr'>Mortuo</span> <span class='ocrx_word' id='word_1_168' title='bbox 858 3153 976 3229; x_wconf 90' lang='lat' dir='ltr'>Fonte</span> <span class='ocrx_word' id='word_1_169' title='bbox 1005 3150 1201 3256; x_wconf 86' lang='lat' dir='ltr'>presbyter</span> <span class='ocrx_word' id='word_1_170' title='bbox 1224 3147 1517 3230; x_wconf 85' lang='lat' dir='ltr'>Suessionensis‚</span> 
     </span>
     <span class='ocr_line' id='line_1_22' title="bbox 100 3270 1522 3372; baseline -0.004 -18"><span class='ocrx_word' id='word_1_171' title='bbox 100 3279 290 3357; x_wconf 86' lang='lat' dir='ltr'>lohannes</span> <span class='ocrx_word' id='word_1_172' title='bbox 321 3281 436 3359; x_wconf 87' lang='lat' dir='ltr'>Ducis</span> <span class='ocrx_word' id='word_1_173' title='bbox 470 3283 700 3372; x_wconf 88' lang='lat' dir='ltr'>Parisiensis,</span> <span class='ocrx_word' id='word_1_174' title='bbox 735 3284 907 3360; x_wconf 89' lang='lat' dir='ltr'>Matheus</span> <span class='ocrx_word' id='word_1_175' title='bbox 942 3270 1522 3366; x_wconf 77' lang='lat' dir='ltr'>dedtrabato‚R0berti1sVa·</span> 
     </span>
     <span class='ocr_line' id='line_1_23' title="bbox 98 3404 1523 3516; baseline -0.004 -33"><span class='ocrx_word' id='word_1_176' title='bbox 98 3437 223 3486; x_wconf 90' lang='lat' dir='ltr'>vassor</span> <span class='ocrx_word' id='word_1_177' title='bbox 246 3410 521 3503; x_wconf 66' lang='lat' dir='ltr'>burbunensis,</span> <span class='ocrx_word' id='word_1_178' title='bbox 543 3411 773 3490; x_wconf 89' lang='lat' dir='ltr'>Guillelmus</span> <span class='ocrx_word' id='word_1_179' title='bbox 792 3412 1000 3516; x_wconf 86' lang='lat' dir='ltr'>Espanbart</span> <span class='ocrx_word' id='word_1_180' title='bbox 1029 3408 1342 3493; x_wconf 87' lang='lat' dir='ltr'>Constanciensis,</span> <span class='ocrx_word' id='word_1_181' title='bbox 1364 3404 1523 3482; x_wconf 89' lang='lat' dir='ltr'>Jacobus</span> 
     </span>
     <span class='ocr_line' id='line_1_24' title="bbox 99 3532 1524 3646; baseline -0.006 -30"><span class='ocrx_word' id='word_1_182' title='bbox 99 3538 146 3616; x_wconf 91' lang='lat' dir='ltr'>de</span> <span class='ocrx_word' id='word_1_183' title='bbox 182 3541 337 3645; x_wconf 88' lang='lat' dir='ltr'>Rupella</span> <span class='ocrx_word' id='word_1_184' title='bbox 365 3542 655 3628; x_wconf 87' lang='lat' dir='ltr'>Bisuntinensis,</span> <span class='ocrx_word' id='word_1_185' title='bbox 683 3540 908 3646; x_wconf 77' lang='lat' dir='ltr'>badulphus</span> <span class='ocrx_word' id='word_1_186' title='bbox 939 3539 985 3616; x_wconf 92' lang='lat' dir='ltr'>de</span> <span class='ocrx_word' id='word_1_187' title='bbox 1023 3538 1164 3617; x_wconf 90' lang='lat' dir='ltr'>Grandi</span> <span class='ocrx_word' id='word_1_188' title='bbox 1193 3536 1336 3616; x_wconf 87' lang='lat' dir='ltr'>Villarii</span> <span class='ocrx_word' id='word_1_189' title='bbox 1372 3532 1524 3613; x_wconf 81' lang='lat' dir='ltr'>Ambia-</span> 
     </span>
     <span class='ocr_line' id='line_1_25' title="bbox 100 3664 1524 3778; baseline -0.005 -35"><span class='ocrx_word' id='word_1_190' title='bbox 100 3670 241 3759; x_wconf 89' lang='lat' dir='ltr'>nensis‚</span> <span class='ocrx_word' id='word_1_191' title='bbox 268 3670 409 3778; x_wconf 85' lang='lat' dir='ltr'>Syrnon</span> <span class='ocrx_word' id='word_1_192' title='bbox 439 3672 476 3747; x_wconf 92' lang='lat' dir='ltr'>lo</span> <span class='ocrx_word' id='word_1_193' title='bbox 503 3674 630 3777; x_wconf 85' lang='lat' dir='ltr'>Reppe</span> <span class='ocrx_word' id='word_1_194' title='bbox 655 3670 921 3755; x_wconf 82' lang='lat' dir='ltr'>Tornacensis‚</span> <span class='ocrx_word' id='word_1_195' title='bbox 945 3668 1063 3747; x_wconf 90' lang='lat' dir='ltr'>Gosso</span> <span class='ocrx_word' id='word_1_196' title='bbox 1095 3671 1141 3744; x_wconf 93' lang='lat' dir='ltr'>de</span> <span class='ocrx_word' id='word_1_197' title='bbox 1171 3664 1350 3744; x_wconf 85' lang='lat' dir='ltr'>Gandano</span> <span class='ocrx_word' id='word_1_198' title='bbox 1382 3666 1524 3739; x_wconf 87' lang='lat' dir='ltr'>Torna-</span> 
     </span>
     <span class='ocr_line' id='line_1_26' title="bbox 102 3790 1523 3900; baseline -0.006 -26"><span class='ocrx_word' id='word_1_199' title='bbox 102 3798 241 3884; x_wconf 90' lang='lat' dir='ltr'>censis,</span> <span class='ocrx_word' id='word_1_200' title='bbox 273 3799 313 3873; x_wconf 92' lang='lat' dir='ltr'>P.</span> <span class='ocrx_word' id='word_1_201' title='bbox 349 3799 396 3875; x_wconf 92' lang='lat' dir='ltr'>de</span> <span class='ocrx_word' id='word_1_202' title='bbox 431 3800 542 3876; x_wconf 87' lang='lat' dir='ltr'>Serra</span> <span class='ocrx_word' id='word_1_203' title='bbox 577 3802 792 3894; x_wconf 88' lang='lat' dir='ltr'>Trecensis,</span> <span class='ocrx_word' id='word_1_204' title='bbox 817 3800 1007 3877; x_wconf 85' lang='lat' dir='ltr'>lohannes</span> <span class='ocrx_word' id='word_1_205' title='bbox 1045 3800 1092 3874; x_wconf 93' lang='lat' dir='ltr'>de</span> <span class='ocrx_word' id='word_1_206' title='bbox 1125 3797 1228 3875; x_wconf 82' lang='lat' dir='ltr'>Bessi</span> <span class='ocrx_word' id='word_1_207' title='bbox 1259 3790 1523 3900; x_wconf 84' lang='lat' dir='ltr'>Lingonensis,</span> 
     </span>
     <span class='ocr_line' id='line_1_27' title="bbox 104 3923 1527 4031; baseline -0.006 -30"><span class='ocrx_word' id='word_1_208' title='bbox 104 3923 333 4001; x_wconf 81' lang='lat' dir='ltr'>bertrandus</span> <span class='ocrx_word' id='word_1_209' title='bbox 358 3928 548 4031; x_wconf 87' lang='lat' dir='ltr'>Coquardi</span> <span class='ocrx_word' id='word_1_210' title='bbox 567 3929 846 4017; x_wconf 83' lang='lat' dir='ltr'>Ambianensis,</span> <span class='ocrx_word' id='word_1_211' title='bbox 878 3929 1124 4006; x_wconf 87' lang='lat' dir='ltr'>Constancius</span> <span class='ocrx_word' id='word_1_212' title='bbox 1148 3925 1196 4003; x_wconf 92' lang='lat' dir='ltr'>de</span> <span class='ocrx_word' id='word_1_213' title='bbox 1216 3926 1402 4028; x_wconf 86' lang='lat' dir='ltr'>Brecenay</span> <span class='ocrx_word' id='word_1_214' title='bbox 1430 3946 1527 4025; x_wconf 79' lang='lat' dir='ltr'>pres</span> 
     </span>
     <span class='ocr_line' id='line_1_28' title="bbox 104 4047 1527 4161; baseline -0.004 -32"><span class='ocrx_word' id='word_1_215' title='bbox 104 4055 214 4161; x_wconf 90' lang='lat' dir='ltr'>byter</span> <span class='ocrx_word' id='word_1_216' title='bbox 237 4070 387 4129; x_wconf 89' lang='lat' dir='ltr'>curatus</span> <span class='ocrx_word' id='word_1_217' title='bbox 415 4055 566 4132; x_wconf 87' lang='lat' dir='ltr'>ecclesie</span> <span class='ocrx_word' id='word_1_218' title='bbox 592 4058 639 4133; x_wconf 90' lang='lat' dir='ltr'>de</span> <span class='ocrx_word' id='word_1_219' title='bbox 664 4060 824 4136; x_wconf 82' lang='lat' dir='ltr'>Coleurs</span> <span class='ocrx_word' id='word_1_220' title='bbox 848 4058 1092 4141; x_wconf 89' lang='lat' dir='ltr'>Senonensis,</span> <span class='ocrx_word' id='word_1_221' title='bbox 1118 4052 1299 4132; x_wconf 83' lang='lat' dir='ltr'>Girardus</span> <span class='ocrx_word' id='word_1_222' title='bbox 1328 4051 1375 4127; x_wconf 89' lang='lat' dir='ltr'>de</span> <span class='ocrx_word' id='word_1_223' title='bbox 1406 4047 1527 4127; x_wconf 90' lang='lat' dir='ltr'>Gene-</span> 
     </span>
     <span class='ocr_line' id='line_1_29' title="bbox 105 4178 1526 4270; baseline -0.006 -9"><span class='ocrx_word' id='word_1_224' title='bbox 105 4185 153 4261; x_wconf 88' lang='lat' dir='ltr'>sse</span> <span class='ocrx_word' id='word_1_225' title='bbox 186 4181 425 4269; x_wconf 90' lang='lat' dir='ltr'>Leodiensis,</span> <span class='ocrx_word' id='word_1_226' title='bbox 455 4184 615 4262; x_wconf 91' lang='lat' dir='ltr'>Michael</span> <span class='ocrx_word' id='word_1_227' title='bbox 644 4185 690 4261; x_wconf 92' lang='lat' dir='ltr'>de</span> <span class='ocrx_word' id='word_1_228' title='bbox 726 4202 851 4262; x_wconf 90' lang='lat' dir='ltr'>sancto</span> <span class='ocrx_word' id='word_1_229' title='bbox 882 4184 1049 4260; x_wconf 89' lang='lat' dir='ltr'>Maninio</span> <span class='ocrx_word' id='word_1_230' title='bbox 1079 4180 1352 4270; x_wconf 82' lang='lat' dir='ltr'>Ambianensis,</span> <span class='ocrx_word' id='word_1_231' title='bbox 1380 4178 1526 4256; x_wconf 83' lang='lat' dir='ltr'>Addam</span> 
     </span>
     <span class='ocr_line' id='line_1_30' title="bbox 109 4306 1526 4420; baseline -0.004 -32"><span class='ocrx_word' id='word_1_232' title='bbox 109 4312 154 4389; x_wconf 89' lang='lat' dir='ltr'>de</span> <span class='ocrx_word' id='word_1_233' title='bbox 183 4311 355 4390; x_wconf 88' lang='lat' dir='ltr'>Versiaco</span> <span class='ocrx_word' id='word_1_234' title='bbox 386 4312 686 4405; x_wconf 88' lang='lat' dir='ltr'>Suessionensis‚</span> <span class='ocrx_word' id='word_1_235' title='bbox 714 4313 925 4420; x_wconf 85' lang='lat' dir='ltr'>Raynaldus</span> <span class='ocrx_word' id='word_1_236' title='bbox 950 4313 997 4388; x_wconf 91' lang='lat' dir='ltr'>de</span> <span class='ocrx_word' id='word_1_237' title='bbox 1022 4313 1230 4417; x_wconf 88' lang='lat' dir='ltr'>Fontaynes</span> <span class='ocrx_word' id='word_1_238' title='bbox 1261 4306 1526 4414; x_wconf 87' lang='lat' dir='ltr'>Lingonensis,</span> 
     </span>
     <span class='ocr_line' id='line_1_31' title="bbox 109 4434 1530 4550; baseline -0.004 -34"><span class='ocrx_word' id='word_1_239' title='bbox 109 4458 147 4517; x_wconf 89' lang='lat' dir='ltr'>et</span> <span class='ocrx_word' id='word_1_240' title='bbox 171 4441 359 4518; x_wconf 87' lang='lat' dir='ltr'>lohannes</span> <span class='ocrx_word' id='word_1_241' title='bbox 386 4442 432 4520; x_wconf 92' lang='lat' dir='ltr'>de</span> <span class='ocrx_word' id='word_1_242' title='bbox 461 4446 614 4521; x_wconf 88' lang='lat' dir='ltr'>Foresta</span> <span class='ocrx_word' id='word_1_243' title='bbox 644 4443 742 4527; x_wconf 86' lang='lat' dir='ltr'>dicte</span> <span class='ocrx_word' id='word_1_244' title='bbox 772 4442 1018 4550; x_wconf 88' lang='lat' dir='ltr'>Lingonensis</span> <span class='ocrx_word' id='word_1_245' title='bbox 1046 4441 1265 4519; x_wconf 86' lang='lat' dir='ltr'>diocesium.</span> <span class='ocrx_word' id='word_1_246' title='bbox 1288 4439 1364 4532; x_wconf 90' lang='lat' dir='ltr'>Qui</span> <span class='ocrx_word' id='word_1_247' title='bbox 1393 4434 1530 4542; x_wconf 87' lang='lat' dir='ltr'>sigilla-</span> 
     </span>
     <span class='ocr_line' id='line_1_32' title="bbox 109 4564 1532 4680; baseline -0.003 -35"><span class='ocrx_word' id='word_1_248' title='bbox 109 4573 180 4646; x_wconf 89' lang='lat' dir='ltr'>tim</span> <span class='ocrx_word' id='word_1_249' title='bbox 201 4587 238 4645; x_wconf 93' lang='lat' dir='ltr'>et</span> <span class='ocrx_word' id='word_1_250' title='bbox 256 4573 452 4676; x_wconf 88' lang='lat' dir='ltr'>separatim</span> <span class='ocrx_word' id='word_1_251' title='bbox 472 4573 641 4680; x_wconf 85' lang='lat' dir='ltr'>requisiti</span> <span class='ocrx_word' id='word_1_252' title='bbox 658 4602 679 4649; x_wconf 88' lang='lat' dir='ltr'>a</span> <span class='ocrx_word' id='word_1_253' title='bbox 698 4573 806 4652; x_wconf 90' lang='lat' dir='ltr'>dictis</span> <span class='ocrx_word' id='word_1_254' title='bbox 827 4572 990 4651; x_wconf 88' lang='lat' dir='ltr'>dominis</span> <span class='ocrx_word' id='word_1_255' title='bbox 1009 4570 1286 4657; x_wconf 77' lang='lat' dir='ltr'>commissoriis,</span> <span class='ocrx_word' id='word_1_256' title='bbox 1307 4568 1337 4645; x_wconf 87' lang='lat' dir='ltr'>si</span> <span class='ocrx_word' id='word_1_257' title='bbox 1357 4564 1532 4644; x_wconf 82' lang='lat' dir='ltr'>volebant</span> 
     </span>
     <span class='ocr_line' id='line_1_33' title="bbox 108 4698 1530 4810; baseline -0.006 -32"><span class='ocrx_word' id='word_1_258' title='bbox 108 4699 314 4778; x_wconf 83' lang='lat' dir='ltr'>defendere</span> <span class='ocrx_word' id='word_1_259' title='bbox 336 4704 478 4779; x_wconf 93' lang='lat' dir='ltr'>dictum</span> <span class='ocrx_word' id='word_1_260' title='bbox 499 4704 682 4796; x_wconf 88' lang='lat' dir='ltr'>ordinem,</span> <span class='ocrx_word' id='word_1_261' title='bbox 700 4704 975 4810; x_wconf 88' lang='lat' dir='ltr'>responderunt</span> <span class='ocrx_word' id='word_1_262' title='bbox 995 4703 1099 4808; x_wconf 93' lang='lat' dir='ltr'>quod</span> <span class='ocrx_word' id='word_1_263' title='bbox 1113 4703 1181 4787; x_wconf 88' lang='lat' dir='ltr'>sic,</span> <span class='ocrx_word' id='word_1_264' title='bbox 1205 4716 1244 4778; x_wconf 92' lang='lat' dir='ltr'>et</span> <span class='ocrx_word' id='word_1_265' title='bbox 1261 4698 1457 4806; x_wconf 87' lang='lat' dir='ltr'>pecierunt</span> <span class='ocrx_word' id='word_1_266' title='bbox 1471 4723 1530 4772; x_wconf 90' lang='lat' dir='ltr'>ec-</span> 
     </span>
    </p>
   </div>
   <div class='ocr_carea' id='block_1_6' title="bbox 108 4829 1529 5043">
    <p class='ocr_par' dir='ltr' id='par_1_8' title="bbox 108 4829 1529 5043">
     <span class='ocr_line' id='line_1_34' title="bbox 108 4829 1529 4930; baseline -0.004 -25"><span class='ocrx_word' id='word_1_267' title='bbox 108 4832 312 4909; x_wconf 88' lang='lat' dir='ltr'>clesiastica</span> <span class='ocrx_word' id='word_1_268' title='bbox 325 4851 567 4924; x_wconf 89' lang='lat' dir='ltr'>sacramenta,</span> <span class='ocrx_word' id='word_1_269' title='bbox 586 4851 623 4912; x_wconf 88' lang='lat' dir='ltr'>et</span> <span class='ocrx_word' id='word_1_270' title='bbox 636 4833 862 4913; x_wconf 83' lang='lat' dir='ltr'>laxacioneni</span> <span class='ocrx_word' id='word_1_271' title='bbox 877 4861 1079 4911; x_wconf 88' lang='lat' dir='ltr'>carcerum.</span> <span class='ocrx_word' id='word_1_272' title='bbox 1094 4831 1185 4909; x_wconf 80' lang='lat' dir='ltr'>Acta</span> <span class='ocrx_word' id='word_1_273' title='bbox 1198 4830 1353 4909; x_wconf 75' lang='lat' dir='ltr'>suerunt</span> <span class='ocrx_word' id='word_1_274' title='bbox 1364 4829 1529 4930; x_wconf 90' lang='lat' dir='ltr'>hecpre-</span> 
     </span>
     <span class='ocr_line' id='line_1_35' title="bbox 196 4968 1421 5043; baseline 0.012 -15"><span class='ocrx_word' id='word_1_275' title='bbox 196 4968 302 5034; x_wconf 73' lang='lat' dir='ltr'>raocis</span> <span class='ocrx_word' id='word_1_276' title='bbox 325 4991 376 5032; x_wconf 78' lang='lat' dir='ltr'>urs</span> <span class='ocrx_word' id='word_1_277' title='bbox 397 4992 568 5033; x_wconf 72' lang='lat' dir='ltr'>seueritas.</span> <span class='ocrx_word' id='word_1_278' title='bbox 582 4992 656 5033; x_wconf 89' lang='lat'>-1.</span> <span class='ocrx_word' id='word_1_279' title='bbox 1402 4984 1421 5043; x_wconf 77' lang='lat'><strong>9</strong></span> 
     </span>
    </p>
   </div>
   <div class='ocr_carea' id='block_1_7' title="bbox 0 0 2079 6052">
    <p class='ocr_par' dir='ltr' id='par_1_9' title="bbox 0 0 2079 6052">
     <span class='ocr_line' id='line_1_36' title="bbox 0 0 2079 6052; baseline 0 0"><span class='ocrx_word' id='word_1_280' title='bbox 0 0 2079 6052; x_wconf 95' lang='lat' dir='ltr'> </span> 
     </span>
    </p>
   </div>
  </div>
 </body>
</html>
