4080 6052
695 525 889 616 Procas
915 545 1010 618 uus
1037 546 1337 619 renuamus
1678 555 1724 624 so

363 692 450 766 Post
468 690 553 776 hec,
575 713 664 762 curu
681 684 838 791 predicti
860 684 1004 763 domini
1024 686 1324 793 archiepiscopus
1338 689 1603 778 Narbonensis,
1619 694 1726 770 Baio

309 819 424 896 censis
445 837 483 895 et
501 815 731 894 Mimatensis
751 815 932 922 episcopi,
952 815 1070 892 vocati
1092 835 1216 894 essent
1238 818 1288 895 ad
1312 820 1543 924 presenciam
1567 822 1723 926 regiam,

308 964 573 1026 excusaverunt
597 975 636 1022 se
655 945 781 1051 quoad
804 974 846 1021 ea
867 974 941 1051 que
961 945 1148 1022 restabant
1168 947 1310 1052 agenda
1335 950 1466 1025 eadem
1491 949 1568 1036 die,
1595 977 1726 1056 rogan-

306 1097 360 1158 tes
389 1057 545 1156 ceteros
567 1076 726 1183 collegas
760 1104 910 1163 eorum,
935 1076 1040 1182 quod
1064 1075 1228 1154 lacerent
1251 1076 1388 1155 adduci
1415 1107 1539 1157 eornm
1568 1108 1607 1157 se
1635 1080 1726 1156 alios

305 1208 541 1314 Templarios
573 1206 714 1314 quide
747 1206 843 1283 dicta
868 1205 1008 1284 diocesi
1037 1205 1338 1285 Claromontensi
1367 1210 1586 1287 dicebantur
1612 1210 1724 1288 luisse

225 1384 228 1389 ·
308 1340 476 1426 adducti,
502 1356 541 1416 et
563 1336 666 1444 quod
692 1337 831 1416 scirent
853 1338 884 1415 si
907 1336 1084 1414 volebant
1107 1337 1280 1416 ordinem
1309 1339 1526 1418 deffendere
1544 1342 1725 1448 supradi-

308 1487 426 1562 ctum,
443 1470 531 1576 quia
550 1470 626 1547 iste·
640 1497 718 1546 non
737 1485 815 1547 erat
835 1486 937 1547 actus
956 1469 996 1545 in
1009 1495 1087 1574 quo
1099 1494 1234 1545 omnes
1249 1468 1337 1546 dicti
1353 1471 1596 1547 commissarii
1610 1472 1725 1549 habe.-

306 1619 390 1678 rent
402 1631 445 1677 ex
458 1600 674 1678 necessitate
691 1600 831 1679 adesse.
847 1602 1010 1706 Postque
1024 1599 1177 1677 recessit
1192 1599 1309 1676 eciam
1325 1629 1369 1676 ex
1384 1629 1491 1677 causa
1508 1604 1722 1689 necessaria,

305 1748 347 1807 ut
372 1731 536 1819 dicebat,
559 1731 681 1808 dictus
710 1728 888 1809 dominus
913 1730 1086 1807 Matheus
1106 1729 1153 1804 de
1177 1728 1408 1834 Neapoli,·et
1433 1729 1590 1806 suerunt
1612 1731 1723 1808 simul

304 1861 456 1940 adducti
476 1862 524 1939 ad
543 1861 775 1967 presenciam
797 1861 983 1938 dictorum
1004 1858 1247 1936 dominorum
1267 1859 1541 1937 Lemorioeasis
1561 1861 1724 1967 episcopi

305 2010 346 2067 et·
371 1992 584 2068 Tridentini
621 2019 662 2067 ac
693 1972 964 2096 Magalone'nsis
998 1989 1362 2080 archidiacouomm‚
1399 1989 1620 2096 infrascripti
1654 1991 1725 2068 lra-

305 2138 396 2210 tres,
418 2123 557 2199 scilicet
580 2121 712 2199 tratres
732 2121 960 2200 Guillelmus
989 2121 1037 2197 de
1062 2119 1301 2203 cambonem
1322 2121 1613 2213 Lemovicensis,
1636 2123 1724 2199 Bor-

306 2249 466 2344 traudus
486 2250 533 2326 de
561 2249 728 2354 Sartigiis
752 2249 1082 2339 claramontensis,
1106 2249 1323 2354 Aymericus
1344 2251 1393 2326 de
1413 2252 1572 2356 Capiaco
1589 2253 1726 2328 Lemo

305 2380 479 2465 vicensis,
500 2378 673 2456 Andinus
695 2378 742 2453 de
756 2379 950 2467 Vendaco,
968 2380 1103 2453 Petrus
1124 2378 1160 2451 la
1178 2379 1372 2481 Colongna
1392 2379 1722 2468 Claramontensis,

305 2509 519 2585 Bernardus
548 2507 596 2584 de
623 2509 714 2582 Bort
743 2504 1033 2594 Lemovieensis,
1064 2503 1238 2582 Galterus
1267 2506 1313 2580 de
1344 2507 1454 2582 Massi
1479 2506 1725 2584 Gelbenensis

307 2639 513 2717 diocesium
532 2637 686 2723 milites,
709 2634 922 2740 Stephanus
937 2633 984 2709 de
1000 2632 1137 2711 Gardia
1146 2631 1345 2737 presbiter,
1364 2634 1496 2712 Petrus
1518 2637 1565 2712 de
1585 2636 1723 2720 Brolio

305 2769 532 2848 Guillelmus
558 2767 606 2844 de
633 2765 816 2857 Boncino,
848 2761 1075 2842 Guillelmus
1102 2761 1150 2839 de
1175 2760 1382 2866 Sprimassa
1413 2764 1725 2844 Claramontensis

306 2899 479 2991 diocesis,
498 2901 611 2976 bossa
630 2898 770 2986 Coeta‚·
783 2893 1013 2974 Guillelmus
1035 2892 1084 2969 de
1105 2891 1401 2999 Podio-Vignali,
1423 2895 1556 2972 Petrus
1571 2896 1620 2973 de
1633 2897 1725 2975 Ver·

305 3033 430 3137 nogia,
456 3029 683 3109 Guillelmus
706 3029 925 3107 Bremazet
944 3022 1142 3102 Girbertus
1166 3023 1333 3101 la·Porta
1352 3027 1625 3104 Lemovicensis
1645 3027 1726 3104 dio·

306 3161 412 3237 cesis·
431 3159 507 3252 Qui
532 3173 664 3234 omnes
693 3171 735 3232 et·
756 3152 890 3261 singuli
921 3152 1159 3260 singulariter
1181 3170 1219 3231 et
1243 3156 1442 3260 separatim
1462 3155 1676 3264 interrogati
1706 3189 1722 3234 a

306 3289 418 3366 dictis
436 3286 598 3366 dominis
612 3284 888 3370 commissariis‚
905 3283 935 3360 si
948 3282 1125 3362 volebant
1137 3283 1280 3361 dictum
1296 3284 1468 3362 ordinem
1488 3286 1722 3377 deffendere,

305 3419 582 3525 responderunt
599 3417 704 3524 quod
723 3417 786 3492 sic.

360 3549 583 3627 Actum-me
609 3564 647 3625 et
666 3544 843 3624 omnibus
871 3544 1025 3622 notariis
1046 3542 1284 3649 presentibus
1307 3572 1419 3650 supra
1443 3545 1579 3622 ultimo
1603 3548 1724 3622 nomi-

305 3699 410 3758 netis.

360 3810 431 3887 Die
441 3809 637 3886 Dominica
649 3805 836 3912 sequenti,
850 3805 965 3882 nichil
975 3804 1047 3881 fuit
1059 3820 1194 3894 actum,
1208 3821 1361 3909 propter
1372 3806 1622 3882 reverenciam
1636 3805 1721 3880 diei.

362 4066 434 4144 Die
448 4068 555 4144 Lune
565 4065 749 4170 sequenti,
762 4092 839 4170 que
852 4065 925 4142 luit
937 4093 1036 4141 noua
1048 4064 1130 4140 dies
1142 4064 1281 4139 mensis
1292 4064 1502 4150 Februarii,
1519 4059 1673 4140 luerunt
1684 4069 1726 4142 si-

307 4199 388 4276 mul
406 4195 557 4275 adducti
583 4194 631 4271 ad
649 4192 880 4300 presenciam
898 4193 1086 4293 dictorum
1107 4190 1347 4267 dominorum
1368 4192 1720 4283 commissariorum,

308 4327 524 4404 absentibus
549 4323 712 4400 dominis
733 4321 962 4399 Narbonensi
987 4337 1024 4398 et
1051 4319 1258 4410 Baiocensi‚
1286 4320 1334 4398 de
1359 4321 1496 4400 diocesi
1517 4324 1723 4401 Senouensi

307 4457 438 4534 fratres
461 4455 620 4532 lacobus
646 4453 693 4530 de
716 4452 879 4530 Chamar
897 4449 1139 4539 senonensis,
1161 4448 1349 4528 Jobannes
1369 4451 1416 4528 de
1430 4451 1611 4530 Vemosio
1632 4452 1725 4529 lau-

308 4585 504 4674 dunensis,
517 4566 704 4665 .Galterus
734 4583 782 4660 de
801 4582 936 4663 Villers
961 4580 1267 4672 Bissuntiuensis,
1293 4582 1481 4659 Jobannes
1510 4582 1559 4659 de
1575 4581 1724 4661 Ausato

308 4716 566 4808 Tornaaeusis,
592 4715 752 4792 lacobus
782 4715 828 4793 de
853 4713 993 4792 'Rubeo
1007 4713 1141 4792 Monte
1168 4711 1410 4818 lingonensis
1439 4713 1661 4802 diocesium,
1688 4730 1726 4791 et

311 4847 453 4924 Addam
474 4848 521 4924 de
542 4845 757 4925 Cathalone.
775 4843 850 4937 Qui
870 4842 1106 4950 singulariter
1125 4859 1162 4918 et
1181 4843 1377 4946 separatim
1397 4842 1566 4949 requisiti
1581 4871 1603 4918 a
1618 4843 1724 4918 dictis

1589 4979 1616 5038 8.
