4080 6052
691 528 889 622 Procas
916 546 1011 618 ors
1036 547 1337 622 renarrans.
1646 555 1724 650 ‚575

305 694 520 773 societatem
542 689 750 794 proborum
782 687 943 774 ordinis,
976 702 1019 762 et
1035 688 1304 766 concessissent
1333 688 1384 774 ei,
1411 688 1534 766 dictus
1560 711 1730 797 receptor

304 823 394 902 lecit
410 851 497 899 eum
517 847 650 897 vovere
670 835 710 896 et
723 819 852 926 jurare
876 847 991 924 super
1008 818 1213 923 quemdam
1231 815 1372 895 librum
1398 818 1618 908 castitatem,
1640 821 1731 898 obe-

306 954 506 1041 dienciam,
544 951 666 1027 vivere
699 950 778 1027 sine
813 949 989 1056 proprio,
1023 976 1167 1026 servare
1203 967 1240 1026 et
1270 950 1458 1027 custodire
1495 970 1636 1029 secreta
1672 981 1731 1029 or-

307 1083 421 1171 dinis,
444 1099 482 1160 et
500 1080 657 1158 obedire
677 1079 856 1156 omnibus
873 1078 1156 1185 preceptoribus
1169 1079 1233 1184 qui
1247 1098 1479 1186 ponerentur
1492 1110 1607 1187 super
1623 1110 1729 1170 eum;

306 1214 552 1318 postmodum
567 1211 748 1316 imposuit
762 1210 832 1287 sibi
848 1209 1093 1298 mantellum,
1114 1226 1152 1286 et
1171 1209 1249 1315 ipse
1270 1226 1308 1286 et
1328 1210 1417 1286 dieti
1426 1209 1559 1289 fratres
1571 1231 1731 1290 astantes

308 1343 464 1420 luerunt
484 1370 576 1420 eum
594 1339 751 1418 osculati
768 1341 807 1417 in
819 1368 904 1429 ore3
923 1339 1165 1446 postmodum
1182 1340 1305 1417 dictus
1323 1358 1494 1445 receptor
1513 1344 1678 1420 ostendit
1696 1346 1731 1419 ei

309 1473 521 1580 ymaginem
534 1471 710 1550 Crucihxi
725 1471 911 1575 depictam
928 1472 968 1546 in
985 1470 1085 1546 dicto
1099 1469 1216 1559 libro,
1233 1485 1271 1545 et
1279 1470 1447 1574 precepit
1458 1470 1492 1545 ei
1501 1472 1609 1575 quod
1620 1473 1733 1550 abne·

309 1620 413 1708 garet
434 1602 575 1677 dictum
595 1600 842 1686 Crucifixum,
860 1617 897 1675 et
918 1600 996 1705 ipse
1018 1599 1212 1705 abnegavit
1230 1627 1296 1676 ore
1317 1627 1394 1676 non
1414 1601 1544 1690 corde,
1564 1619 1609 1678 ut
1628 1603 1731 1680 dixit.

308 1734 439 1813 Postea
454 1731 622 1836 precepit
641 1731 677 1814 ei
697 1731 803 1836 quod
819 1747 972 1837 spueret
987 1758 1099 1835 supra
1118 1730 1255 1807 dictam
1272 1731 1484 1836 ymaginem
1494 1731 1685 1821 Crucifixi,
1697 1753 1734 1810 et

309 1890 394 1941 cum
414 1863 494 1968 ipse
513 1863 620 1938 testis
639 1861 871 1967 stupefactus
886 1877 986 1940 esset
995 1861 1043 1937 de
1064 1860 1258 1965 predictis,
1278 1860 1370 1936 dixit
1389 1862 1423 1936 ei
1444 1879 1616 1966 receptor
1630 1866 1735 1969 quod

311 1992 507 2097 oportebat
521 2019 610 2068 eum
628 1992 797 2095 predicta
812 1991 950 2078 lacere,
966 1990 1056 2095 quia
1073 2008 1180 2067 erant
1193 1992 1240 2066 de
1254 1992 1404 2095 punctis
1416 1991 1574 2080 ordinis,
1592 2010 1630 2069 et
1644 2008 1734 2071 tunc

311 2124 390 2227 ipse
428 2122 534 2199 testis
572 2121 677 2225 spuit
709 2150 787 2197 non
828 2149 939 2226 supra
978 2120 1113 2198 dictam
1149 2122 1377 2229 ymaginem,
1405 2122 1473 2198 sed
1496 2123 1603 2228 juxta
1633 2151 1733 2211 eam3

312 2269 440 2358 postea
468 2250 637 2356 precepit
664 2251 698 2326 ei
729 2251 850 2327 dictus
882 2268 1054 2355 receptor
1082 2250 1187 2354 quod
1212 2250 1445 2329 oscularetur
1469 2279 1558 2329 eum
1590 2253 1629 2329 in
1648 2283 1735 2330 um·

312 2382 424 2460 bilico
445 2399 483 2458 et
500 2398 604 2458 retro
617 2381 656 2457 in
674 2381 780 2487 spina
801 2380 919 2466 dorsi,
937 2380 1102 2484 desuper
1116 2379 1300 2468 braccale,
1323 2381 1362 2456 in
1382 2408 1492 2457 carne
1511 2381 1630 2470 nuda,
1647 2384 1736 2487 quia

313 2512 510 2617 oportebat
529 2537 619 2587 eum
634 2509 754 2587 lacere
773 2510 939 2616 predicta
955 2509 1167 2587 secundum
1187 2525 1326 2612 puncta
1340 2508 1499 2597 ordinis,
1512 2527 1550 2586 et
1559 2527 1652 2589 tunc
1665 2510 1736 2589 suit

313 2641 502 2718 osculatus
527 2669 616 2717 eum
644 2640 683 2717 in
708 2640 818 2717 dictis
838 2640 929 2717 locis
951 2668 1067 2745 super
1085 2667 1233 2717 carnem
1254 2640 1416 2725 nudam,
1439 2658 1482 2719 ut
1499 2640 1604 2720 dixit.
1623 2643 1735 2728 Item,

313 2771 405 2847 dixit
423 2772 457 2848 ei
477 2770 584 2876 quod
604 2771 813 2848 secundum
836 2797 944 2875 posse
963 2797 1078 2846 suum
1094 2785 1257 2845 servaret
1276 2768 1498 2846 elemosinas
1516 2770 1677 2858 ordinis,
1699 2789 1738 2847 et

314 2901 479 3007 insuper,
501 2901 606 3005 quod
632 2899 678 3011 de
704 2901 854 3005 punctis
879 2899 1023 2976 ordinis
1046 2916 1126 2976 erat
1150 2900 1256 3003 quod
1284 2899 1313 2976 si
1340 2899 1475 3004 aliquis
1498 2928 1542 2974 ex
1560 2898 1737 2977 fratribus

315 3031 457 3107 ordinis
476 3030 591 3107 vellet
607 3059 697 3105 cum
718 3058 763 3106 eo
782 3030 1018 3110 commisceri
1038 3029 1235 3107 carnaliter
1257 3047 1296 3106 et
1314 3030 1524 3134 requireret
1543 3057 1630 3107 eum
1642 3094 1651 3122 ,
1664 3032 1736 3109 hoc

315 3176 527 3265 pateretur3
547 3160 628 3264 ipse
648 3176 774 3236 tamen
794 3161 899 3237 testis
914 3160 1110 3265 respondit
1125 3159 1229 3264 quod
1246 3160 1319 3236 hoc
1334 3187 1410 3239 non
1425 3159 1578 3246 laceret,
1594 3178 1632 3236 et
1646 3162 1739 3239 dixit

315 3289 421 3395 quod
439 3318 635 3396 nunquam
654 3289 791 3366 fecerat
808 3319 878 3366 nec
895 3289 1018 3367 luerat
1030 3289 1245 3395 requisitus.

371 3422 483 3510 Item,
496 3449 611 3527 super
621 3422 806 3498 contentis
816 3421 890 3499 inv
907 3436 944 3497 et
954 3420 1341 3525 xxvmsequentihus,
1353 3420 1401 3496 de
1411 3420 1737 3527 dogmatizacione,

315 3551 618 3643 couculoaeione,
644 3568 743 3642 cato,
764 3551 1021 3641 sacramentis,
1047 3568 1230 3655 potestate
1250 3550 1414 3656 Magistri
1445 3567 1482 3626 et
1508 3549 1661 3637 osculis,
1680 3577 1739 3624 re—

316 3681 468 3785 spondit
483 3709 522 3757 se
540 3680 656 3757 nichil
672 3681 765 3757 scire
780 3681 878 3757 ultra
894 3680 1043 3784 illaque
1054 3706 1165 3784 supra
1184 3680 1359 3783 deposuit
1376 3681 1477 3785 :ipse
1497 3696 1623 3756 tamen
1642 3679 1738 3755 bene

318 3809 493 3886 credebat
511 3809 767 3887 ecclesiasticis
780 3809 1038 3916 sacramentis,
1056 3824 1094 3885 et
1112 3809 1232 3887 credit
1246 3809 1351 3913 quod
1371 3809 1433 3885 alii
1452 3809 1583 3887 fratres
1595 3809 1742 3888 ordinis

318 3938 534 4026 crederent;
560 3940 629 4018 sed
658 3966 734 4014 non
759 3955 867 4043 putat
895 3938 1002 4044 quod
1031 3938 1095 4015 ille
1123 3939 1188 4043 qui
1221 3939 1363 4045 recepit
1385 3966 1474 4015 eum
1501 3956 1598 4016 esset
1616 3939 1740 4019 bonus

318 4068 574 4154 Christianus,
603 4095 673 4145 nec
700 4068 842 4144 audivit
865 4097 934 4144 nec
961 4069 1082 4145 credit
1100 4068 1205 4173 quod
1226 4068 1317 4174 layci
1337 4086 1489 4172 possent
1511 4067 1741 4145 absolverea

318 4199 488 4302 peccatis.

368 4330 485 4416 ltem,
516 4330 565 4405 ad
596 4355 719 4406 xxxnn
744 4344 782 4403 et
817 4346 1078 4433 insequentes
1106 4328 1301 4433 respondit
1336 4330 1441 4434 quod
1471 4356 1539 4434 pro
1566 4328 1741 4434 professis

319 4459 443 4533 statim
460 4458 709 4549 habebantur,
725 4458 883 4534 sednon
898 4457 1077 4564 jurabant
1091 4458 1196 4562 quod
1214 4486 1291 4535 non
1311 4459 1454 4536 exirent
1464 4459 1656 4545 ordinem,
1673 4459 1741 4535 sed

320 4586 564 4664 clamdestine
580 4586 874 4694 recipiebantur;
887 4616 957 4664 nec
976 4588 1044 4666 scit
1060 4589 1093 4665 si
1111 4588 1273 4693 suspicio
1289 4589 1416 4667 exhoc
1426 4607 1552 4667 contra
1567 4589 1740 4668 ordinem

319 4716 530 4793 habebatur
553 4746 624 4796 nec
654 4718 687 4795 si
712 4717 1052 4797 commiscebantur
1079 4717 1210 4795 fratres
1239 4719 1445 4810 carnaliter,
1473 4720 1541 4827 sed
1571 4719 1742 4799 dedicta

321 4847 588 4928 commissione
604 4849 677 4928 luit
696 4849 731 4925 ei
748 4866 968 4958 preceptum
986 4851 1093 4957 quod
1112 4876 1225 4955 supra
1242 4848 1427 4956 deposuit
