4080 6052
313 574 384 644 552
697 549 893 642 raocas
919 566 1014 638 nas
1040 563 1342 636 esurimus.

310 712 487 801 diocesis,
507 726 706 815 preceptor
731 711 779 786 de
802 706 1010 784 Lanhivilla
1031 703 1191 781 diocesis
1216 701 1467 789 Belvacensi's,
1489 702 1601 779 testis
1628 730 1735 810 supra

304 844 467 958 juratus,
484 857 527 916 ut
542 839 751 944 deponeret
766 839 908 914 dictum
927 863 1055 923 suum,
1073 833 1227 940 triginta
1243 860 1431 909 annorum
1446 830 1507 909 vel
1527 831 1640 924 circa,
1656 862 1733 911 non

311 968 746 1049 defferensmantellum
774 968 935 1056 ordinis,
958 966 1045 1072 quia
1072 980 1151 1042 erat
1175 981 1356 1041 vetustate
1378 980 1640 1068 consumptus,
1660 993 1730 1041 nec

309 1102 457 1180 volebat
472 1117 622 1206 portare
638 1099 863 1176 mantellum
879 1126 950 1174 nec
967 1096 1123 1174 barbam
1145 1095 1215 1171 nisi
1232 1094 1397 1171 Ecclesia
1416 1093 1535 1171 vellet
1553 1093 1654 1172 aliud
1671 1124 1731 1173 or-

310 1233 456 1321 dinare,
475 1247 512 1306 et
525 1258 602 1308 non
620 1246 829 1334 portaverat
844 1228 967 1305 adhuc
979 1225 1153 1313 barbam,
1171 1225 1259 1331 quia
1273 1224 1424 1330 juvenis
1439 1240 1537 1310 erat,
1555 1251 1643 1300 cum
1657 1253 1729 1331 quo

309 1363 383 1438 fuit
401 1361 640 1467 inquisitum,
670 1359 864 1437 absolutus
888 1375 926 1435 et
949 1354 1210 1435 reconciliatus
1233 1382 1301 1459 per
1323 1354 1527 1432 domiuum
1552 1353 1733 1460 archiepi-

310 1519 466 1599 scopum
485 1492 720 1568 Remensem.
738 1489 859 1565 Lectis
870 1505 996 1567 autem
1007 1501 1045 1562 et
1062 1483 1263 1592 diligenter
1277 1485 1453 1589 expositis
1469 1484 1544 1561 sibi
1559 1485 1733 1562 omnibus

312 1641 349 1699 et
370 1621 527 1728 singulis
546 1619 727 1709 articulis,
749 1617 945 1725 respondit
959 1617 1007 1694 ad
1028 1644 1109 1704 eos,
1132 1631 1170 1691 et
1189 1615 1311 1720 primo
1325 1615 1373 1690 ad
1385 1615 1533 1720 primos
1547 1640 1626 1706 xm,
1646 1645 1730 1722 pro·

309 1752 513 1829 testacione
535 1751 733 1857 premissa,
762 1748 867 1853 quod
895 1775 973 1824 non
997 1745 1217 1824 intendebat
1240 1745 1416 1821 recedere
1445 1774 1465 1820 a
1493 1745 1727 1852 depositione

311 1911 378 1986 per
393 1911 480 1959 eum
492 1880 586 1957 facta
603 1908 729 1958 coram
740 1879 841 1955 dicto
858 1878 1014 1956 domino
1030 1875 1311 1982 archiepiscopo
1325 1876 1520 1967 Remensi,
1536 1903 1577 1953 se
1591 1880 1727 1966 nescire

311 2013 341 2088 si
373 2029 545 2090 contenta
566 2012 605 2087 in
629 2011 737 2088 dictis
757 2007 922 2087 articulis
941 2024 1047 2086 erant
1065 2035 1149 2084 vera
1165 2006 1224 2084 vel
1240 2034 1330 2083 non.
1353 2007 1483 2084 Frater
1504 2025 1636 2088 umen
1661 2009 1733 2090 Gee

311 2140 443 2218 rardus
460 2141 507 2217 de
522 2141 724 2220 Villaribus
743 2140 850 2218 miles
868 2139 1078 2246 quondam,
1094 2132 1293 2246 preceptor
1306 2157 1398 2216 tunc
1411 2141 1592 2232 Francia,
1614 2141 1679 2246 qui
1696 2141 1731 2218 in

311 2273 462 2348 instanti
481 2272 543 2348 die
559 2273 739 2349 Cinerum
757 2289 870 2349 erunt
885 2299 921 2349 rx
936 2273 1025 2350 anni
1038 2271 1097 2349 vel
1113 2272 1224 2357 circa,
1241 2273 1384 2377 recepit
1400 2271 1527 2377 ipsum
1543 2288 1681 2350 testem
1696 2274 1731 2350 in

311 2402 449 2505 capella
467 2402 605 2480 domus
615 2402 765 2507 Templi
785 2403 832 2479 do
849 2403 1011 2480 Feritate
1027 2401 1228 2482 Gaucherii
1243 2401 1447 2479 Meldensis
1459 2401 1640 2496 diocesis,
1660 2433 1734 2511 pre

311 2533 481 2610 sentibus
493 2533 669 2610 fratribus
680 2535 850 2611 Johanne
866 2533 1041 2613 Monachi
1056 2552 1095 2612 et
1108 2533 1247 2610 Parisio
1259 2533 1481 2640 burgundo,
1500 2533 1596 2611 dixit
1610 2536 1730 2613 eidem

309 2663 394 2740 testi
415 2664 454 2740 in
469 2664 686 2770 recepcione
703 2694 768 2741 sua
781 2665 887 2771 quod
905 2666 951 2742 de
967 2664 1117 2771 punctis
1136 2664 1280 2741 ordinis
1299 2681 1379 2741 erat
1394 2664 1502 2771 quod
1518 2665 1598 2770 ipse
1618 2665 1732 2742 debe-

311 2792 374 2869 bat
387 2793 570 2903 abnegare
583 2796 707 2890 Deum
724 2813 762 2872 et
772 2823 906 2901 spuere
920 2821 1031 2901 supra
1045 2823 1207 2872 crucem.
1227 2794 1443 2900 Requisitus
1460 2796 1580 2903 qualis
1593 2798 1726 2874 modus

308 2922 428 3000 fuerat
451 2942 614 3002 servatus
640 2926 680 3001 in
704 2925 924 3030 receptione
947 2954 1014 3002 sua
1036 2925 1221 3030 predicta,
1250 2924 1447 3032 respondit
1478 2926 1582 3032 quod
1602 2926 1725 3035 [cum]

309 3052 387 3157 ipse
412 3054 629 3158 requisisset
650 3053 798 3160 abipso
823 3072 1017 3160 receptore
1038 3082 1174 3160 panem
1205 3073 1242 3130 et
1266 3058 1419 3161 aquam,
1449 3057 1668 3134 societatem
1692 3075 1729 3134 ct

308 3210 511 3287 pauperem
531 3184 705 3259 vestitum
730 3184 888 3272 ordinis,
917 3203 955 3261 et
971 3185 1225 3290 respondisset
1254 3186 1288 3261 ei
1316 3186 1420 3291 quod
1443 3188 1627 3292 grandem
1652 3216 1728 3264 rem

308 3313 477 3416 petebat,
496 3331 532 3389 et
550 3315 655 3420 quod
666 3314 764 3391 bene
783 3315 1025 3405 deliberaret,
1043 3318 1131 3422 quia
1149 3333 1340 3422 oporteret
1351 3346 1440 3393 eum
1456 3318 1573 3394 multa
1587 3320 1683 3395 dura
1695 3336 1730 3396 et

309 3473 435 3549 aspera
453 3446 654 3538 sustinere,
680 3465 717 3523 et
734 3447 905 3523 abdicare
927 3478 947 3523 a
966 3475 1004 3524 se
1022 3449 1213 3553 propriam
1229 3449 1476 3540 voluntatem,
1504 3478 1647 3525 servare
1666 3480 1724 3525 ca-

308 3577 488 3665 stitatem,
507 3579 626 3654 vivere
643 3580 722 3655 sinc
740 3579 903 3684 proprio,
920 3596 957 3654 et
972 3578 1128 3656 obedire
1146 3580 1404 3685 superioribus
1416 3582 1501 3668 suis,
1519 3583 1648 3686 etipse
1663 3609 1723 3656 re-

307 3699 518 3810 spondisset
539 3710 642 3814 quod
664 3710 791 3785 omnia
811 3711 1028 3802 sustineret,
1060 3711 1181 3788 dictus
1199 3730 1382 3817 receptor,
1404 3713 1556 3818 prestito
1577 3712 1624 3788 ab
1645 3716 1724 3819 ipso

227 3826 230 3830 Δ
307 3854 399 3914 teste
430 3869 498 3943 per
519 3827 777 3946 juramentum
809 3841 913 3948 quod
937 3870 1014 3919 non
1045 3861 1124 3919 erat
1155 3843 1297 3919 servilis
1322 3845 1572 3932 condicionis,
1604 3846 1729 3921 matri·

306 3973 452 4058 monio,
480 3973 587 4050 alteri
613 3959 784 4079 religioni
816 3973 873 4049 vel
901 3973 1038 4051 debitis
1065 3975 1268 4081 obligatus,
1292 4003 1360 4051 nec
1382 3976 1548 4069 habebat
1572 3977 1728 4052 infirmi·

305 4119 419 4178 tatem
454 4104 654 4195 latentem,
688 4103 775 4180 lecit
808 4132 896 4180 eum
927 4133 1058 4183 vovere
1092 4123 1129 4183 et
1155 4106 1283 4212 jurare
1316 4137 1428 4211 super
1457 4109 1663 4213 quemdam
1691 4107 1728 4183 li-

305 4230 417 4309 brum
438 4235 659 4322 castitatem,
689 4235 969 4322 obedienciam,
995 4253 1033 4313 et
1049 4237 1169 4313 vivere
1191 4238 1270 4314 sine
1291 4239 1459 4343 proprio,
1481 4256 1518 4314 et
1532 4239 1639 4344 quod
1657 4222 1742 4315 ser-⁸

305 4381 405 4439 varet
427 4364 549 4443 bonos
571 4394 661 4441 usus
689 4381 726 4440 et
749 4366 867 4442 bonas
892 4368 1282 4475 consuetudinesque
1309 4387 1415 4445 erant
1440 4369 1480 4443 in
1509 4370 1667 4467 ordine,
1694 4387 1727 4445 et

304 4520 377 4595 que
394 4494 432 4568 in
448 4513 640 4597 posterum
656 4496 945 4599 imponerentur
959 4525 1027 4603 per
1043 4498 1183 4603 probos
1200 4498 1297 4575 viros
1311 4500 1470 4589 ordinis,
1485 4519 1524 4576 et
1540 4503 1648 4607 quod
1661 4503 1726 4576 iret

304 4621 400 4697 ultra
417 4653 518 4700 mare
540 4628 691 4731 quando
712 4629 969 4732 preciperetur
988 4628 1078 4716 sibi,
1102 4646 1139 4706 et
1160 4629 1264 4735 quod
1277 4631 1421 4736 juvaret
1441 4660 1509 4736 pro
1531 4659 1724 4737 possesne

303 4750 351 4825 ad
370 4754 640 4856 acquirendum
652 4761 806 4834 Terram
830 4777 1006 4836 sanctam.
1025 4761 1207 4866 Postque
1228 4761 1408 4866 imposuit
1427 4763 1460 4837 ei
1482 4764 1720 4853 mantellum,

302 4883 434 4987 etipse
456 4900 492 4959 et
521 4884 651 4962 fratres
671 4908 830 4967 astantes
852 4891 1006 4969 fuerunt
1035 4922 1122 4970 eum
1143 4894 1297 4970 osculati
1310 4894 1357 4968 ‘in
1380 4871 1461 4979 ore,
1488 4894 1526 4971 et
1552 4894 1722 4974 instruxit
