4080 6052
305 534 378 609 sso
694 508 884 601 enonas
908 528 1004 599 nas
1031 525 1326 601 Truentus.
1402 531 1403 534 ‘

303 673 408 780 <prod
433 670 589 751 cordule
616 685 812 775 tangerent
840 669 957 773 capita
984 665 1198 774 ydolorum.
1234 667 1417 745 Jurabant
1441 669 1628 745 ordinem
1655 697 1729 749 non

304 804 421 890 exirm
446 801 572 893 statim
596 829 664 906 pro
689 797 863 907 professis
891 797 1143 886 habebantnrs
1171 796 1401 876 clandestine
1429 797 1726 904 recipiebantur,

305 961 349 1007 ex
362 960 439 1038 quo
455 947 534 1007 erat
548 931 711 1036 suspicio
724 947 852 1007 contra
868 957 943 1010 eos.
961 930 1031 1006 Per
1048 945 1322 1007 sacramentum
1338 927 1609 1035 imponebatur
1618 931 1723 1037 quod

303 1091 381 1140 non
402 1062 610 1139 revelarent
624 1079 766 1139 secreta
785 1060 1055 1166 capituloruma
1079 1059 1109 1137 si
1133 1058 1374 1150 revelassent,
1397 1059 1524 1137 credit
1541 1060 1647 1165 quod
1658 1091 1722 1167 pu·

305 1192 374 1267 niti
389 1190 561 1278 fuissent,
574 1190 693 1269 nescit
705 1188 877 1296 qualiter.
896 1192 979 1269 Non
994 1188 1066 1267 fuit
1082 1189 1153 1267 sibi
1164 1189 1368 1266 inhibitum
1387 1188 1495 1294 quod
1511 1216 1594 1267 non
1612 1191 1724 1267 conb-

302 1339 445 1399 teretur
464 1322 535 1401 nisi
555 1321 811 1401 sacerdotibus
830 1320 990 1410 ordinis,
1012 1347 1082 1396 nec
1102 1319 1245 1397 audivit
1264 1319 1346 1397 aliis
1367 1319 1560 1412 inhiberi3
1585 1337 1626 1398 et
1646 1320 1724 1427 ipse

304 1454 406 1530 testis
416 1453 490 1533 fuit
497 1453 687 1535 consessus
699 1454 746 1531 de
757 1452 935 1558 predictis
943 1450 1135 1531 erroribus
1142 1449 1245 1527 [ratri
1256 1450 1420 1528 lohanni
1428 1449 1480 1527 de
1489 1450 1621 1558 Capua
1631 1469 1723 1531 tunc

212 1641 214 1646 ,
304 1582 484 1688 gurdiano
501 1582 658 1660 fratrum
673 1582 864 1660 Minorum
881 1582 929 1658 de
948 1582 1092 1689 Capua,
1109 1607 1224 1686 quem
1235 1579 1386 1687 eredit[
1394 1640 1462 1659 .....
1468 1579 1503 1687 l}
1518 1581 1614 1659 infra
1628 1582 1721 1660 duos

306 1712 386 1788 dies
406 1740 426 1787 a
445 1712 661 1819 recepcione
680 1741 746 1789 sua
765 1712 804 1790 in
824 1710 982 1791 fratrum
1002 1712 1194 1793 uiuorum
1209 1712 1326 1790 domo
1344 1711 1391 1788 de
1406 1710 1557 1816 Capua,
1570 1711 1635 1817 qui
1645 1710 1720 1788 fuit

305 1840 469 1919 multum
498 1840 741 1948 stupefactus,
774 1859 812 1920 et
836 1842 925 1920 lacit
949 1842 1074 1949 ipsum
1100 1857 1236 1919 testem
1264 1840 1417 1946 spoliari
1446 1841 1490 1917 in
1513 1840 1663 1918 camisia
1683 1859 1720 1919 et

304 1972 461 2062 braccis,
481 1991 519 2051 ot
534 1973 620 2050 data
639 1971 673 2051 ei
695 1972 890 2079 disciplina
909 1971 1142 2080 cum-urgis,
1163 1970 1321 2050 absolvit
1342 1999 1451 2059 eum,
1473 1970 1652 2077 imposita
1668 2000 1725 2078 pe

307 2101 469 2179 nitencia
492 2104 596 2205 quod
614 2129 683 2208 per
699 2103 871 2181 triduum
887 2105 1076 2212 jejunaret
1099 2103 1209 2179 sextis
1235 2099 1337 2180 feriis
1361 2103 1525 2208 inpane
1550 2119 1595 2178 et
1615 2131 1724 2209 aqua,

308 2250 344 2307 et
363 2232 468 2338 quod
484 2260 561 2309 non
582 2248 750 2337 portaret
763 2234 975 2326 camisiam
1000 2263 1115 2341 quam
1130 2233 1380 2340 penitenciam
1396 2232 1491 2309 dixit
1504 2260 1549 2309 se
1562 2232 1727 2339 comple·

305 2361 399 2438 visse
423 2362 540 2438 eciam
560 2363 601 2441 in
621 2363 830 2444 carceribus
850 2364 1053 2442 existendo.
1081 2364 1122 2442 Si
1147 2363 1211 2470 qui
1236 2361 1366 2440 fratres
1386 2362 1559 2452 sciebant
1583 2391 1726 2441 errores

308 2491 513 2594 predictos,
527 2491 682 2571 luerunt
695 2493 944 2603 negligentes,
963 2494 1140 2600 quianon
1156 2511 1394 2571 correxerunt
1411 2520 1479 2570 eos
1493 2520 1568 2570 nec
1582 2494 1726 2570 &nnn

307 2622 497 2701 cieverunt
505 2623 680 2701 Ecclesie.
692 2624 925 2703 Elemosinas
934 2642 972 2702 et
980 2623 1271 2729 hospitalitatem
1279 2623 1372 2700 vidit
1380 2621 1726 2700 convenienterser·

308 2752 381 2827 vari
406 2754 445 2828 in
469 2753 646 2832 domibus
671 2756 814 2833 ordinis
837 2755 877 2831 in
902 2754 1041 2861 quibus
1065 2754 1139 2831 fuit
1162 2770 1421 2841 conversatusa
1451 2768 1493 2829 et
1514 2754 1587 2830 bec
1606 2753 1718 2858 preci·

306 2882 506 2986 piebantur
525 2886 689 2975 eisdem3
712 2903 749 2964 et
767 2886 860 2963 vidit
877 2887 978 2992 apud
996 2885 1182 2969 Burletam
1200 2901 1336 2991 quater
1352 2883 1453 2973 dari,
1469 2901 1532 2961 ter
1551 2883 1588 2959 in
1605 2882 1721 2959 ebdo-

308 3014 434 3105 mada,
459 3014 703 3093 elemosinam
724 3016 829 3094 mille
854 3017 1069 3124 quingentis
1090 3015 1274 3120 personis.
1291 3016 1414 3091 Totus
1433 3013 1534 3090 ordo
1550 3031 1721 3092 semaaset

307 3146 412 3246 quod
436 3172 595 3250 magnus
617 3146 792 3253 Magister
816 3176 903 3223 curn
925 3163 1112 3223 conventu
1134 3145 1331 3222 statuisset.
1359 3143 1527 3222 Grandia
1555 3141 1723 3221 scandala

308 3290 436 3352 contra
451 3275 625 3353 ordinem
640 3295 727 3355 sunt
744 3293 880 3353 exorta.
899 3277 1031 3353 Credit
1045 3305 1222 3383 magnum
1238 3275 1460 3381 Magistrum
1473 3292 1513 3350 et
1526 3274 1620 3351 alios
1637 3303 1726 3350 con·

307 3403 420 3483 fossos
441 3404 552 3484 fuisse
578 3407 723 3513 aliquos
744 3435 904 3494 errores,
929 3406 1015 3510 quia
1038 3406 1162 3482 littere
1187 3406 1390 3510 apostolice
1411 3407 1479 3481 boc
1497 3404 1639 3479 dicunt.
1661 3403 1718 3480 Ad

308 3536 580 3615 deffensionem
602 3539 745 3617 ordinis
767 3538 953 3616 obtulerat
970 3566 1009 3614 se
1033 3566 1119 3613 cum
1143 3536 1240 3625 aliis3
1264 3537 1502 3642 postrrrodum
1522 3532 1594 3608 fuit
1613 3533 1719 3608 infir-

308 3698 408 3756 mus,
428 3688 465 3745 et
484 3671 634 3746 retraxit
647 3699 697 3746 se.

364 3801 576 3905 Requisitus
587 3801 617 3875 si
634 3800 688 3876 sic
701 3802 924 3904 deposuerat
939 3825 1063 3904 prece,
1082 3815 1274 3903 precepto,
1286 3798 1441 3886 timore,
1459 3823 1604 3883 amore,
1616 3794 1721 3878 odio,

308 3932 364 4006 vel
382 3931 578 4036 temporali
598 3931 757 4008 comodo
780 3930 908 4007 habito
927 3929 985 4005 vel
1003 3928 1196 4016 habendo,
1219 3928 1414 4032 respondit
1427 3926 1534 4033 quod
1548 3954 1643 4012 non,
1661 3925 1724 4000 sed

306 4089 373 4162 pro
393 4061 545 4138 veritate
567 4061 736 4137 dicenda.
762 4060 834 4137 Cui
859 4059 932 4136 fuit
956 4059 1167 4164 injunctum
1196 4059 1300 4163 quod
1325 4087 1403 4134 non
1426 4057 1612 4134 revelaret
1631 4057 1724 4132 banc

306 4220 409 4266 suam
432 4193 712 4296 deposicionem
731 4218 928 4296 quousque
951 4192 1212 4266 attestaciones
1228 4187 1367 4265 suerint
1386 4187 1594 4292 publicata.

363 4454 490 4529 Frater
514 4454 703 4530 lohannes
717 4453 770 4527 de
790 4449 1019 4533 Vanbellant
1043 4450 1220 4540 serviens,
1243 4447 1526 4526 Suessionensis
1553 4445 1719 4531 diocesis,

307 4586 410 4660 testis
426 4613 536 4687 supra
548 4586 711 4690 juratus,
738 4583 844 4659 etatis
863 4580 1106 4686 quadraginta
1128 4608 1314 4655 annorum
1337 4579 1502 4654 duorum
1526 4576 1587 4653 vel
1613 4578 1717 4660 circa,

307 4711 530 4786 mantellum
546 4730 584 4788 et
596 4714 750 4790 barbam
766 4713 969 4798 defferens,
988 4739 1076 4788 cum
1091 4738 1170 4816 quo
1184 4710 1255 4788 tuit
1270 4710 1511 4816 inquisitum,
1528 4707 1716 4784 absolutus

307 4859 345 4917 θῑ
361 4837 623 4916 re00ssciliatus
645 4869 711 4943 per
737 4843 879 4918 dictum
908 4842 1124 4945 episcopum
1151 4840 1415 4929 Parisiensem,
1442 4837 1551 4916 lectis
1577 4857 1615 4916 et
1639 4833 1712 4912 dili·
