4080 6052
690 545 886 638 raeces
912 564 1006 634 nes
1032 560 1330 637 rsurmras:
1484 636 1488 643 ,
1642 562 1717 637 ras
1758 550 1768 565 “

304 707 723 814 tenshocsubquadam
734 701 1719 809 dissimulacionisspe'cierquirespondeusdixitquod

303 843 343 916 in
364 840 508 915 mundo
525 865 600 913 non
621 837 783 913 habebat
801 855 878 912 tam
900 835 1021 910 fidum
1040 835 1099 910 vel
1119 833 1299 911 dilectum
1323 834 1487 909 amicum
1507 832 1569 908 cui
1592 833 1719 938 aliquo

303 971 418 1045 modo
445 970 642 1058 revelaret,
670 997 755 1044 nam
776 967 907 1073 pocius
928 964 1040 1041 vellet
1060 965 1176 1055 mori3
1199 965 1308 1069 plura
1330 964 1378 1040 de
1394 962 1509 1039 'dictis
1528 964 1720 1041 erroribus

304 1128 428 1177 assero
461 1122 522 1174 me
553 1098 708 1185 nescire.
739 1098 854 1186 ltem,
888 1122 1000 1200 super
1029 1095 1186 1169 articulo
1216 1093 1372 1170 faciente
1407 1093 1642 1170 mencionem
1674 1097 1719 1170 de
1838 1114 1845 1127 ‘

305 1229 586 1305 consecracione
623 1227 790 1331 corporis
824 1225 967 1301 domini
1002 1224 1118 1300 nostri
1146 1223 1260 1301 Jhesu
1291 1224 1448 1311 Christi,
1481 1223 1565 1300 dico
1598 1226 1717 1330 quod,

303 1379 475 1466 tempore
496 1387 572 1464 quo
589 1387 690 1433 eram
706 1357 802 1432 ultra
822 1384 942 1442 mare,
963 1356 1002 1430 in
1017 1356 1179 1460 quadam
1194 1356 1280 1431 villa
1294 1383 1361 1432 seu
1377 1372 1495 1430 castro
1511 1357 1613 1459 quod
1627 1358 1721 1430 Tor-

304 1509 384 1565 tosa
410 1507 573 1573 vocatur,
599 1487 752 1593 quidam
778 1486 891 1561 frater
910 1484 1112 1560 Alamanus
1136 1485 1262 1573 miles,
1283 1484 1437 1561 nomine
1461 1486 1609 1572 Petrus,
1636 1514 1720 1588 pre-

305 1636 435 1721 ceptor
465 1617 628 1701 ibidem,
645 1615 749 1689 ¹mihi
782 1613 828 1689 ab
862 1614 1036 1717 episcopo
1070 1611 1158 1686 dicti
1191 1612 1262 1687 loci
1292 1627 1486 1687 tonsuram
1512 1612 1720 1689 clericalem

304 1747 385 1821 lieri
416 1743 636 1848 procuravit.
666 1744 709 1816 ln
733 1741 841 1845 cujus
866 1741 938 1815 loci
964 1739 1021 1815 vel
1046 1740 1195 1841 Templi
1222 1739 1362 1842 capella
1387 1758 1425 1814 et
1452 1742 1570 1843 ipsius
1595 1742 1719 1832 altari,

304 1893 380 1950 tam
410 1872 640 1949 secularibus
670 1898 784 1975 quam
814 1870 903 1944 dicti
934 1869 1077 1944 ordinis
1103 1867 1360 1944 sacerdotibus
1374 1924 1389 1957 ,-
1414 1871 1460 1943 ad
1486 1898 1580 1973 opus
1607 1873 1721 1947 divini

306 2004 464 2079 misterii
486 2001 691 2077 necessaria
710 2000 853 2104 pluries
871 1997 1094 2082 ministravi,
1118 1998 1184 2072 sed
1204 2026 1397 2102 nunquam
1415 2002 1597 2103 perpendi
1619 2005 1721 2105 quod

307 2134 414 2209 aliter
440 2132 604 2208 lacerent
627 2158 741 2236 quam
765 2128 904 2203 faciunt
928 2128 985 2203 vel
1008 2127 1129 2203 lacere
1156 2127 1338 2203 deberent
1362 2128 1494 2203 fratres
1517 2130 1564 2204 de
1589 2133 1721 2208 ordine
1750 2118 1753 2125 ’

308 2263 589 2339 Predicatorum
607 2259 666 2335 vel
686 2261 887 2338 Minorum

362 2397 484 2501 Super
519 2393 675 2469 articulo
711 2391 869 2468 faciente
904 2390 1142 2467 mencionem
1180 2395 1226 2467 de
1256 2393 1392 2495 capite,
1428 2393 1550 2467 audivi
1581 2394 1722 2497 pluries

309 2525 381 2600 dici
420 2525 460 2599 in
491 2522 699 2629 Sydonensi
733 2521 821 2597 villa
854 2523 958 2627 quod
989 2522 1143 2626 quidam
1178 2522 1355 2597 dominus
1388 2523 1552 2628 Sydonie
1586 2525 1723 2600 dilexe-

308 2671 364 2728 rat
388 2654 587 2757 quamdam
625 2651 793 2728 nobilem
823 2651 1022 2727 mulierem
1059 2653 1106 2727 de
1131 2653 1346 2743 Hermonia,
1384 2642 1435 2726 et
1454 2653 1571 2756 ipsam
1599 2655 1723 2730 viven-

307 2801 384 2858 tem
413 2811 604 2889 nunquam
637 2801 858 2890 cognoverat
890 2781 1100 2869 carnaliter,
1135 2782 1201 2857 sed
1228 2783 1382 2858 demum
1417 2809 1498 2856 eam
1535 2798 1722 2860 mortuam

309 2914 481 3022 cognovit
500 2913 539 2987 in
559 2914 747 3019 sepulcr0,
770 2930 929 2998 secrete,
952 2912 990 2987 in
1020 2930 1129 2987 nocte
1158 2912 1231 2987 diei
1253 2941 1326 3017 qua
1352 2910 1472 2988 luerat
1496 2914 1661 3018 sepulta3
1686 2932 1725 2990 et

309 3047 377 3130 sic,
401 3045 465 3119 illa
498 3043 659 3151 cognita,
692 3043 833 3118 audivit
867 3043 1053 3148 quandam
1083 3069 1212 3117 vocem
1248 3043 1435 3117 dicentem
1465 3043 1560 3119 sibi:
1582 3047 1725 3120 Redeas

311 3203 397 3249 cum
424 3192 575 3278 tempus
600 3174 712 3248 luerit
740 3172 928 3279 pariendi,
955 3172 1133 3277 quoniam
1158 3173 1322 3248 invenies
1352 3172 1421 3247 tibi
1448 3173 1571 3249 filium
1603 3203 1723 3250 unum

312 3303 442 3409 capud.
471 3307 520 3380 Et
548 3304 669 3379 audivi
698 3305 818 3409 quod,
846 3294 1034 3407 completo
1059 3321 1246 3408 tempore,
1276 3304 1468 3407 predictus
1492 3304 1594 3378 idem
1615 3305 1724 3381 miles

311 3432 423 3509 rediit
443 3434 489 3508 ad
508 3435 769 3539 sepulchrum,
792 3451 830 3509 et
844 3434 987 3509 invenit
1005 3434 1128 3537 capud
1147 3433 1357 3508 humanum
1379 3433 1477 3507 inter
1494 3431 1604 3507 tibias
1624 3434 1726 3511 illius

311 3563 481 3639 mulieris
496 3564 657 3668 sepulte,
678 3565 834 3639 audiens
854 3565 992 3638 iterum
1013 3590 1144 3639 vocem
1162 3562 1348 3636 dicentem
1367 3562 1438 3637 sibi
1454 3595 1462 3637 ε
1479 3563 1636 3640 Custodi
1654 3567 1728 3640 hoc

313 3691 450 3796 capud,
474 3693 579 3794 quod
599 3692 724 3767 omnia
749 3692 848 3766 bona
867 3708 1021 3766 ventura
1050 3708 1138 3767 sunt
1163 3691 1231 3767 tibi
1258 3692 1304 3766 ab
1329 3691 1406 3767 illo.
1434 3694 1621 3797 Tempore
1638 3723 1725 3769 vero

313 3848 389 3924 quo
411 3819 482 3895 hoc
506 3819 647 3910 audivi,
676 3836 754 3894 erat
779 3838 976 3925 preceptor
1001 3819 1103 3899 illius
1124 3819 1196 3895 loci
1216 3819 1328 3895 frater
1353 3823 1523 3898 Matheus
1549 3823 1669 3899 dictus
1691 3824 1725 3898 le

315 3950 506 4057 Sarmage,
528 3949 721 4035 Picardus‚
744 3951 848 4026 etde
871 3952 1037 4026 Picardia
1058 3951 1255 4027 dicebatur
1272 3968 1380 4027 natus
1400 3951 1534 4041 luisse,
1558 3970 1595 4027 et
1617 3952 1729 4028 irater

314 4079 415 4155 illius
447 4078 592 4155 soldani
622 4077 817 4155 Babilonic
845 4080 910 4185 qui
940 4097 1031 4156 tunc
1056 4082 1252 4189 regnabat,
1284 4082 1370 4185 quia
1390 4110 1489 4156 unus
1518 4109 1651 4158 eorum
1681 4084 1727 4158 de

315 4210 494 4316 sanguine
514 4210 667 4284 alterius
684 4226 817 4286 mutuo
833 4227 1035 4316 potaverat,
1056 4230 1210 4315 propter
1227 4213 1331 4316 quod
1347 4213 1567 4289 dicebantur
1586 4213 1726 4288 fratres.
1827 4208 1829 4213 ’
1851 4193 1857 4205 “

315 4342 514 4444 Preceptor
533 4368 687 4446 quoque
705 4339 871 4416 militum
888 4359 966 4417 erat
980 4341 1136 4447 quidam
1151 4342 1264 4418 lrater
1279 4343 1474 4448 Philippus
1489 4344 1659 4434 nomine;
1676 4374 1731 4419 co

316 4468 519 4544 salonerius
540 4487 619 4546 erat
638 4470 790 4578 quidam
813 4471 987 4578 magister
1003 4471 1248 4560 famulorum,
1272 4490 1309 4548 et
1326 4473 1526 4550 vocabatur
1545 4474 1657 4551 frater
1671 4475 1732 4580 Sy-

319 4625 409 4672 mon
432 4598 620 4676 Picardus.
642 4602 699 4676 De
720 4619 904 4677 conventu
922 4619 999 4678 erat
1021 4602 1173 4707 quidam
1195 4602 1388 4692 loffridus,
1419 4606 1483 4710 qui
1506 4624 1631 4711 postea
1660 4604 1732 4680 luit

318 4726 494 4834 magister
511 4715 672 4816 ordinis,
700 4732 823 4806 socius
848 4732 937 4808 dicti
955 4732 1078 4808 fratris
1095 4734 1239 4841 ¹Mathei
1257 4736 1499 4840 preceptoris,
1524 4754 1561 4813 et
1580 4737 1731 4841 quidam

318 4856 383 4962 qui
403 4856 605 4934 vocabatur
622 4859 736 4936 frater
754 4861 888 4939 Petrus
908 4864 954 4939 de
976 4864 1168 4948 Fontanis,
1192 4882 1229 4939 et
1250 4864 1316 4939 illo
1336 4882 1507 4969 tempore
1527 4865 1597 4942 suit
1617 4865 1733 4941 sactus
