4080 6052
519 527 568 595 aa
904 497 1099 597 eneces
1123 517 1218 588 uus
1245 518 1555 601 ruuuuruas..

518 659 744 766 registratas,
762 654 888 737 eidem
900 653 1057 733 domino
1072 655 1245 760 episcopo
1259 659 1458 736 Parisiensi
1472 661 1640 738 Maccus
1657 661 1799 739 Raudii
1817 665 1937 741 eciam

453 870 456 877 ,
520 791 641 867 dictus
661 782 838 861 dominus
857 783 1073 863 Parisiensis
1093 784 1290 891 episcopus
1309 788 1454 869 eisdem
1473 789 1637 869 dominis
1654 791 1935 879 commissariis,

519 915 623 1024 quod
645 912 848 1021 supradicti
871 913 1045 1018 Magister
1073 914 1220 992 ordinis
1241 918 1411 1023 Templi,
1441 935 1480 997 et
1505 918 1683 1005 visitator,
1710 950 1752 996 ac
1780 923 1938 1025 quidam

520 1046 582 1123 alii
606 1072 651 1121 ex
674 1042 851 1121 fratribus
879 1043 967 1119 dicti
990 1043 1114 1120 ordini
1134 1046 1301 1151 Templi,
1327 1048 1443 1129 lectis-1
1458 1067 1498 1133 et
1519 1050 1698 1155 expositis
1722 1049 1778 1126 eis
1805 1051 1941 1131 litteris

520 1175 758 1281 supradictis,
774 1175 1052 1281 responderunt
1066 1202 1105 1251 se
1119 1175 1215 1255 velle
1230 1179 1358 1261 venire
1372 1181 1420 1257 ad
1433 1181 1667 1287 presenciam
1680 1182 1938 1286 predictorum

521 1307 763 1385 dominorum
787 1306 1146 1393 commissariorum,
1171 1323 1212 1383 et
1233 1307 1349 1414 alirpri
1372 1338 1418 1388 ex
1442 1312 1534 1417 ipsis'
1559 1311 1743 1392 tratribus·
1766 1339 1937 1417 expresse

520 1439 707 1526 dixerunt,
719 1436 825 1544 quod
834 1435 1011 1515 volebant
1020 1434 1223 1513 defendere
1236 1439 1411 1519 erdmem
1425 1441 1695 1546 supradictum
1705 1441 1806 1519 Dixit
1819 1441 1939 1519 eciam

518 1569 683 1674 prelatus
698 1568 876 1646 dominus
890 1567 1087 1674 episcopus
1099 1567 1327 1656 Parisiensis,
1342 1572 1447 1676 quod
1462 1573 1644 1677 quasdam
1658 1599 1834 1676 personas
1851 1571 1939 1674 ydo-

517 1725 607 1781 ueas
631 1727 675 1778 ex
699 1699 777 1777 suis
800 1697 952 1775 miserat
975 1697 1023 1775 ad
1051 1698 1195 1776 diversa
1217 1698 1299 1778 loca
1319 1700 1364 1779 iu
1385 1700 1532 1808 quibus.
1552 1700 1664 1779 multi
1691 1728 1736 1775 ex
1760 1699 1938 1777 [ratribus

515 1826 675 1943 predicti
696 1830 840 1911 ordinis
860 1830 899 1905 in
919 1828 1062 1906 civitate
1079 1847 1117 1906 et
1135 1829 1276 1909 diocesi
1293 1831 1565 1911 Parisiensibus
1583 1832 1678 1937 capti
1697 1830 1935 1920 tenebantur,

518 1967 565 2043 ad
582 1959 882 2071 publicacionem
896 1958 1170 2039 commissionis
1188 1959 1282 2041 facta
1301 1962 1446 2041 eisdem
1466 1961 1630 2038 dominis
1649 1960 1936 2066 inquisitoribus

518 2111 557 2172 et
578 2094 690 2171 edicti
716 2090 874 2184 citatqrii
901 2089 1070 2198 ipsorum
1093 2090 1337 2170 dominorum
1359 2091 1704 2170 commissariorum
1726 2089 1937 2165 faciendam

390 2316 398 2328 ι
496 2222 694 2303 ,fratribus
714 2221 950 2326 supradictis,
973 2239 1011 2297 et
1028 2219 1166 2298 laceret
1185 2220 1328 2298 eisdem
1351 2221 1515 2299 dominis
1534 2219 1796 2308 commissariis
1818 2218 1937 2294 sidem

516 2379 584 2456 per
603 2351 753 2456 publica
773 2352 996 2428 documenta
1023 2349 1184 2457 qualiter
1200 2349 1278 2456 ipse
1302 2369 1340 2427 et
1358 2352 1434 2437 sui,
1456 2369 1494 2426 et
1514 2351 1555 2425 in
1575 2349 1715 2457 quibus
1734 2347 1840 2432 locis,
1863 2345 1938 2422 edi-

517 2498 619 2557 ctum
638 2479 924 2585 publicaverunt
940 2479 1215 2586 supradictum,
1230 2497 1269 2557 et
1285 2480 1317 2556 si
1337 2481 1431 2582 quid
1446 2496 1484 2552 et
1502 2479 1597 2580 quid
1615 2501 1837 2577 responsum
1855 2473 1936 2548 fue·
1987 2478 1990 2484 '

515 2609 565 2684 rit
583 2635 652 2713 per
670 2607 802 2683 fratres
823 2609 940 2706 ipsius
965 2607 1110 2680 ordinis
1131 2607 1180 2680 ad
1203 2631 1368 2701 quorum
1386 2603 1565 2679 noticiam
1589 2601 1796 2706 publicacio
1826 2604 1938 2680 deve-

515 2754 621 2813 nerat
638 2733 859 2839 supradicta.
885 2727 1035 2933 ngus
1055 2724 1270 2814 intellectis,
1292 2726 1495 2830 supradicti
1521 2728 1665 2805 domini
1691 2732 1935 2810 commissarii

516 2880 766 2970 preceperunt
789 2886 903 2937 vener
952 2856 993 2931 ili
1016 2852 1096 2929 viro
1123 2851 1278 2929 domino
1303 2856 1477 2960 Philippo
1503 2858 1549 2934 de
1569 2859 1716 2938 Vobeto
1745 2863 1934 2966 preposito

518 2993 670 3072 ecclesie
695 2988 933 3071 Pictavensis,
958 3001 996 3060 et
1019 2982 1176 3088 provido
1201 2983 1281 3060 viro
1309 2985 1468 3062 Johauni
1494 2986 1541 3063 de
1560 2988 1730 3065 lamvilla
1755 2990 1934 3067 hostiario

518 3123 663 3200 domini
683 3122 781 3226 regis
800 3122 1028 3197 Francorum
1046 3112 1218 3201 illustris,
1248 3115 1434 3220 deputatis
1454 3116 1504 3192 ad
1525 3118 1734 3195 custodiam
1755 3120 1935 3224 predicto

518 3280 607 3329 rum
619 3248 938 3356 Templariorum,
956 3272 1081 3320 coram
1101 3270 1140 3321 se
1156 3245 1309 3337 vocatis,
1321 3246 1428 3350 quod
1446 3248 1678 3352 supradictos
1699 3250 1932 3354 Magistrum,

519 3402 557 3460 et
579 3384 822 3465 visitatorem,
848 3395 886 3452 et
906 3403 1038 3452 omnes
1059 3374 1236 3479 aliosqui
1259 3376 1530 3480 responderant
1553 3394 1591 3454 et
1614 3378 1737 3453 adhuc
1760 3377 1935 3455 dicebant

519 3538 558 3588 se
580 3511 674 3586 velle
696 3507 913 3586 deffendere
939 3505 1112 3582 ordinem
1128 3505 1407 3608 supradictum,
1433 3507 1491 3583 vel
1514 3535 1583 3611 pro
1606 3505 1782 3611 predictis
1805 3509 1933 3585 venire

520 3643 568 3718 ad
589 3638 820 3745 presenciam
844 3635 1083 3722 eorumdem,
1110 3636 1342 3711 adducerent
1361 3637 1410 3714 ad
1434 3636 1552 3717 dictos
1573 3636 1746 3738 dominos
1766 3639 1937 3715 commis

521 3771 651 3858 sarios,
668 3768 739 3845 sub
753 3784 833 3843 tuta
848 3784 885 3843 et
903 3766 980 3842 fida
999 3765 1182 3852 custodia,
1199 3767 1513 3872 quandocumque
1533 3781 1571 3841 et
1590 3763 1934 3870 quocienscumque

519 3915 672 4005 propter
690 3896 872 4004 premissa
886 3894 978 3971 dicti
996 3895 1170 3999 Magister
1193 3911 1231 3971 et
1252 3894 1417 3970 visitator
1436 3910 1475 3969 et
1493 3892 1557 3968 alii
1584 3894 1787 3999 supradicti
1808 3897 1935 3975 venire

521 4027 659 4105 vellent
695 4029 742 4106 ad
776 4023 1007 4131 presenciam
1040 4025 1263 4101 eorumdem
1298 4023 1541 4105 dominorum
1580 4027 1933 4104 commissariorum.

523 4152 638 4243 Quod
658 4157 934 4259 responderunt
952 4154 1127 4232 antedicti
1146 4153 1357 4260 prepositus
1375 4154 1597 4237 Pictavensis
1618 4174 1655 4233 et
1676 4156 1864 4231 lohannes
1887 4159 1935 4233 de

523 4281 690 4376 lamvilla
704 4303 875 4391 prompte
896 4302 934 4362 et
954 4284 1184 4387 integraliter
1202 4312 1242 4363 se
1261 4283 1434 4363 facturos.

578 4543 720 4626 Eadem
740 4549 802 4624 die
823 4545 965 4632 Sabati,
981 4543 1202 4651 supradictis
1224 4546 1388 4627 dominis
1411 4544 1672 4634 commissariis
1692 4545 1938 4625 existentibus

523 4671 563 4745 in
585 4700 729 4751 camera
749 4674 947 4781 episcopali
973 4692 1010 4751 ct
1031 4703 1100 4782 pro
1126 4674 1306 4757 tribunali
1328 4677 1564 4763 sedentibus,
1579 4677 1692 4753 >venit
1716 4676 1872 4781 quidam
1895 4678 1936 4752 in

523 4801 657 4883 habitu
680 4804 837 4887 seculari
858 4805 906 4881 ad
926 4805 1157 4909 presenciam
1172 4809 1410 4899 eorumdem,
1427 4810 1493 4917 qui
1514 4807 1706 4888 dicebatur
1725 4809 1851 4885 venire
1865 4835 1935 4913 pro
