4080 6052
333 540 408 616 tn
720 518 913 615 rancus
939 538 1034 611 nas
1058 537 1360 643 raurcrnns.

334 686 480 778 destina
500 682 796 789 recipiebantur,
814 681 934 759 credit
951 658 1119 786 quod-'ex
1136 681 1211 758 hoc
1226 676 1499 784 essetsuspicio
1520 692 1656 754 contra
1669 703 1748 770 eos;

335 832 490 923 propter
510 814 762 904 honestatem,
779 841 893 918 super
907 837 1052 917 pannos
1069 808 1190 888 lineos
1206 837 1295 887 cum
1313 806 1454 915 quibus
1472 807 1650 914 jacebant
1673 838 1750 887 cor·

343 945 444 1025 dulis
465 973 558 1050 quas
583 943 813 1051 recipiebant
825 940 928 1019 unde
956 937 1132 1018 volebant
1158 939 1415 1046 cingebantur.
1440 939 1568 1017 Nescit
1587 938 1750 1046 qualiter

337 1075 494 1154 suissent
507 1075 632 1180 puniti
652 1074 826 1156 nolentes
843 1073 963 1149 facere
982 1070 1238 1177 turpitudines
1250 1068 1436 1185 predictas
1456 1068 1499 1146 in
1517 1069 1742 1176 receptione,

339 1207 369 1283 si
387 1204 544 1292 fiebant,
555 1202 615 1281 vel
638 1178 780 1281 se‘creta
801 1201 1068 1309 capitrdiorum
1086 1200 1325 1291 revelassent3
1338 1199 1518 1279 fratribus
1536 1199 1745 1308 presbiteris

340 1363 471 1413 eorum
497 1333 773 1412 confitebantur
794 1349 951 1439 propter
975 1340 1196 1436 potestatem
1222 1360 1338 1438 quarn
1360 1328 1556 1408 habebant
1577 1358 1623 1407 ex
1645 1331 1750 1438 pn'vi·

335 1466 443 1573 legiis
467 1493 581 1571 super
600 1492 683 1554 eos,
705 1462 868 1540 etmulti
888 1461 1164 1540 confitebantur
1181 1460 1431 1551 secularibus,
1453 1488 1526 1538 nec
1542 1459 1638 1538 vidit
1655 1461 1750 1539 inhi-

335 1596 417 1673 beri
437 1595 531 1702 quin
551 1611 705 1700 possent
723 1593 893 1672 confiteri
914 1592 1154 1671 secularibus.
1173 1592 1214 1670 si
1234 1608 1341 1669 erant
1361 1590 1481 1699 aliqui
1503 1591 1661 1671 scientes
1683 1592 1748 1669 ali·

335 1726 442 1832 quod
464 1724 607 1802 malum
632 1753 712 1801 esse
738 1725 778 1800 in
803 1724 953 1812 ordine,
984 1721 1082 1800 mado
1106 1722 1278 1800 secenmt
1299 1722 1490 1829 quianon
1513 1740 1747 1801 correxerunt

335 1884 405 1932 nec
422 1855 741 1932 denunciaverunt
758 1853 934 1932 Ecclesia.
953 1852 1167 1933 Elemosine
1186 1870 1224 1931 et
1239 1851 1475 1958 hospitalitas
1492 1852 1747 1930 convenienter

335 1984 575 2063 servabantur
598 1985 637 2060 in
662 1984 795 2060 ordine
819 1982 1073 2089 ineliquibns
1097 1981 1290 2070 domibus,
1317 1998 1356 2059 et
1381 1981 1423 2057 in
1446 1981 1640 2089 aliquibus
1663 2010 1748 2061 non.

336 2115 408 2189 Per
426 2113 529 2190 nefas
549 2141 625 2188 non
644 2129 817 2217 poterant
838 2113 1035 2219 anquirere
1056 2112 1198 2205 ordini,
1224 2140 1294 2188 nec
1321 2140 1367 2188 ex
1386 2111 1460 2189 hoc
1486 2110 1685 2219 degerere3
1708 2112 1750 2192 de

339 2244 420 2329 die,
432 2242 544 2320 missa
557 2243 604 2320 de
618 2243 754 2322 Sancto
772 2243 914 2348 Spiritu
927 2242 1126 2331 celebrata,
1149 2242 1246 2319 clam
1262 2241 1357 2319 vidit
1374 2241 1498 2319 teneri
1512 2269 1652 2321 eorum
1663 2243 1752 2351 oapi-

335 2373 448 2461 tulia,
470 2373 585 2451 nullis
605 2372 849 2451 existentibus
867 2372 939 2455 nisi
958 2371 1136 2451 [renibus
1150 2372 1306 2450 ordinis.
1317 2370 1432 2466 Quod
1448 2401 1612 2480 magnus
1626 2375 1752 2482 Magis·

336 2521 395 2581 ter
421 2533 507 2580 cum
533 2523 718 2581 conventu
748 2532 819 2581 suo
844 2503 1058 2592 ordinabat,
1080 2504 1295 2581 servabatur
1312 2504 1354 2580 in
1370 2519 1453 2581 toto
1472 2504 1621 2582 ordine.
1643 2505 1752 2586 Gran·

337 2633 400 2710 dia
419 2633 591 2730 scandala
614 2650 742 2710 contra
766 2633 945 2738 ordinem,
964 2651 1055 2712 sunt
1073 2649 1198 2710 exorta
1221 2647 1375 2740 propter
1397 2632 1561 2742 illaque
1580 2635 1751 2715 dicuntur

338 2781 465 2842 contra
480 2793 582 2842 eum.
600 2762 752 2841 Audivit
765 2791 944 2870 magnum
959 2763 1179 2871 Magistrum
1194 2779 1233 2840 et
1247 2762 1396 2868 aliquos
1409 2762 1505 2841 alios
1520 2782 1748 2872 preceptores

339 2911 465 2970 contra
484 2895 658 2972 ordinem
678 2895 823 3001 aliquos
844 2920 1006 2986 errores,
1032 2893 1152 2972 nescit
1169 2920 1282 3000 quos,
1303 2891 1418 2971 fuisse
1439 2893 1634 2975 confessos.

394 3023 505 3115 Item,
543 3025 746 3128 requisitus
788 3025 819 3101 si
849 3023 903 3102 sic
937 3024 1162 3130 deposuerat
1196 3049 1323 3130 prece,
1361 3042 1561 3130 precepto,
1598 3026 1749 3113 timore,

340 3180 484 3237 amore,
511 3152 616 3241 odio,
643 3153 702 3228 vel
725 3153 922 3260 temporali
939 3154 1101 3232 comodo
1120 3153 1251 3233 habito
1269 3153 1330 3235 vel
1348 3153 1545 3243 habendo,
1565 3156 1755 3264 respondit

341 3282 444 3388 quod
463 3309 555 3369 non,
577 3280 644 3357 sed
664 3311 732 3387 pro
752 3283 904 3360 veritate
925 3284 1092 3362 dicenda.
1116 3281 1188 3363 Cui
1211 3282 1284 3361 fuit
1310 3284 1514 3389 inpositum
1538 3315 1611 3391 per
1635 3288 1756 3365 domi·

344 3440 413 3488 nos
429 3412 718 3499 commissarios,
740 3413 779 3488 in
806 3413 943 3491 virtute
959 3414 1166 3521 juramenti
1190 3413 1335 3520 prestiti
1353 3443 1422 3522 per
1443 3415 1624 3505 cundem,
1645 3418 1751 3521 quod

312 3529 613 3619 ‘non-revelaret
632 3542 727 3619 hanc
746 3572 853 3620 suam
878 3544 1157 3650 deposicionem
1177 3571 1376 3652 pinusque
1399 3542 1650 3621 attestaciones
1667 3543 1752 3622 fue-

341 3673 416 3748 rint
434 3670 634 3779 pnblicate.
696 3746 697 3750 ,

397 3933 549 4010 Eisdem
567 3934 628 4011 die
645 3952 683 4011 et
696 3935 797 4021 loco,
816 3934 889 4012 suit
902 3937 1087 4015 adductus
1105 3939 1153 4015 ad
1168 3940 1399 4044 presenciam
1415 3939 1642 4017 eorumdem
1657 3967 1753 4018 com·

342 4064 596 4143 missariorum
629 4065 742 4142 frater
773 4069 905 4145 Petrus
935 4068 982 4146 de
1011 4069 1114 4146 Bocli
1147 4070 1272 4160 miles,
1297 4071 1557 4150 Noviomensis
1582 4072 1750 4161 diocesis,

341 4196 463 4273 socius
482 4197 602 4274 fratris
622 4198 791 4303 Hugonis
809 4199 856 4276 de
877 4200 1035 4279 Peraldo
1053 4201 1267 4290 visitatoris,
1285 4203 1390 4280 testis
1406 4232 1520 4309 snpra
1532 4204 1697 4310 juratus,
1715 4219 1752 4279 ut

341 4323 546 4429 deponeret
560 4330 703 4406 dictum
719 4358 850 4416 snum,
867 4358 945 4406 non
958 4330 1131 4409 deferens
1143 4331 1366 4410 mantellum
1375 4332 1533 4424 ordinis,
1550 4334 1642 4439 quia
1657 4331 1751 4411 dimi·

335 4475 437 4533 serat
454 4458 576 4563 ipsum
598 4477 683 4537 ante
704 4461 918 4567 capcionem
935 4491 1057 4556 suam,
1073 4480 1160 4570 post
1176 4464 1395 4570 capcionem
1411 4464 1592 4556 aliorum,
1610 4482 1650 4542 et
1663 4462 1750 4542 fecc-

340 4604 396 4662 rat
410 4587 481 4664 sibi
504 4590 584 4665 radi
603 4591 759 4668 barbam
781 4620 903 4682 suam,
926 4622 973 4669 ne
998 4612 1301 4700 cognosceretur3
1322 4610 1361 4672 et
1383 4593 1506 4672 fuerat
1528 4594 1748 4672 examinatus

340 4742 406 4817 per
420 4716 619 4792 dominum
636 4722 852 4826 episcopum
863 4723 1163 4811 Noviomensem,
1176 4741 1215 4802 et
1228 4723 1425 4804 absolutus
1439 4742 1477 4802 et
1495 4725 1744 4803 reconciliatus

339 4870 408 4949 per
433 4842 631 4921 dominum
651 4851 969 4958 archiepiscopum
989 4857 1230 4943 Remensem,
1253 4871 1292 4932 et
1314 4872 1393 4931 erat
1413 4856 1521 4934 etatis
1540 4883 1626 4935 xxvi
1643 4832 1743 4931 anno·
