4080 6052
691 540 885 634 snocns
911 557 1007 632 nus
1033 558 1337 634 rnnnmnns.
1651 560 1724 631 sn

303 707 418 783 fuisse
438 704 649 810 injunctum
670 701 710 776 in
726 699 946 807 recepcione
964 725 1036 779 sua
1057 700 1106 778 ‘ne
1122 700 1322 779 revelleret
1338 714 1478 776 secreta
1496 697 1641 775 ordinis
1658 726 1728 775 nec

304 835 461 913 modurn
483 831 729 939 recepcionis,
754 848 795 909 et
818 831 849 909 si
871 809 1127 922 revellassent,
1143 833 1263 909 credit
1284 831 1389 938 quod
1405 829 1564 907 luissent
1586 831 1726 934 puniti,

305 966 371 1044 sed
390 964 508 1040 nescit
532 963 562 1040 si
590 964 639 1039 ad
668 988 854 1040 carcerem
878 960 937 1038 vel
964 962 1012 1038 ad
1032 980 1210 1054 mortem3
1232 963 1302 1039 alia
1331 961 1425 1038 dixit
1449 990 1487 1036 se
1513 962 1654 1038 nescire
1681 961 1728 1036 de

306 1095 489 1175 contentis
505 1094 546 1170 in
561 1093 653 1200 ipsis
672 1091 862 1183 articulis.»

361 1227 477 1312 ltem,
500 1222 549 1301 ad
570 1248 682 1300 cxxur
701 1219 900 1327 respondit
918 1248 958 1297 se
978 1221 1122 1299 nescire
1147 1223 1252 1329 quod
1272 1221 1533 1329 injungeretur
1552 1219 1729 1298 fratribus

307 1354 412 1460 quod
431 1380 510 1431 non
530 1351 801 1428 confiterentur
820 1348 892 1427 nisi
915 1348 1092 1428 fratribus
1110 1350 1368 1430 sacerdotibus
1384 1349 1539 1425 ordinis.

363 1483 473 1571 Item,
496 1481 545 1559 ad
560 1506 700 1568 numi,
722 1504 744 1558 v
771 1496 809 1555 et
830 1504 866 1558 vr
888 1480 1083 1585 respondit
1099 1509 1138 1558 se
1159 1480 1313 1557 credere
1331 1495 1507 1554 oontenta
1523 1478 1562 1552 in
1579 1479 1632 1554 eis
1650 1507 1729 1557 esse

306 1602 402 1689 vera.
556 1618 560 1622 ’

361 1743 473 1831 ltem,
496 1739 544 1816 ed
564 1763 683 1817 cusu
704 1755 742 1816 et
758 1763 860 1817 xvnn
879 1755 1081 1843 sequentes
1102 1737 1298 1843 respondit
1316 1766 1356 1814 se
1375 1737 1519 1814 nescire
1541 1737 1611 1815 nisi
1627 1739 1732 1843 quod

309 1900 421 1977 supra
441 1869 628 1977 deposuit.
984 1952 988 1960 Ι

366 2003 477 2092 Item,
505 1998 555 2075 ad
577 2025 675 2078 xcvu
705 1996 904 2104 respondit
927 2025 966 2074 se
993 2024 1072 2075 non
1090 1996 1207 2075 luisse
1237 1998 1276 2074 in
1301 1997 1425 2104 aliqua
1452 1998 1567 2075 domo
1587 1999 1731 2075 ordinis

311 2135 351 2208 in
379 2159 454 2236 qua
480 2156 557 2206 non
581 2128 717 2204 fierent
741 2127 1006 2205 convenienter
1033 2126 1255 2220 elemosine,
1284 2146 1322 2205 et
1344 2128 1577 2234 hospitalitas
1601 2157 1733 2206 conve·

311 2263 459 2347 nienter
478 2258 695 2336 servabatur
714 2256 869 2333 ibidem.

366 2392 478 2479 Item,
499 2389 547 2464 ad
569 2412 697 2471 xcvnr,
718 2412 797 2466 vnn
824 2399 863 2462 et
887 2409 907 2462 c
928 2383 1123 2489 respondit
1143 2385 1249 2491 quod
1264 2385 1543 2490 precipiebatur
1556 2388 1733 2465 lintribus
1844 2392 1848 2399 ’

311 2521 416 2628 quod
435 2519 535 2596 licite
556 2516 792 2623 acquirerent
817 2515 962 2605 ordini,
990 2514 1037 2593 dc
1068 2513 1149 2592 aliis
1174 2516 1362 2592 contentis
1390 2517 1429 2593 in
1456 2516 1546 2622 ipsis
1570 2512 1733 2594 articulis

312 2651 405 2727 dixit
423 2677 463 2726 se
484 2646 600 2724 nichil
619 2645 726 2722 scire.
825 2659 848 2730 ,’
1158 2750 1163 2758 ¹

367 2783 478 2868 Item,
506 2778 554 2855 ad
576 2802 666 2856 oevi
695 2774 903 2880 respondit,
925 2790 969 2849 ut
992 2800 1121 2879 supra,
1144 2775 1248 2881 qnod
1270 2774 1365 2851 elam
1385 2775 1612 2853 tenebantur
1635 2778 1733 2883 capi-

312 2909 391 2986 tula
409 2907 566 2985 exclusis
581 2904 759 2982 omnibus
773 2904 840 3010 qui
856 2929 933 2982 non
952 2920 1058 2980 erant
1072 2903 1121 2980 de
1139 2904 1289 2993 ordine,
1303 2923 1341 2982 et
1354 2905 1556 3012 aliquando
1573 2906 1734 2984 Parisios

314 3041 361 3116 de
381 3055 489 3115 nocte
507 3036 565 3114 vel
576 3036 672 3112 circa
683 3034 912 3141 principium
923 3034 1018 3125 diei,
1040 3050 1085 3110 nt
1095 3033 1236 3111 audivit
1251 3034 1336 3111 dici.
1403 3085 1405 3088 <

370 3170 481 3256 Item,
491 3167 540 3243 ad
551 3192 679 3245 cun-m
694 3164 890 3270 respondit
903 3191 943 3240 se
956 3191 1034 3241 non
1050 3164 1204 3241 credere
1216 3181 1390 3243 contenta
1402 3167 1441 3242 in
1456 3166 1509 3243 eis
1522 3166 1710 3245 esseuera.

370 3300 480 3385 ltem,
502 3313 676 3375 contenta
691 3296 731 3370 in
752 3321 823 3372 oxu
841 3312 880 3371 et
894 3321 960 3372 xm
985 3293 1182 3400 respondit
1198 3322 1238 3372 se
1259 3296 1411 3374 credere
1430 3324 1517 3388 vera
1534 3326 1625 3374 esse.

368 3429 478 3514 Item,
500 3452 615 3531 super
631 3423 816 3501 contentis
833 3423 872 3500 in
892 3451 993 3503 omn
1014 3440 1053 3503 et
1071 3424 1320 3531 sequentibus
1342 3425 1520 3503 omnibus
1540 3425 1735 3530 respondit

314 3585 353 3633 se
377 3556 530 3634 credere
559 3555 666 3661 quod
694 3553 785 3632 dicti
810 3581 956 3631 errores
975 3552 1172 3631 confessati
1192 3581 1261 3659 per
1278 3583 1367 3631 enm
1386 3554 1612 3660 incepissent
1631 3571 1735 3630 ante-
1821 3549 1825 3556 ’

314 3714 426 3791 quam
456 3687 534 3790 ipse
562 3686 719 3761 intraret
743 3684 934 3786 ordinem,
963 3683 1032 3761 sed
1060 3683 1180 3762 nescit
1213 3684 1366 3789 quando
1395 3685 1617 3789 inceperunt
1644 3683 1733 3759 dicti

318 3839 474 3897 errores,
488 3840 558 3888 nec
569 3811 675 3917 quod
689 3810 825 3916 aliquis
836 3830 990 3917 propter
1001 3811 1175 3889 feditates
1184 3813 1369 3917 predictas
1382 3812 1555 3890 ordinem
1569 3812 1732 3897 exiverit,

317 3970 385 4018 nec
405 3942 510 4045 quod
529 3939 701 4017 scandala
720 3941 795 4018 sint
815 3957 952 4028 exorta;
975 3940 1095 4018 credit
1113 3959 1240 4023 tamen
1260 3943 1364 4048 quod
1380 3943 1444 4020 illo
1463 3971 1538 4048 que
1561 3942 1736 4048 deposuit

317 4087 457 4150 servata
483 4069 598 4147 firisse
622 4069 662 4145 in
687 4069 905 4174 recepcione
929 4098 998 4146 sun
1018 4088 1144 4147 essent
1168 4088 1256 4148 notu
1279 4072 1380 4149 inter
1402 4071 1534 4148 fratres
1559 4073 1648 4149 dicti
1676 4099 1737 4148 or·

318 4202 431 4290 dinis,
451 4201 519 4278 sed
540 4229 617 4278 non
637 4200 736 4277 inter
759 4216 969 4286 extraneos,
993 4216 1031 4275 et
1050 4199 1193 4278 audivit
1214 4200 1287 4279 dici
1307 4202 1524 4311 Magistrum
1545 4218 1585 4278 et
1606 4202 1736 4308 plures

318 4330 409 4408 alios
434 4331 576 4408 multos
604 4356 750 4406 errores
779 4345 907 4405 contra
926 4327 1099 4407 ordinem
1125 4328 1240 4407 fuisse
1260 4327 1468 4419 confessos,
1489 4330 1561 4407 elia
1581 4331 1628 4409 de
1648 4359 1737 4409 oon·

316 4460 432 4535 tentis
448 4461 487 4535 in
506 4459 597 4565 ipsis
616 4457 781 4535 articulis
798 4457 892 4535 dixit
906 4486 945 4536 se
965 4459 1120 4555 nescire.
1470 4472 1473 4477 ’

375 4587 803 4695 ltem,requisitussisic
813 4587 1118 4696 deposuitprece,
1126 4592 1316 4697 precepto,
1325 4591 1473 4681 timore,
1484 4619 1624 4679 amore,
1633 4591 1733 4680 odio,

319 4718 517 4795 ccmmodo
540 4718 739 4825 temporali
762 4717 892 4795 habito
911 4717 970 4795 vel
994 4718 1188 4808 habendo,
1209 4720 1531 4829 respondit'quod
1551 4747 1647 4813 non,
1668 4720 1736 4798 sed

321 4875 390 4951 pro
413 4849 568 4925 veritate
588 4848 757 4927 dicenda.
779 4847 852 4927 Cui
876 4848 1122 4957 injunxerrmt
1140 4848 1230 4935 dicti
1250 4848 1393 4931 domini
1412 4851 1675 4939 commissarii,
1697 4851 1737 4925 in
