4080 6052
530 525 604 600 ns
656 530 664 549 =
914 501 1109 609 rancus
1134 520 1228 593 nus
1253 516 1556 591 ruurunns

529 664 819 752 commissarios,
838 663 877 739 in
896 664 1034 741 virtute
1046 658 1249 769 juramenti
1267 658 1412 765 prestiti
1435 686 1505 762 per
1530 655 1714 746 eundem,
1740 652 1851 760 quod
1874 679 1952 727 non

529 794 724 889 revellaret
750 795 848 871 hanc
872 820 979 870 suam
999 790 1279 898 deposicionem
1305 815 1504 895 quousque
1530 782 1790 863 attestaciones
1810 781 1954 858 suerint

531 926 731 1033 publioate.

587 1188 741 1265 Eisdem
761 1185 822 1263 die
848 1203 886 1263 et
910 1186 993 1263 loco
1018 1184 1091 1269 suit
1110 1183 1297 1263 adductus
1316 1182 1365 1260 ad
1383 1176 1866 1287 presenciameorumdem
1885 1177 1963 1253 do·-

532 1318 724 1394 minornm
751 1292 1093 1394 commissariorum
1112 1314 1224 1392 frater
1241 1314 1464 1421 Raynandus
1485 1313 1531 1389 de
1549 1309 1645 1388 Vilia
1665 1310 1837 1387 Mostrue
1860 1305 1953 1382 Alti-

534 1447 762 1525 siodorensis
782 1447 957 1537 diocesis,
979 1447 1158 1534 serviens,
1178 1444 1283 1523 testis
1294 1471 1414 1549 supra
1428 1442 1593 1548 juratus,
1612 1458 1656 1517 ut
1671 1441 1882 1545 deponeret
1896 1437 1952 1514 di·

535 1593 638 1652 ctum
668 1604 798 1666 suum3
829 1592 866 1651 et
894 1603 969 1651 non
995 1574 1202 1652 defferebat
1224 1567 1447 1651 mantellum
1470 1570 1628 1660 ordinis,
1652 1569 1743 1676 quia
1764 1566 1953 1645 dimiserat

535 1707 658 1812 ipsum
677 1705 715 1781 in
736 1705 893 1783 concilio
916 1705 1141 1794 senonensi,
1166 1720 1204 1781 et
1228 1703 1308 1780 radi
1329 1702 1467 1786 fecerat
1491 1702 1561 1778 sibi
1580 1700 1755 1792 barbam,
1781 1697 1949 1776 suasione

537 1836 718 1915 Johannis
738 1836 786 1913 de
806 1834 1002 1924 Yemvilla,
1028 1853 1072 1914 ut
1097 1835 1206 1923 dixit,
1232 1851 1270 1911 et
1294 1832 1417 1911 suerat
1439 1863 1526 1910 cum
1551 1861 1595 1909 eo
1622 1830 1845 1938 inquisitum
1864 1828 1952 1905 alias

533 1995 603 2073 per
624 1965 1064 2072 dominum-episcopum
1082 1964 1390 2043 Aurelianensem
1413 1961 1589 2053 Senonis,
1615 1962 1706 2038 sede
1726 1975 1896 2050 vacante,
1919 1977 1954 2035 et

537 2094 731 2173 absolutus
749 2113 787 2173 et
802 2097 1062 2182 reconciliatus
1081 2125 1150 2202 per
1170 2125 1280 2173 eum:
1303 2112 1340 2172 et
1360 2112 1440 2172 erat
1461 2093 1566 2170 etatis
1586 2092 1733 2168 circiter
1751 2117 1828 2173 xxx
1844 2118 1955 2167 anno-

514 2254 639 2315 rnm,
659 2243 703 2301 ut
722 2225 830 2315 dixin
853 2225 960 2302 lectis
985 2244 1111 2303 autem
1138 2243 1175 2302 et
1198 2225 1399 2332 diligenter
1417 2222 1494 2301 sibi
1519 2221 1696 2328 expositis
1718 2220 1901 2298 omnibus
1921 2237 1955 2295 et

537 2355 695 2462 singulis
717 2355 897 2445 articulis,
918 2358 1114 2463 respondit
1138 2358 1186 2434 ad
1204 2385 1287 2448 eos,
1308 2372 1347 2433 et
1369 2355 1493 2461 primo
1517 2354 1566 2430 ad
1584 2352 1729 2458 primos
1747 2379 1820 2441 nu,
1841 2368 1886 2429 ut
1902 2378 1955 2427 se·

537 2487 667 2593 quitur
679 2519 697 2565 c

592 2618 830 2697 Videlicetse
851 2618 1005 2697 credere
1020 2621 1124 2725 quod
1140 2618 1202 2696 alii
1221 2619 1479 2725 reciperentur
1493 2617 1748 2722 communiter
1766 2616 1864 2694 sicut
1881 2616 1957 2721 ipse

537 2746 659 2831 fuerat
678 2763 866 2853 receptus,
891 2748 960 2825 sed
978 2747 1166 2829 nesciebat
1184 2749 1273 2839 hoc,
1295 2748 1384 2855 quia
1408 2756 1492 2826 non'
1506 2742 1628 2825 suerat
1649 2747 1690 2823 in
1712 2747 1860 2836 ordine,
1883 2745 1953 2821 nisi

538 2903 572 2951 xi
589 2877 807 2981 septimanis
823 2894 909 2956 ante
926 2907 1058 2956 eorum
1080 2879 1311 2986 capcionem,
1333 2896 1376 2957 ut
1394 2879 1505 2967 dixit,
1524 2892 1593 2955 neo
1604 2877 1822 2955 interfuerat
1834 2903 1955 2980 recep

537 3005 710 3083 cionibus
733 3007 891 3084 aliorum
919 3037 989 3087 nec
1016 3010 1199 3116 capitulis
1212 3040 1357 3089 eorum.
1384 3011 1466 3117 lpse
1490 3028 1618 3087 autem
1642 3008 1767 3087 fuerin
1786 3023 1956 3114 receptus

540 3139 577 3212 in
601 3138 758 3215 modum
784 3140 1076 3246 infrascriptum,
1102 3172 1169 3248 per
1198 3142 1350 3220 fratrem
1375 3142 1625 3222 Guillelmum
1655 3141 1704 3218 de
1732 3144 1845 3231 lans,
1870 3157 1958 3217 tunc

539 3286 798 3374 preceptorem
819 3272 865 3347 de
886 3271 982 3350 Villa
1007 3274 1189 3363 Mostrue,
1217 3275 1256 3349 in
1284 3274 1422 3380 capella
1448 3275 1544 3352 dicte
1565 3276 1717 3364 domus,
1734 3273 1808 3349 ¹die
1830 3271 1958 3349 Domi-

540 3399 620 3474 nica
641 3417 724 3477 ante
748 3399 885 3478 festum
912 3405 1148 3509 Magdalene,
1173 3406 1409 3510 presentibus
1430 3405 1608 3484 fratribus
1632 3405 1766 3481 dorico
1791 3403 1839 3478 de
1866 3401 1958 3476 Ani-

539 3531 652 3622 siaco,
679 3531 886 3610 Guillelmo
906 3536 1059 3626 Botton,
1075 3535 1281 3614 Guillelmo
1299 3536 1334 3613 le
1354 3537 1539 3644 Gagneor,
1562 3537 1745 3613 Johannes
1762 3533 1809 3610 de
1828 3551 1956 3609 sancto

539 3662 705 3739 Romano
740 3664 1007 3757 servientibus;
1044 3696 1131 3742 cum
1161 3667 1263 3744 enim
1296 3669 1374 3774 ipse
1403 3668 1524 3759 testis,
1557 3668 1662 3744 flexis
1690 3663 1866 3773 genibus,
1894 3693 1959 3770 pe-

538 3791 662 3868 ciisset
683 3821 703 3868 a
729 3793 828 3870 dicto
853 3813 1045 3903 receptore
1070 3827 1206 3904 panem
1233 3815 1269 3875 et
1297 3828 1448 3905 aquam,
1476 3816 1513 3875 et
1535 3799 1714 3876 vestitum
1737 3795 1898 3888 ordinis,
1925 3814 1959 3871 et

540 3922 660 3998 dictus
681 3943 851 4031 receptor
872 3926 1023 4004 dixisset
1049 3929 1082 4004 ei
1110 3931 1225 4034 quod·
1240 3931 1449 4007 adverteret
1473 3932 1575 4038 quod
1600 3928 1769 4035 petebat,
1792 3957 1881 4005 nam
1903 3954 1958 4004 res

539 4081 670 4160 magna
687 4073 766 4132 erat
777 4055 950 4134 abdicare
971 4087 991 4133 a
1011 4087 1049 4135 se
1070 4060 1259 4164 propriam
1279 4061 1529 4151 voluntatem,
1547 4078 1585 4137 et
1603 4087 1642 4138 se
1656 4058 1841 4135 voluntati
1860 4057 1957 4136 subi-

539 4210 622 4257 cere
649 4183 786 4278 aliene,
813 4204 850 4263 et
872 4205 1064 4292 oporteret
1088 4217 1177 4265 eum
1197 4190 1236 4266 in
1257 4191 1390 4267 ordine
1411 4191 1529 4267 multa
1555 4218 1669 4266 onera
1694 4190 1899 4280 sustinere,
1924 4203 1958 4262 et

540 4314 616 4418 ipse
639 4318 894 4422 respondisset
912 4347 951 4395 se
972 4337 1143 4425 paratum
1164 4322 1288 4399 omnia
1308 4339 1545 4429 supportare,
1565 4322 1676 4398 traxit
1695 4349 1734 4397 se
1755 4322 1804 4398 ad
1820 4338 1957 4426 partem

538 4444 660 4521 dictus
679 4466 850 4554 receptor
870 4479 956 4526 cum
977 4450 1059 4528 aliis
1080 4450 1273 4543 fratribus,
1296 4470 1434 4529 etcum
1450 4452 1608 4530 fuissent
1625 4452 1837 4530 adinvicem
1856 4449 1957 4528 collo

539 4574 630 4665 cuti,
650 4579 791 4653 vocavit
811 4579 934 4657 dictus
954 4599 1125 4686 receptor
1145 4582 1270 4688 ipsum
1288 4600 1443 4675 testem,
1466 4601 1599 4690 petens
1619 4582 1665 4658 ab
1685 4609 1732 4657 eo
1753 4583 1784 4659 si
1801 4580 1956 4659 habebat

538 4702 588 4776 ita
608 4702 746 4784 bonam
771 4707 1017 4800 voluntatem,
1040 4729 1084 4787 ut
1103 4713 1222 4818 prius,
1248 4715 1296 4790 ad
1320 4714 1612 4820 ingrediendum
1634 4712 1859 4818 religionem
1876 4735 1953 4817 pre·

540 4830 694 4918 dictam,
724 4851 761 4910 et
785 4862 831 4911 eo
856 4841 1107 4943 respondente
1131 4844 1237 4948 quod
1261 4840 1444 4932 sic,'secit
1463 4871 1553 4922 eum
1577 4870 1710 4919 vovere
1736 4845 1949 4928 castitatem,
