4080 6052
316 525 389 595 crs
681 504 901 598 raucas
928 523 1022 595 nss
1047 523 1342 597 rrurcraas.

314 666 370 741 vel
391 667 501 752 circa,
534 664 573 739 in
601 664 767 769 generali
793 663 956 770 capitulo
980 663 1141 740 Parisius
1168 663 1375 754 celebrato,
1406 661 1553 769 inquo
1582 663 1740 768 capitulo

315 795 515 873 adsueram
535 794 631 872 circa
651 795 803 872 ducenti
823 794 972 881 iratres,
993 793 1032 869 in
1052 822 1218 900 quorum
1240 793 1434 901 presencia
1455 792 1633 899 predicta
1650 795 1740 872 dicta

313 926 406 1003 facta
422 925 593 1015 fuerunt;
610 927 709 1003 inter
720 954 817 1032 quos
832 940 938 1002 erant
954 921 1085 1001 fratres
1097 909 1209 1031 Hugo
1225 925 1273 1001 de
1288 923 1502 1012 Penrand0,
1521 921 1736 1003 Gaucherus

316 1058 362 1132 de
384 1058 604 1145 Liencourt,
632 1055 872 1135 Guaufredus
891 1054 927 1130 le
947 1055 1131 1162 Berroyer
1150 1072 1347 1162 preceptor
1371 1072 1465 1132 tunc
1488 1055 1731 1148 Normannie,¹

314 1187 546 1267 Humbertus
576 1188 624 1263 de
650 1205 776 1264 sancto
804 1186 906 1264 Jorio
933 1201 1131 1293 preceptor
1154 1185 1464 1273 Cathalanensis,
1491 1185 1603 1263 testis
1631 1215 1736 1292 supra

315 1319 566 1406 examinatus,
590 1336 627 1395 et
645 1319 754 1427 Hugo
776 1317 823 1395 de
846 1316 1028 1396 Cabilone
1056 1332 1252 1424 preceptor
1274 1316 1321 1393 de
1343 1315 1501 1421 Spalhi,
1522 1314 1593 1425 qui
1611 1315 1736 1427 affligit

314 1448 465 1555 quando
483 1449 546 1526 alii
567 1449 662 1554 capti
681 1448 850 1540 luerunt,
871 1447 1030 1538 milites3
1046 1445 1268 1552 Radulphus
1286 1446 1333 1522 de
1349 1444 1428 1524 Gisi
1449 1461 1625 1551 receptor
1637 1446 1736 1524 Cam·

314 1580 442 1684 panis,
458 1582 646 1657 lohannes
664 1579 710 1655 de
725 1581 857 1655 Turno
870 1577 1123 1655 thesaurarius
1142 1576 1290 1684 Templi
1310 1576 1493 1667 Parisius,
1510 1574 1731 1654 Guillelmus

315 1709 361 1784 de
385 1711 548 1816 Arbleyo
583 1708 868 1791 elemosinarius
892 1707 1037 1785 domini
1069 1707 1202 1816 Regis,
1233 1724 1347 1784 testes
1374 1735 1492 1813 supra
1524 1707 1725 1797 examinati,

189 1821 192 1828 Ι
307 1841 526 1940 servientes.
545 1842 656 1927 Item,
672 1841 765 1917 vidit
784 1867 851 1945 per
866 1839 1010 1916 dictum
1024 1837 1177 1915 fratrem
1192 1839 1393 1944 Hugonem
1408 1840 1458 1915 de
1472 1838 1664 1914 Penrando
1677 1865 1730 1914 re·

314 1973 401 2076 cipi,
428 1972 467 2048 in
494 1971 656 2077 capitulo
680 1970 843 2076 generali
870 1969 1053 2061 Parisius,
1083 1987 1171 2047 sunt
1193 1997 1227 2049 vr
1248 1969 1335 2046 anni
1355 1970 1415 2045 vel
1442 1969 1560 2056 circa,
1588 1967 1732 2044 fratrem

312 2101 560 2209 Baudoynum
590 2101 804 2207 dePyceyo
833 2098 1018 2189 militem,
1047 2099 1309 2177 Ambianensis
1335 2098 1522 2189 diocesis,
1551 2115 1590 2174 et
1609 2096 1732 2176 adluc-

313 2249 402 2306 runt
426 2231 515 2308 dicti
543 2247 724 2336 receptor,
746 2230 1018 2323 thesaurarius,
1044 2229 1349 2318 elemosinarius,
1374 2246 1413 2305 et
1439 2230 1482 2305 in
1502 2257 1640 2306 eorum
1658 2257 1732 2334 pre·

314 2365 435 2440 sancia
455 2364 621 2469 predicta
640 2361 739 2438 licita
759 2380 797 2440 et
816 2361 942 2438 illicita
961 2379 1040 2439 acta
1059 2361 1234 2454 firerunt3
1261 2361 1330 2438 sed
1348 2390 1437 2438 crux
1455 2379 1537 2438 erat
1558 2362 1682 2468 lignea
1697 2362 1731 2437 in

312 2495 530 2601 recepcione
554 2494 742 2571 dictorum
768 2492 927 2569 fratrum
949 2492 1138 2599 badulphi
1164 2511 1202 2569 et
1220 2492 1428 2599 Bandoyni.
1449 2494 1566 2584 Item,
1590 2492 1680 2570 dixit
1696 2521 1730 2569 se

312 2655 379 2730 per
409 2627 586 2703 eumdem
616 2624 776 2702 modum
808 2624 991 2730 recepisse
1018 2623 1170 2706 fratrem
1197 2625 1417 2703 Gnidonem
1444 2624 1496 2701 de
1524 2626 1730 2734 Latigniaco

312 2757 438 2844 Sicco,
472 2757 511 2831 in
541 2755 681 2862 capella
708 2756 844 2832 domus
870 2755 1020 2861 Templi
1049 2755 1095 2832 de
1121 2755 1334 2862 Latigniaco
1360 2755 1491 2844 Sicco,
1524 2756 1619 2833 circa
1647 2784 1725 2831 me·

313 2888 413 2964 diam
437 2887 789 2994 Quadragessimam
810 2870 1148 2964 instantem⁹erunt
1171 2886 1318 2963 circiter
1346 2902 1430 2962 octo
1463 2887 1572 2975 anni,
1590 2913 1727 2993 presen-

311 3015 412 3092 tibus
442 3016 620 3093 lratribus
647 3016 803 3095 Daniele
836 3016 882 3094 de
916 3016 1078 3094 Parisius
1107 3017 1353 3124 presbytero,
1384 3018 1425 3093 P.
1461 3016 1512 3094 de
1542 3015 1726 3107 Sarcellis,

311 3163 405 3222 teste
433 3175 544 3251 snpra
574 3147 798 3237 examinato,
825 3146 1036 3224 Humberto
1059 3149 1107 3224 de
1130 3147 1311 3255 Caynei0‚
1337 3147 1405 3253 qui
1430 3146 1563 3256 affirgit
1582 3147 1728 3254 quando

311 3276 372 3350 alii
405 3276 657 3381 capiebantur,
686 3278 791 3367 vivis,
823 3294 865 3353 ut
897 3277 1035 3367 credit,
1064 3295 1103 3355 et
1131 3277 1339 3358 Guillelmo
1370 3277 1489 3355 Grant
1516 3278 1728 3384 quondam

312 3425 347 3482 et
372 3409 458 3511 quia
479 3407 601 3484 dictus
621 3407 732 3485 frater
762 3407 887 3488 Guido
914 3436 1037 3484 amare
1067 3409 1168 3485 flevit
1194 3409 1347 3516 quando
1372 3410 1537 3515 precepit
1565 3410 1599 3484 ei
1627 3410 1728 3513 quod

310 3539 509 3644 abnegaret
538 3540 718 3627 Jhcsum‚
749 3540 841 3615 dixit
874 3539 907 3613 ei
938 3540 1043 3644 qnod
1067 3541 1139 3616 hoc
1172 3541 1371 3646 oportebat
1398 3568 1481 3616 eum
1516 3538 1656 3622 facere,
1688 3557 1725 3612 et

309 3672 413 3775 quod
440 3700 515 3746 non
539 3669 782 3774 haberetpro
802 3668 920 3759 malo,
943 3669 1123 3774 quiahoc
1150 3689 1228 3746 erat
1252 3672 1299 3747 de
1324 3669 1470 3775 punctis
1492 3667 1658 3754 ordinis,
1690 3684 1726 3743 et

311 3801 390 3904 ipse
409 3801 511 3877 idem
529 3799 682 3892 lecerat3
706 3819 743 3877 et
760 3801 789 3876 si
810 3781 972 3888 volebat,
996 3818 1141 3905 poterat
1160 3802 1206 3877 de
1227 3802 1301 3878 hoc
1319 3801 1489 3877 confiteri
1513 3818 1551 3875 et
1568 3830 1726 3906 purgare

311 3932 575 4007 conscienciam
597 3961 714 4007 suam.
737 3933 1031 4036 Verumptamen
1057 3932 1105 4007 dc
1128 3932 1284 4006 crimine
1308 3931 1534 4007 sodomitico
1559 3959 1637 4008 non
1663 3931 1728 4008 luit

308 4061 454 4139 locutus
480 4063 622 4151 eidem,
654 4089 722 4137 nec
750 4061 868 4137 credit
895 4062 1000 4166 quod
1024 4061 1063 4135 in
1097 4062 1229 4138 ordine
1258 4062 1561 4138 committeretur
1588 4062 1726 4138 dictum

254 4238 256 4243 ·
310 4194 472 4282 crimen,
495 4222 563 4267 nec
582 4193 686 4297 qnod
706 4192 833 4267 fierint
851 4191 921 4267 alie
942 4191 1279 4296 dogmatizaciones
1297 4191 1425 4268 illicite
1446 4220 1518 4267 nec
1538 4192 1727 4269 conculca-

308 4323 433 4397 ciones
453 4323 590 4411 crucis,
621 4350 689 4396 nec
713 4322 817 4426 quod
843 4321 1048 4397 adorabant
1070 4337 1210 4408 catum,
1237 4350 1306 4397 nec
1335 4322 1441 4426 quod
1465 4339 1593 4398 essent
1613 4324 1729 4399 incre-

310 4451 387 4526 duli
402 4453 653 4529 ecclesiasticis
669 4452 923 4541 sacramentis,
935 4450 1076 4556 quibus
1089 4451 1166 4555 ipse
1181 4452 1373 4542 credebat,
1391 4480 1461 4527 nec
1476 4454 1585 4558 quod
1599 4482 1727 4531 eorum

302 4583 509 4658 sacerdotes
527 4601 653 4658 contra
672 4583 834 4658 sormam
854 4581 1017 4658 Ecclesie
1041 4580 1296 4667 celebrarent,
1320 4609 1388 4657 nec
1405 4582 1513 4687 quod
1531 4585 1728 4661 crederent

303 4738 371 4784 nec
389 4712 493 4814 quod
514 4713 681 4788 dicerent
701 4713 806 4818 quod
827 4740 960 4788 eorum
982 4709 1065 4786 laici
1089 4729 1242 4816 possent
1262 4740 1326 4788 eos
1346 4710 1540 4790 absolvere
1561 4743 1583 4789 a
1603 4743 1726 4820 pecca·

301 4845 364 4933 tis;
387 4840 626 4917 absolvebant
643 4860 806 4918 tamena
832 4844 937 4946 penis
961 4842 1118 4931 ordinis,
1147 4860 1184 4918 et
1208 4843 1361 4950 quando
1386 4872 1522 4921 eorum
1544 4847 1720 4952 capitulia
