4080 6052
693 553 891 646 rnocts
916 568 1012 645 uus
1036 570 1338 646 rsursrcus.
1651 575 1724 645 sss

309 711 406 786 hsnc
446 737 551 787 suam
585 704 866 837 deppsicionem
901 729 1104 821 quousque
1127 714 1391 792 ottestaciones
1424 710 1566 788 luerint
1599 712 1726 816 publi-

310 860 400 921 cete.
595 861 598 867 '
669 868 675 877 “

365 974 454 1051 Acts
480 974 635 1053 luerunt
651 977 724 1053 bec
748 975 858 1055 dictis
883 968 953 1053 dio
972 990 1012 1052 ot
1036 974 1138 1064 loco,
1163 972 1402 1082 presentibus
1425 972 1604 1079 magistro
1621 970 1725 1047 Ami·

307 1104 379 1195 sio,
398 1128 461 1182 me
487 1106 741 1199 Florismonte
764 1104 981 1198 Dondedei,
1012 1122 1051 1183 et
1081 1105 1163 1184 aliis
1191 1105 1346 1183 neumis
1369 1131 1481 1210 supra
1499 1101 1636 1179 ultimo
1656 1128 1726 1177 no·

303 1237 468 1313 minatis.

365 1495 452 1571 Post
476 1497 563 1582 hec,
582 1493 644 1571 die
667 1495 792 1573 Saturi
806 1495 998 1602 sequenti,
1014 1520 1090 1598 que
1109 1494 1184 1570 fuit
1204 1519 1252 1572 xx
1280 1495 1362 1569 dies
1387 1494 1477 1570 dicti
1502 1494 1643 1570 mensis
1661 1495 1728 1568 Fe·

307 1620 465 1713 brunsii,
486 1621 560 1700 luit
585 1623 772 1701 adductus
797 1625 845 1701 ad
867 1622 1100 1731 presenciam
1124 1622 1350 1700 eommoem
1373 1622 1616 1700 dominorum
1632 1650 1728 1704 com·

307 1753 581 1843 missoriomm,
597 1754 639 1829 in
653 1753 770 1830 domo
789 1753 958 1860 predicto
973 1747 1132 1830 lectrum
1152 1753 1367 1839 Minorem,
1377 1751 1493 1828 frater
1505 1751 1727 1855 deulphus

308 1884 355 1960 ‹le
380 1883 566 1960 salicibus
595 1883 862 1959 leudunensis
882 1879 1057 1968 diocesis,
1078 1877 1262 1970 serviens,
1296 1879 1403 1957 testis
1427 1906 1539 1984 supra
1557 1879 1724 1986 juretus,

307 2028 352 2087 nt
379 2011 588 2117 deponeret
615 2009 760 2089 (lictum
780 2034 909 2099 suum,
929 2010 1248 2117 quadragenarius
1274 2009 1332 2088 vel
1363 2008 1477 2096 circs,
1500 2035 1576 2086 non
1608 2008 1726 2085 delle-

307 2169 393 2218 rens
423 2140 648 2218 mantellum
677 2141 836 2229 ordinis,
868 2139 958 2248 quie
982 2141 1111 2246 ipsum.
1126 2138 1319 2217 dimiserat
1345 2140 1385 2215 in
1422 2139 1580 2215 concilio
1607 2139 1726 2216 Seno-

307 2271 434 2362 nensi3
453 2271 698 2377 postmodum
726 2270 808 2348 rstli
833 2269 971 2348 lecerat
1000 2270 1072 2348 sibi
1097 2270 1266 2348 bsrbsm.
1283 2270 1385 2350 Cum
1400 2297 1477 2375 quo
1502 2268 1725 2374 inquisitum

300 2402 443 2505 ⁸foetus,
483 2402 682 2480 absolutos
714 2418 753 2479 et
784 2401 1046 2480 reconciliatus
1076 2427 1151 2508 per·
1179 2400 1379 2479 dominnm
1409 2399 1630 2506 episcopum
1657 2400 1726 2476 Ps-

307 2532 514 2608 ritiensm
549 2531 671 2609 Lectis
706 2548 837 2609 sutem
868 2544 909 2607 et·
935 2530 1139 2640 diligenter
1171 2530 1349 2637 expositis
1376 2527 1451 2605 sibi
1478 2528 1656 2605 omnibus
1689 2545 1727 2603 et

307 2661 469 2768 singulis
483 2661 666 2752 articulis,
683 2661 881 2768 respoudit
898 2660 1190 2768 pmtestncione,
1209 2659 1362 2767 qundo
1376 2659 1516 2767 juravit
1537 2657 1648 2746 fecta,
1669 2685 1729 2734 re-

306 2793 440 2897 petito,
457 2818 496 2869 se
513 2791 657 2870 nescire
672 2791 791 2870 decis
804 2792 876 2868 nisi
888 2788 997 2898 quod
1006 2791 1180 2898 seqnitur
1195 2823 1203 2867 :
1220 2789 1394 2868 videlieet
1404 2818 1443 2867 se
1459 2788 1574 2896 recipi
1591 2787 1726 2865 vidisse

307 2921 345 2997 in
382 2922 522 3028 capella
560 2922 771 3001 visitatoris
808 2920 960 3028 Templi
1003 2920 1236 3009 Perisiensis,
1280 2921 1318 2996 in
1353 2918 1524 3026 proximo
1563 2918 1625 2995 die
1665 2917 1727 2994 Ci-

306 3076 442 3128 nerum
471 3067 585 3128 erunt
611 3067 774 3158 quatuor
795 3052 901 3140 enni,
930 3078 999 3158 per
1029 3050 1184 3129 fratrem
1205 3053 1406 3158 Hugcnem
1433 3049 1482 3125 de
1510 3047 1723 3134 Penrrndo,

306 3179 438 3258 iratres
468 3181 622 3259 Petrum
646 3180 695 3257 de
725 3180 821 3257 Sirri
850 3197 888 3258 et
915 3179 1131 3259 Geurdum
1151 3181 1200 3258 de
1220 3180 1355 3258 Costrcv
1379 3179 1482 3255 Novo
1504 3177 1644 3255 milites
1663 3178 1727 3283 ju·

305 3334 433 3400 verres,
447 3310 687 3417 presentibus
705 3309 889 3390 fratribus·
902 3308 1106 3417 Rndulpbo·
1121 3310 1169 3388 tle
1182 3308 1263 3389 Gisi
1287 3325 1481 3415 receptore
1502 3306 1722 3412 Campanis,

304 3456 400 3518 teste
432 3466 548 3549 suprs-
575 3439 803 3532 examinato,
831 3437 1010 3519 lobonne¹
1027 3439 1077 3519 de
1101 3438 1303 3518 Tortsvillc
1329 3455 1368 3517 et
1395 3439 1508 3514 Petro
1522 3435 1570 3514 de
1599 3437 1725 3513 Torta·

303 3569 389 3646 villa
422 3585 513 3648 tunc
546 3584 765 3677 preceptore
795 3569 932 3648 (lomus
954 3569 1106 3674 Templi
1133 3568 1361 3657 Parisiensis,
1391 3583 1429 3642 et
1454 3564 1649 3644 Nicolaum
1676 3565 1724 3641 de

305 3699 396 3775 Sars
420 3699 661 3788 seruientem,
679 3698 877 3775 Trecensis
894 3697 1071 3785 diocesis,
1094 3697 1135 3772 in
1161 3723 1313 3773 camera-
1334 3695 1473 3774 domns
1496 3695 1646 3802 Templi
1675 3695 1724 3771 de

306 3827 482 3905 Srnciacs
515 3827 688 3934 ejusdem
720 3825 896 3914 diocesis,
929 3850 999 3931 pes
1033 3824 1178 3905 dictum
1205 3824 1369 3903 frsuem'
1393 3825 1636 3934 deulphum
1675 3825 1723 3903 de

305 3958 410 4048 Gisi,
434 3984 504 4066 per
525 3957 621 4034 duas
643 3956 869 4062 septimsnss
892 3955 956 4033 vel
978 3955 1076 4033 circs
1100 3972 1187 4034 ente
1215 3957 1433 4064 ceptionem
1458 3986 1608 4046 eorum,
1636 3984 1724 4065 pre·

306 4088 478 4167 sentibus
497 4084 679 4164 fratribus
702 4086 867 4194 Symone
886 4084 1015 4163 deles
1036 4087 1276 4196 presbytero,
1299 4085 1493 4194 Stephano
1523 4086 1572 4165 de
1594 4086 1720 4174 Sensi,

304 4218 417 4298 Petro
437 4220 491 4297 cle
506 4216 682 4297 Sescellis
701 4233 922 4324 preceptore
955 4235 1049 4295 turre
1077 4219 1216 4296 domus
1241 4220 1457 4309 Trecentis,
1485 4236 1582 4297 teste
1611 4244 1722 4325 supro

306 4351 532 4438 examinato,
550 4345 816 4441 servientibus3
834 4347 875 4424 in
903 4374 1067 4456 (susorum
1088 4348 1391 4455 receptionibus,
1410 4347 1471 4425 vel
1486 4364 1590 4454 post,
1607 4346 1724 4427 nichil

305 4479 398 4554 vidit
428 4508 499 4556 nec
527 4479 634 4556 scivit
658 4477 832 4555 illicitum
861 4476 944 4556 lieri
978 4478 1041 4556 rel·
1058 4478 1222 4588 injnngi,
1256 4506 1327 4556 nec
1355 4478 1443 4586 plus
1469 4478 1566 4556 vidit
1587 4478 1721 4585 recipi,

304 4632 376 4685 nec
405 4609 527 4687 adluit
554 4604 796 4716 generalibus
820 4608 992 4715 capionis
1021 4635 1167 4688 eorum.
1189 4610 1270 4717 lpse
1299 4626 1427 4687 sutem
1452 4625 1627 4715 receptus
1651 4606 1724 4686 luit

304 4738 345 4813 in
374 4739 513 4846 capella
551 4739 690 4816 domus
719 4737 868 4844 Templi
906 4739 955 4817 de
970 4739 1147 4818 'Cheruto
1173 4739 1404 4818 Senonensis
1441 4739 1617 4827 diocesis,
1655 4765 1723 4844 per

305 4867 449 4946 dictum
479 4868 631 4946 irenem
646 4867 890 4974 Bedulpbum
905 4869 956 4947 de
987 4867 1084 4959 Gisi,
1112 4870 1151 4946 in
1180 4869 1334 4947 instanti
1360 4868 1456 4949 lesto
1484 4872 1721 4948 Pentecostes
