4080 6052
693 505 887 599 procas
912 523 1006 597 nns
1032 507 1335 599 rnrtrmnas
1614 525 1622 532 ·
1674 531 1722 601 so
1787 540 1799 553 ·

308 673 388 753 rete
406 672 442 748 le
460 665 656 763 eonvenoit
674 665 807 754 morin
829 681 868 742 et
884 692 916 741 ιι
904 663 963 741 il
981 662 1112 742 lassoit
1133 663 1171 741 la
1194 663 1353 795 religion
1373 679 1411 741 et
1430 662 1458 741 il
1476 666 1602 769 povoit
1626 683 1721 745 estre

309 804 399 908 pris,
401 776 586 876 ilestoit
606 795 678 874 mis
701 823 749 872 en
768 794 911 901 prison.

353 934 474 1018 Item,
496 958 545 1004 au
564 926 757 1004 derrerain
776 925 961 1030 chapistre
985 952 1108 1031 quta
1040 923 1108 1002 fo
1127 940 1239 1042 tenus
1255 952 1394 1031 par
1341 923 1383 1003 ln
1400 923 1565 1012 risitaur,
1587 941 1626 1002 et
1643 924 1684 1002 fu
1704 934 1724 1002 a

292 1062 371 1140 ‘lau
390 1059 570 1139 chadelor
588 1056 682 1134 feste
699 1058 831 1134 Nostra
850 1057 985 1147 Dante,
1005 1082 1193 1161 pourposa
1211 1055 1309 1132 frere
1331 1023 1477 1135 Ranaus
1497 1056 1544 1135 de
1564 1055 1600 1134 la
1618 1030 1723 1134 Folie

308 1211 436 1273 contre
450 1191 549 1268 frere
562 1189 681 1270 Gerot
699 1191 746 1267 de
761 1187 896 1270 Villers
911 1204 949 1264 et
962 1215 1030 1292 par
1047 1215 1102 1264 un
1117 1205 1222 1265 autre
1237 1185 1335 1265 frere
1351 1187 1461 1266 estoit
1473 1187 1618 1294 perduc
1633 1185 1723 1265 l'ille

310 1302 357 1398 de
376 1323 579 1411 Tourtose,
593 1336 631 1395 et
648 1347 716 1424 par
728 1316 783 1395 lui
802 1316 927 1394 forent
938 1333 1042 1393 mort
1056 1315 1083 1393 li
1099 1315 1215 1395 freres
1236 1334 1273 1394 et
1290 1317 1409 1424 prins,
1432 1335 1471 1395 et
1490 1345 1603 1397 encor
1621 1335 1721 1405 sont,

311 1467 349 1526 et
366 1449 403 1527 le
421 1449 537 1526 roloit
554 1476 689 1554 prover
706 1476 774 1554 par
796 1445 900 1524 bone
921 1463 1025 1553 gant,
1048 1463 1086 1525 et
1103 1445 1142 1524 fo
1166 1474 1238 1552 por
1255 1475 1297 1524 ce
1318 1475 1392 1554 que
1411 1447 1438 1523 fi
1459 1446 1516 1523 dit
1533 1445 1630 1525 frere
1650 1446 1724 1527 Ge—

309 1596 394 1656 raut
411 1607 451 1656 se
470 1579 565 1683 parti
585 1607 638 1655 nn
652 1579 718 1685 jur
739 1577 888 1662 devant,
910 1593 948 1652 et
972 1603 1105 1652 amena
1128 1604 1214 1652 avec
1233 1576 1287 1651 lui
1307 1604 1365 1653 ses
1385 1576 1493 1666 amis,
1515 1593 1554 1654 et
1571 1603 1669 1680 pour
1688 1576 1723 1655 le

306 1705 451 1785 ‘deffaut
470 1708 536 1785 des
554 1706 651 1786 bons
670 1704 872 1783 chevaliers
891 1703 982 1809 qn‘il
1003 1731 1163 1780 enmena
1181 1703 1309 1782 furent
1326 1707 1459 1811 perdu.

362 1962 411 2043 Et
429 1965 518 2071 qnia
541 1964 645 2042 idem
663 1963 777 2044 frater
789 1906 1004 2043 Pomardus
1025 1955 1173 2048 dicebat
1191 1991 1231 2042 se
1253 1960 1442 2052 dubitare,
1458 1965 1564 2070 quod
1577 1992 1724 2072 agrava-

310 2111 414 2173 retur
433 2097 504 2174 sibi
524 2124 649 2174 carcer
665 2124 735 2201 pro
755 2123 802 2174 eo
821 2096 929 2202 quod
951 2092 1139 2172 obtulerat
1155 2123 1197 2173 se
1218 2096 1267 2173 ad
1285 2095 1543 2174 defensionem
1563 2095 1726 2174 diction
1830 2097 1834 2106 '

311 2222 424 2310 dinis,
440 2224 672 2329 supplicabat
688 2225 795 2330 qnod
811 2224 1052 2334 providerent
1064 2251 1112 2301 ne
1127 2242 1339 2330 gravaretur
1356 2243 1510 2333 propter
1526 2226 1722 2330 premissa,

311 2368 348 2427 ct
373 2351 461 2426 dicti
487 2352 631 2426 domini
657 2351 899 2425 commissarii
925 2351 1100 2426 dixerunt
1124 2352 1230 2427 dictis
1253 2355 1442 2459 preposito
1461 2354 1663 2435 Pictavensi
1689 2371 1725 2432 et

308 2479 467 2556 Johanni
488 2481 536 2555 de
551 2478 735 2564 Jamvilla,
751 2478 857 2582 quod
871 2475 978 2552 nullo
998 2478 1113 2552 modo
1128 2496 1321 2582 gravarent
1340 2509 1443 2571 eum,
1464 2509 1533 2585 pro
1555 2509 1599 2557 eo
1619 2482 1724 2585 qnod

309 2607 496 2685 obtulerat
514 2603 558 2685 'se
583 2610 632 2684 ad
657 2605 915 2685 defensionem
942 2604 1088 2683 ordinis
1108 2606 1322 2710 supradicti.
1349 2607 1424 2700 Qui
1448 2610 1725 2713 responderunt

307 2738 412 2843 quod
430 2737 517 2845 plus
535 2753 689 2845 propter
707 2736 783 2814 hoc
800 2761 877 2811 non
897 2749 1090 2841 gravarent
1109 2736 1286 2813 eundem.

361 2997 451 3074 Post
469 2997 542 3073 hec
557 2994 672 3071 frater
689 2993 877 3071 Johannes
898 2992 945 3068 de
965 2992 1198 3084 Sarancnria,
1222 2988 1311 3073 alias
1334 2994 1383 3072 de
1402 2990 1521 3084 Cella,
1542 2997 1720 3088 serviens,

308 3125 493 3202 adductus
517 3124 567 3201 ad
587 3120 818 3228 presenciam
849 3124 1072 3201 eorumdem
1097 3123 1339 3203 dominorum
1363 3123 1719 3217 commanem,

308 3283 350 3331 ac
369 3246 573 3359 requisitus
590 3280 659 3359 per
678 3253 832 3333 eosdem
847 3252 878 3330 si
892 3253 1040 3333 volebat
1064 3253 1207 3332 dictum
1231 3255 1405 3333 ordinem
1424 3255 1644 3348 defendere,
1669 3261 1734 3333 re'

306 3385 459 3491 spondit
472 3385 577 3491 quod
591 3382 743 3474 nolebat
758 3411 846 3460 eum
860 3383 1080 3474 defendere,
1097 3386 1185 3492 quia
1204 3414 1273 3463 nec
1287 3387 1399 3464 sciret
1409 3414 1482 3464 nec
1494 3403 1635 3491 posset,
1652 3413 1720 3462 nec

306 3515 449 3622 aliquid
464 3514 613 3594 volebat
631 3515 772 3601 dicere,
791 3514 884 3621 quin
901 3516 971 3622 ipsr
961 3515 1134 3593 domini
1152 3517 1392 3597 commissarii
1383 3517 1657 3679 procederent
1672 3519 1718 3594 ad

305 3645 592 3754 inquisicionem
607 3643 827 3749 predictam.

359 3901 449 3977 Post
465 3900 537 3976 hec
559 3899 672 3979 frater
688 3886 848 3981 tacobus
866 3896 1018 4010 Verjus,
1039 3904 1297 3994 adduetnsad
1319 3908 1549 4013 presenciam
1577 3933 1722 3983 eorum-

304 4031 393 4111 dem
414 4027 658 4106 dominorum
676 4031 1032 4122 commissariorum,
1054 4053 1092 4113 et
1110 4036 1312 4140 requisitus
1332 4065 1401 4141 per
1420 4036 1575 4113 eosdem
1600 4034 1721 4111 domi-

304 4187 371 4239 nos
394 4157 670 4262 commissarios
693 4187 725 4237 sr
714 4158 893 4239 volebat
917 4161 1067 4238 dictum
1086 4163 1261 4240 ordinem
1286 4162 1505 4262 defendere,
1522 4164 1720 4270 respondit

304 4289 511 4396 quoderat
538 4286 698 4393 agricola
721 4304 761 4365 et
781 4291 888 4395 quod
912 4289 1072 4368 nesciret
1094 4290 1254 4397 litigare,
1284 4308 1321 4371 et
1341 4293 1462 4400 quod,
1485 4293 1517 4369 si
1544 4293 1654 4371 sciret
1683 4311 1720 4369 et

304 4436 443 4524 posset,
463 4418 626 4498 libenter
645 4417 867 4499 defenderet
887 4422 1031 4500 dictum
1050 4422 1239 4515 ordinem,
1265 4425 1334 4502 sed
1352 4439 1482 4530 postea
1503 4422 1596 4507 dixit
1613 4423 1719 4529 qnod
1778 4473 1781 4480 ·
1845 4410 1846 4416 ἵ

304 4548 456 4629 nolebat
479 4578 567 4627 eum
587 4548 807 4645 defendere,
828 4552 917 4659 qnia
936 4553 1095 4632 nesciret
1110 4582 1180 4633 nec
1200 4572 1336 4660 posset.
1358 4553 1573 4660 Requisitus
1591 4567 1717 4630 autem

305 4679 333 4755 si
354 4680 575 4786 persistebat
595 4680 634 4757 in
656 4682 886 4763 confessione
910 4713 1024 4790 qnam
1043 4683 1130 4762 fecit
1153 4712 1278 4763 coram
1305 4685 1479 4792 episcopo
1501 4683 1714 4773 parisiensi,

306 4811 498 4917 respondit
516 4812 622 4919 qnod
640 4811 702 4891 sic.

1858 4733 1860 4738 ¹
1975 4717 1989 4757 Ι
