4080 6052
518 532 566 603 aa
902 511 1099 605 rnoots
1124 528 1548 605 nascamur-ns.

572 674 659 750 Post
678 671 763 755 heo,
781 669 819 744 in
839 671 1058 762 crastinum,
1074 672 1247 749 videlicet
1265 673 1327 751 die
1341 673 1439 751 Jouis
1456 688 1542 778 post
1559 669 1772 776 predictum
1791 670 1930 749 sestam

516 802 613 879 beati
639 799 805 890 Martini,
832 801 1034 908 supradicti
1060 803 1204 879 domini
1220 804 1526 909 archiepiscopus
1544 799 1808 889 Narbonensis,
1830 803 1931 908 Bajo

515 930 650 1018 censis,
672 930 903 1010 lllimatensis
931 951 968 1010 et
993 934 1267 1013 Lemovicensis
1293 933 1476 1040 episcopi,
1494 947 1533 1006 et
1557 930 1699 1007 domini
1721 932 1860 1008 Mathai
1882 933 1929 1008 de

514 1060 668 1166 Neapoli
695 1060 839 1138 domini
860 1065 958 1169 Pape
977 1068 1159 1158 notarius,
1185 1083 1224 1143 et
1248 1067 1435 1142 lohannes
1457 1061 1740 1139 archidiaconus
1770 1061 1930 1138 Triden-

513 1193 632 1277 tinus,
656 1211 912 1270 convenerunt
929 1194 969 1271 in
990 1194 1088 1273 dicta
1107 1194 1304 1302 episcopali
1327 1191 1429 1277 aula,
1452 1209 1491 1268 et
1516 1219 1603 1267 cum
1623 1192 1662 1266 in
1690 1219 1732 1268 ea
1760 1191 1825 1268 diu
1843 1209 1929 1296 post

513 1323 645 1399 horam
669 1324 783 1400 tercie
809 1341 1078 1430 expectassent,
1099 1352 1141 1398 ac
1164 1324 1283 1428 major
1305 1323 1418 1398 missa
1441 1322 1480 1397 in
1505 1322 1656 1398 ecclesia
1680 1320 1787 1397 beate
1813 1322 1928 1398 Marie

514 1448 698 1530 celebrata
725 1469 838 1541 esset,
860 1453 1065 1559 nullusque
1091 1478 1160 1558 pro
1187 1452 1287 1528 dicto
1314 1453 1464 1538 ordine,
1485 1451 1543 1526 vel
1562 1450 1738 1527 fratribus
1758 1450 1929 1557 ejusdem

513 1580 656 1659 ordinis
676 1609 744 1658 seu
764 1583 846 1658 aliis
865 1583 1040 1667 evocatis,
1061 1598 1295 1686 compareret
1317 1607 1386 1657 nec
1409 1580 1473 1656 1113
1498 1580 1560 1656 (113
1581 1581 1847 1686 comparuisset
1866 1612 1927 1660 co-

512 1738 591 1786 ram
613 1713 683 1798 eis,
705 1711 1093 1819 preceperunt-eidem
1106 1711 1325 1816 apparitori,
1343 1712 1448 1816 qnod
1467 1710 1539 1786 alta
1556 1739 1645 1789 voce
1663 1711 1925 1817 proclamaret,

511 1842 607 1917 31331
624 1840 762 1918 lecerat
776 1844 815 1918 in
836 1843 897 1919 (113
915 1841 1144 1946 precedenti.
1168 1840 1244 1933 Qui
1265 1840 1419 1945 quidem
1440 1840 1626 1946 apparitor
1645 1842 1718 1917 alta
1734 1869 1823 1917 voce
1842 1871 1928 1947 pro·

511 1971 681 2049 clamavit
699 1974 738 2047 in
760 1973 856 2047 dicta
875 1969 976 2055 aula,
999 1987 1038 2047 31
1061 1971 1143 2076 ejus
1167 1969 1298 2076 majori
1314 1970 1446 2076 janua,
1469 1971 1645 2048 acaciam
1665 1972 1703 2045 in
1723 1971 1926 2046 333133111-
2022 1956 2027 1972 ’

510 2099 611 2174 313113
630 2100 805 2202 predicti,
823 2099 970 2203 quodsi
987 2098 1121 2205 aliquis
1141 2116 1235 2186 erat,
1252 2100 1318 2204 qui
1338 2129 1407 2207 pro
1423 2100 1521 2176 (11313
1537 2101 1669 2177 ordine
1685 2100 1849 2204 Templi,
1867 2102 1925 2177 vel

509 2226 686 2304 fratribus
707 2227 878 2334 ejusdem
898 2229 1041 2307 ordinis
1060 2246 1125 2307 aut
1149 2228 1230 2307 aliis
1249 2258 1318 2336 per
1339 2230 1439 2335 ipsds
1459 2222 1632 2307 dominos
1653 2230 1926 2307 commissarios

509 2384 577 2461 per
604 2359 746 2434 dictum
766 2360 963 2463 publicum
988 2388 1122 2438 eorum
1150 2360 1337 2438 citacionis
1361 2360 1527 2436 edictum
1555 2361 1692 2437 vocatis
1707 2340 1709 2344 Ι
1724 2377 1762 2437 31
1791 2361 1923 2451 3113113,

507 2486 620 2563 vellet
634 2516 861 2593 comparere,
878 2489 937 2565 vel
953 2489 1095 2595 aliquid
1111 2490 1235 2567 dicere
1251 2517 1375 2566 coram
1390 2491 1460 2573 eis,
1475 2490 1667 2564 accederet
1681 2490 1730 2565 ad
1744 2515 1820 2572 333,
1837 2491 1924 2594 quia

507 2619 622 2722 parati
644 2635 750 2694 erant
767 2618 931 2724 benigne
951 2620 1082 2698 audire
1099 2621 1265 2697 eundem
1282 2634 1321 2694 et
1333 2617 1453 2692 lacere
1468 2616 1572 2721 quod
1587 2634 1685 2693 esset
1697 2616 1921 2694 laciendum.

507 2748 622 2840 Quod
641 2765 862 2853 preceptum
878 2749 981 2825 idem
1003 2752 1191 2858 apparitor
1209 2746 1329 2824 extitit
1349 2762 1542 2832 executus,
1559 2761 1597 2821 et
1613 2746 1661 2822 de
1682 2746 1925 2825 (1131333333-

506 2877 612 2952 cione
629 2875 715 2952 lecit
729 2863 953 2956 relacionem
969 2881 1123 2956 eisdem.
1134 2880 1220 2967 Qua
1233 2874 1418 2951 relacione
1435 2874 1578 2961 audita,
1591 2904 1676 2952 cum
1690 2877 1818 2955 nullus
1831 2908 1925 2955 com-

507 3024 655 3110 pareret
677 3035 803 3082 coram
833 3009 902 3097 eis,
930 3009 1033 3084 idem
1060 3002 1205 3080 domini
1230 3002 1474 3079 commissarii
1487 2992 1803 3084 ‘deliberaverunt
1825 3009 1924 3084 inter

507 3163 563 3227 se,
581 3153 619 3212 et
634 3137 880 3233 decreverunt
893 3164 961 3241 per
976 3162 1041 3211 eos
1055 3160 1135 3208 esse
1151 3133 1199 3207 de
1213 3131 1443 3236 benignitate
1459 3133 1621 3238 amplius
1635 3137 1920 3241 expectandum,

507 3267 765 3344 continuantes
785 3296 827 3342 ac
845 3280 1089 3371 prorogantes
1114 3261 1405 3366 assignacionem
1428 3262 1543 3369 hujus
1567 3267 1718 3341 termini
1743 3269 1790 3342 ad
1814 3268 1853 3343 id
1876 3270 1922 3345 ad

506 3398 610 3501 quod
629 3399 751 3476 luerat
770 3396 976 3502 assignatus
992 3419 1113 3498 usque
1130 3393 1169 3467 in
1183 3392 1386 3470 crastinum
1399 3393 1499 3471 hora
1516 3395 1649 3499 prime.
1665 3397 1786 3489 Quam
1806 3400 1923 3473 conti·

505 3528 738 3615 nuacionem,
756 3525 1054 3634 expectationem
1065 3540 1104 3601 et
1111 3525 1418 3631 prorogacionem
1430 3541 1689 3630 preceperunt,
1705 3541 1743 3601 et
1753 3523 1922 3603 fecerunt

504 3656 575 3732 alta
598 3683 687 3733 voce
711 3657 931 3762 proclamari
955 3682 1023 3763 per
1050 3656 1193 3734 dictum
1217 3656 1466 3762 apparitorem
1490 3657 1530 3734 in
1555 3656 1650 3733 dicta
1674 3653 1757 3731 aula
1781 3656 1922 3759 episco-

503 3786 594 3890 pali,
621 3802 659 3862 et
682 3788 721 3862 in
746 3787 827 3893 ejus
849 3804 957 3892 porta
981 3787 1113 3894 majori
1138 3806 1176 3865 et
1199 3773 1310 3864 curia
1325 3786 1492 3865 officialis
1511 3785 1679 3894 predicti.
1701 3785 1756 3861 De
1782 3786 1920 3890 quibus

503 3917 680 3994 omnibus
698 3904 901 3995 volucrunt
918 3936 956 3996 et
975 3937 1224 4026 preceperunt
1243 3920 1331 3997 dicti
1353 3918 1496 3996 domini
1512 3916 1751 3995 commissarii
1771 3934 1840 4021 per
1859 3943 1919 3991 me

504 4046 795 4127 Floriamontem
821 4067 858 4127 et
882 4049 974 4128 alios
999 4053 1164 4129 notarios
1188 4049 1437 4157 infrascriptos
1461 4049 1543 4126 lieri
1562 4048 1758 4154 publicum
1780 4046 1921 4118 instru-

504 4191 686 4251 mentum.

555 4437 642 4515 Post
666 4439 752 4525 1133,
779 4441 818 4515 13
843 4444 1062 4530 crastinum,
1085 4446 1257 4523 videlicet
1281 4439 1341 4515 die
1362 4436 1533 4520 Veneris,
1561 4453 1629 4510 etc.
1651 4435 1920 4539 (1133331333-

502 4583 636 4642 aemeat
656 4596 721 4667 que
742 4562 880 4671 (133333.)Ι

558 4826 645 4902 Post
664 4830 750 4914 hec,
768 4831 806 4905 in
828 4833 1045 4914 crastinum,
1064 4827 1237 4906 videlicet
1256 4831 1317 4908 die
1338 4828 1480 4915 Saluti,
1499 4831 1730 4906 eto-Post
1749 4829 1833 4910 hec,
1856 4826 1916 4902 die
