4080 6052
527 545 600 620 sca
910 521 1105 616 raeces
1131 541 1226 614 nes
1251 539 1557 614 respersas.

523 681 807 768 commissarios,
819 679 924 787 quod
932 708 1011 759 non
1020 682 1201 760 revelaret
1210 680 1423 756 hancsuam
1438 648 1738 786 deposicionem,
1750 708 1956 792 quousque

524 813 780 892 attestaciones
799 810 941 889 fuerint
957 811 1161 918 publicata

575 1059 729 1149 Eisdem
752 1069 815 1147 die
840 1085 878 1145 et
900 1068 985 1148 loco
1007 1065 1081 1145 fuit
1097 1066 1283 1145 adductus
1306 1065 1354 1144 ad
1371 1069 1606 1174 presenciam
1627 1070 1852 1150 eorumdem
1875 1075 1946 1154 do-

519 1203 711 1279 minorum
735 1198 1079 1286 commissariorum
1102 1197 1216 1274 frater
1238 1199 1446 1306 Raynerius
1480 1200 1528 1275 de
1552 1200 1745 1278 Larchant
1766 1203 1942 1297 serviem,

519 1331 747 1411 Senonensis
785 1329 962 1419 diocesis,
994 1329 1100 1407 testis
1132 1355 1245 1433 supra
1272 1328 1439 1434 juratus,
1476 1345 1521 1405 ut
1554 1328 1768 1436 deponeret
1806 1330 1946 1413 dictum

519 1490 648 1551 suum,
670 1488 748 1537 non
766 1458 939 1537 deserens
957 1456 1181 1536 mantellum
1202 1457 1363 1547 ordinis,
1386 1457 1476 1566 quia
1497 1459 1623 1566 ipsum
1644 1459 1845 1539 dimiserat
1861 1490 1945 1541 cnm

517 1592 694 1699 pluribus
715 1591 819 1681 aliis,
839 1592 879 1668 in
901 1589 1060 1668 concilio
1086 1589 1306 1667 senonensi.
1334 1590 1583 1668 Postmodum
1606 1591 1690 1667 radi
1713 1590 1853 1671 fecerat
1872 1595 1941 1672 sibi

518 1721 690 1809 barbam,
721 1738 760 1798 et
790 1720 912 1798 luerat
940 1748 1027 1796 cum
1055 1746 1101 1796 eo
1126 1718 1353 1824 inquisitum
1383 1747 1452 1824 per
1484 1719 1687 1798 dominum
1725 1723 1939 1831 episcopum

517 1853 781 1942 Parisiensem,
804 1867 842 1927 et
862 1850 1056 1928 absolutus
1080 1865 1120 1926 et
1143 1849 1407 1927 reconciliatus
1424 1877 1494 1956 per
1512 1878 1619 1942 eum3
1646 1868 1687 1929 et
1707 1869 1769 1930 est
1792 1854 1895 1934 etatis
1915 1884 1939 1934 r.
2005 1948 2023 1971 ι

518 2010 720 2075 annorum,
741 1981 799 2058 vel
819 1981 925 2057 circa.
946 1980 1069 2057 Lectis
1088 1996 1216 2058 autem
1236 1998 1274 2059 et
1298 1981 1500 2087 diligenter
1521 1984 1701 2089 expositis
1724 1983 1799 2061 sibi
1825 1988 1945 2063 omni·

517 2111 591 2188 bus
608 2129 647 2188 et
664 2110 820 2217 singulis
843 2109 1024 2200 articulis,
1046 2110 1242 2216 respondit
1259 2109 1309 2186 ad
1329 2140 1409 2200 eos,
1431 2128 1470 2188 et
1487 2112 1612 2219 primo
1631 2114 1681 2191 ad
1698 2114 1846 2220 primos
1864 2142 1941 2204 xm,

516 2240 623 2349 quod
640 2240 832 2319 nesciebat
854 2267 925 2318 nec
949 2241 1128 2318 credebat
1152 2242 1260 2348 quod
1283 2258 1459 2319 contenta
1482 2243 1523 2318 in
1547 2242 1657 2321 dictis
1681 2270 1748 2322 xm
1778 2244 1943 2324 articulis

517 2387 640 2449 essent
653 2398 754 2465 vera,
774 2371 864 2477 quia
876 2370 917 2447 in
936 2370 1154 2478 recepcione
1173 2398 1241 2449 sua
1259 2398 1339 2448 non
1356 2373 1650 2468 intervenerant,
1672 2401 1745 2450 nec
1761 2375 1803 2451 in
1815 2400 1944 2483 recep-

516 2500 690 2579 cionibus
721 2502 885 2579 aliorum
915 2500 1056 2608 quibus
1082 2500 1250 2578 affuerat
1279 2503 1361 2609 lpse
1389 2520 1516 2579 autem
1545 2520 1722 2610 receptus
1752 2503 1878 2582 ferent
1903 2507 1940 2582 in

515 2633 655 2739 capella
675 2634 813 2712 domus
831 2633 981 2738 Templi
1004 2631 1052 2709 de
1076 2631 1183 2710 Bello
1201 2631 1294 2710 Visu
1324 2634 1553 2711 senonensis
1578 2620 1761 2729 diooesis,
1788 2637 1828 2713 in
1846 2635 1941 2715 festo

514 2761 614 2841 beati
637 2765 787 2841 Andree
815 2764 987 2869 proximo
1005 2763 1187 2869 preterito
1210 2761 1366 2839 suerunt
1387 2790 1512 2842 xxxrm
1537 2765 1627 2842 anni
1649 2764 1712 2843 vel
1735 2766 1843 2854 circa,
1868 2793 1936 2871 per

514 2891 668 2968 [ratrem
681 2895 891 2971 lohannem
911 2893 959 2970 de
974 2896 1125 2981 Turno,
1146 2892 1339 2999 quondam
1355 2893 1588 2971 thesaurario
1609 2912 1704 2971 tunc
1725 2895 1931 2987 Parisiensi,

514 3023 752 3126 presentibus
788 3021 965 3101 fratribus
1007 3022 1230 3102 Theobaldo
1267 3023 1315 3100 de
1354 3040 1481 3100 sancto
1526 3024 1674 3116 Questo
1722 3040 1934 3131 preceptore

516 3151 614 3226 dicte
647 3151 798 3242 domus,
830 3151 1030 3258 Radulpho
1056 3154 1103 3229 de
1126 3152 1390 3230 Grandivillari
1423 3152 1689 3243 servientibus,
1720 3154 1937 3242 deffunctis,

515 3297 553 3355 et
578 3282 770 3386 quondam
796 3280 906 3357 fratre
930 3282 1111 3388 clavigero
1138 3283 1237 3358 dicte
1263 3282 1416 3374 domus,
1440 3283 1548 3389 cujus
1572 3312 1714 3361 nomen
1739 3301 1778 3361 et
1802 3312 1940 3392 cogno-

514 3437 601 3485 men
621 3410 781 3516 ignorat,
802 3411 842 3486 in
862 3410 964 3486 hunc
979 3410 1137 3486 modum
1154 3443 1163 3486 ε
1179 3438 1266 3487 nam
1287 3440 1374 3487 cum
1394 3413 1569 3517 peciisset
1587 3441 1718 3519 panem
1738 3429 1775 3487 et
1795 3442 1930 3518 aquam

511 3540 671 3630 ordinis,
694 3559 732 3619 ct
750 3542 914 3619 finaliter
930 3542 964 3617 ei
985 3541 1243 3628 concessisset,
1267 3559 1304 3617 et
1323 3544 1496 3646 periisset
1509 3543 1556 3619 ab
1579 3571 1620 3620 eo
1639 3543 1667 3618 si
1687 3559 1764 3617 erat
1784 3543 1929 3619 servilis

512 3671 760 3758 condicionis,
783 3671 955 3777 religioni
975 3669 1033 3747 vel
1054 3670 1229 3778 conjugio
1250 3671 1438 3777 alligatus,
1461 3691 1499 3748 et
1516 3674 1635 3750 multa
1658 3671 1726 3748 alia
1745 3672 1928 3765 honesta,

512 3803 647 3907 etipse
668 3804 772 3878 testis
792 3802 1044 3908 respondisset
1060 3831 1100 3879 se
1120 3802 1272 3911 nullum
1292 3803 1609 3908 impedimentum
1630 3803 1788 3892 habere,
1810 3804 1936 3910 impo-

510 3931 587 4007 suit
606 3933 639 4006 ei
660 3932 900 4024 mantellum,
923 3932 1058 4037 etipse
1084 3950 1121 4008 et
1145 3932 1276 4009 fratres
1302 3950 1462 4010 astantes
1485 3932 1642 4011 luerunt
1663 3962 1753 4011 eum
1779 3935 1932 4012 osculati

510 4065 548 4139 in
572 4091 652 4156 ore,
675 4081 713 4140 et
730 4063 820 4141 fecit
837 4093 926 4141 eum
945 4093 1077 4140 vovere
1099 4081 1136 4140 et
1154 4064 1282 4170 jurare
1301 4066 1521 4152 castitatem,
1544 4066 1807 4143 obedienciam
1827 4082 1867 4142 et
1884 4067 1934 4140 vi-

509 4223 593 4270 vere
615 4196 694 4273 sine
712 4197 881 4302 proprio,
904 4223 1047 4271 servare
1064 4195 1184 4271 bonos
1203 4224 1294 4272 usus
1314 4212 1352 4272 et
1370 4196 1487 4273 bonas
1507 4197 1803 4274 consuetudines
1824 4213 1863 4274 et
1881 4223 1935 4272 se-

508 4340 608 4398 creta
625 4325 786 4413 ordinis3
809 4325 876 4402 sed
896 4326 943 4401 de
962 4324 1235 4472 abnegacione
1231 4344 1268 4403 et
1273 4328 1492 4472 spuicione,
1515 4327 1672 4403 crimine
1688 4328 1929 4412 sodomitico,

507 4585 564 4660 vel
580 4585 734 4678 factum,
756 4618 825 4665 nec
842 4591 881 4665 in
900 4590 1120 4695 recepcione
1138 4586 1262 4665 fratris
1279 4589 1459 4666 lobannis
1472 4591 1520 4667 de
1536 4589 1770 4698 Langivile,
1761 4618 1802 4665 in
1815 4589 1932 4666 Belva·

508 4714 593 4790 cino
612 4716 821 4819 quondam,
844 4748 959 4824 quem
978 4719 1071 4796 vidit
1089 4719 1205 4825 recipi
1230 4722 1441 4797 secundum
1461 4719 1621 4796 modum
1648 4720 1865 4826 predictum
1890 4718 1931 4794 li·-

507 4844 625 4936 cium,
653 4844 749 4921 circa
772 4845 907 4924 festum
927 4850 1130 4928 Nativitatis
1152 4850 1322 4943 Domini,
1349 4850 1502 4928 luerunt
1528 4849 1676 4928 circiter
1700 4876 1793 4929 xvm
1825 4849 1923 4932 anni,
