4148 6052
336 562 385 631 st
722 532 1367 627 mocnsnesrsnrnnns.

335 686 1762 837 mmanfflsaqnmmmmfflvguun

337 1477 616 1555 volutinam.
639 1470 1059 1581 puhtioereloomlse
1082 1405 1754 1576 perseidpsralinnoeinlioe

335 1604 523 1681 annm
499 1600 1077 1711 rdinvpedireqnmnodoldaet.
1090 1596 1683 1705 senhebfflimmntan,
1696 1608 1757 1687 vd

336 1730 1589 1877 mistaquvdmvatemaulemteldevineoepmmpmt,
1617 1735 1758 1815 inhiis

337 2122 626 2201 mmmm
648 2119 1756 2227 etdatumParisinsdndictaepisfflliaulffidievioes-

336 2252 434 2330 simo
447 2270 577 2332 octavo
589 2256 827 2341 Novembris,
841 2283 941 2330 anno
952 2254 1105 2332 Domini
1117 2253 1394 2329 millesimoooc
1406 2276 1526 2337 nm,
1545 2250 1756 2334 infflcvime

335 2384 985 2491 ocumpomitmmsmuisami
1010 2385 1127 2492 panis
1153 2378 1758 2465 etdominitvmirfiClementis

336 2512 691 2621 l’apeqnintianno
708 2518 856 2623 quinto.

391 2773 614 2878 Ponoquia
629 2774 779 2849 mittere
794 2773 1009 2879 predictam
1024 2773 1192 2848 edictum
1207 2771 1340 2847 fuisset
1356 2770 1508 2857 inutile,
1523 2770 1653 2876 quoad
1666 2769 1756 2850 illos

335 2897 402 3003 qui
430 2900 525 3005 capti
548 2919 726 2978 tenentur
751 2921 790 2978 et
816 2931 886 3007 pro
909 2902 1128 2981 definsiooe
1152 2901 1242 2976 dicti
1268 2901 1414 2976 ordinis
1438 2929 1481 2976 se
1506 2899 1604 2976 velle
1626 2902 1754 2978 venire

336 3029 613 3132 responderunt
638 3031 688 3107 ad
710 3033 941 3136 presenciam
965 3031 1191 3107 eorumdem
1212 3030 1456 3104 dominorum
1482 3031 1753 3109 commissario

337 3184 440 3243 rum,
460 3159 530 3235 nisi
555 3159 713 3237 inissent
735 3159 802 3265 qui
821 3159 1010 3264 predictos
1035 3175 1163 3261 captos
1179 3159 1230 3234 ad
1248 3187 1316 3235 eos
1336 3159 1499 3235 Parisios
1522 3158 1596 3236 sub
1617 3157 1694 3237 lida
1714 3179 1753 3237 et

335 3301 414 3363 tun
431 3290 601 3367 modia
623 3289 882 3375 addmissent,
903 3288 1071 3364 volentes
1090 3304 1136 3363 nt
1153 3287 1298 3362 dicum
1317 3287 1505 3364 dudonis
1523 3313 1655 3365 eornm
1671 3292 1753 3367 αι’.

334 3432 437 3494 ctum
455 3419 630 3496 debitum
649 3419 846 3495 sortiretur
866 3417 1059 3503 ellectum,
1078 3413 1327 3492 obtinuerunt
1349 3446 1372 3492 a
1398 3417 1569 3521 predicto
1595 3417 1752 3496 domino

335 3543 433 3651 stage
452 3548 681 3625 Francorum
694 3547 850 3632 illustri,
866 3547 932 3653 qui
944 3548 985 3624 in
998 3545 1190 3652 premissis
1203 3573 1244 3621 se
1257 3543 1509 3623 favorabiliter
1520 3544 1693 3652 prebuit,
1713 3568 1754 3627 et

334 3670 541 3779 benignum
558 3704 628 3781 pro
651 3676 880 3754 adductione
894 3675 1053 3753 fratrum
1071 3675 1162 3753 dicti
1182 3674 1327 3751 ordinis
1345 3677 1583 3754 detentorum
1598 3675 1666 3778 qui
1684 3705 1752 3755 ve·

335 3803 415 3881 nire
429 3803 570 3881 vellent
582 3805 632 3881 ad
646 3805 820 3882 dominos
832 3806 1104 3885 commissarios
1119 3805 1352 3910 supradictos
1365 3834 1436 3911 pro
1452 3794 1666 3884 defensione
1683 3833 1751 3883 or-

334 3932 433 4013 dinis
444 3933 648 4042 supradicti
668 3933 923 4013 evectionibus
941 3953 979 4012 et
997 3936 1167 4042 expensis
1183 3935 1439 4014 ministrandis
1456 3937 1599 4015 eisdem
1617 3964 1661 4013 ac
1685 3966 1751 4014 cu·

333 4065 452 4141 stodia
470 4066 695 4145 eorumdem
703 4080 728 4153 ,'
736 4065 846 4174 dirigi
869 4065 1010 4145 litteras
1032 4096 1118 4145 suas
1140 4065 1460 4173 regias-omnibus
1481 4065 1693 4145 senesoelbs
1711 4084 1749 4145 et

334 4186 477 4271 ballivis
493 4199 598 4302 regni
617 4198 693 4288 sui,
714 4215 885 4276 tenorem
903 4198 972 4306 qui
990 4199 1163 4305 scquitvu·
1180 4197 1436 4275 continentes:

387 4320 582 4432 Philippus
598 4326 671 4405 Dei
689 4327 810 4436 gracia
827 4330 1055 4406 Francorum
1074 4331 1167 4413 Rex,
1184 4326 1490 4434 Rothomagensi,
1511 4326 1560 4405 de
1578 4324 1747 4405 Giaorcio

333 4468 370 4527 et
382 4452 539 4534 Cadomi
557 4455 701 4535 ballivis
722 4473 760 4534 et
774 4483 908 4532 eorum
921 4457 1003 4535 loca
1016 4456 1249 4543 tenentibus,
1264 4458 1437 4536 salutem.
1454 4459 1555 4536 Cum
1570 4456 1697 4535 dilecti
1711 4472 1749 4533 et

333 4574 464 4671 fideles
480 4583 781 4693 archiepiscopus
794 4586 1063 4677 Narbonensis,
1079 4589 1308 4696 Bajocensis,
1325 4589 1554 4667 Mimatensis
1565 4590 1749 4666 etlaemo-

332 4706 487 4789 vicensis
512 4710 697 4819 episcopi,
718 4730 760 4792 ac'
778 4717 927 4794 discreti
945 4718 1013 4794 viri
1031 4720 1204 4797 Matheus
1225 4719 1273 4797 de
1292 4719 1446 4827 Neapoli
1460 4718 1612 4827 majoris
1630 4715 1748 4797 Caleti

332 4838 654 4950 Rotbomagensis‚
675 4844 864 4924 lohannes
888 4848 937 4925 de
971 4833 1122 4927 Maritus
1149 4849 1384 4939 Tridentino,
1415 4868 1454 4928 et
1481 4849 1672 4928 lohannes
1700 4846 1749 4925 dc
