4080 6052
311 551 383 623 572
701 524 1014 617 mootsons
1039 538 1340 613 renelmus·

308 690 490 798 septaris,
505 687 613 795 enjus
627 686 744 763 sciam
758 710 968 792 cognomen
981 678 1151 788 ignorat,
1162 681 1202 757 in
1213 682 1320 758 bunc
1335 682 1499 758 modum
1514 717 1525 758 ι
1545 710 1641 759 nam
1657 714 1741 763 cnm

307 821 521 928 peciisseta
537 809 643 893 dieto
655 808 853 921 receptore
867 826 1060 919 parentet
1076 833 1214 917 aquam
1231 809 1394 907 ordinis,
1411 811 1521 889 sicut*
1533 812 1741 894 instructus

309 950 431 1028 luerat
455 964 656 1052 antequam
681 971 865 1021 cameram
888 943 1059 1027 intraret,
1087 969 1107 1016 a
1132 940 1241 1018 dictis
1260 939 1437 1020 fratribus
1464 941 1670 1050 Radulpho
1696 964 1735 1023 et

308 1079 508 1162 serviente,
531 1091 570 1151 et
588 1080 810 1189 responsum
831 1070 962 1149 luisset
982 1068 1109 1147 eidem
1123 1094 1192 1177 per
1206 1069 1352 1148 dictum
1372 1087 1617 1179 receptorem
1630 1077 1731 1181 quod

308 1212 414 1287 bene
423 1205 670 1291 deliberaret,-
690 1203 779 1310 'qui'a
801 1199 996 1309 grandem
1006 1179 1088 1276 rein·
1102 1179 1296 1305 petebat,
1306 1228 1394 1277 nam
1420 1186 1633 1307 oporteret
1649 1232 1732 1282 enm

308 1339 526 1418 abdicare
501 1367 521 1413 a
540 1341 580 1414 'se
590 1334 789 1441 propriam
806 1317 1060 1422 voluntatem,
1075 1346 1114 1406 et
1131 1330 1265 1437 subjici
1283 1331 1425 1423 aliene,
1445 1348 1487 1409 et
1501 1332 1626 1410 multa
1644 1335 1733 1412 dura

310 1486 348 1545 et
374 1484 503 1577 aspera
531 1465 738 1550 sustinere,
767 1472 809 1539 et
828 1461 908 1577 ipse
935 1456 1191 1566 respondisset
1220 1461 1325 1566 qnod
1354 1461 1486 1538 omnia
1514 1463 1731 1555 mastineret,

309 1597 429 1675 voluit
451 1595 624 1705 quod
585 1594 702 1670 exiret
728 1600 913 1669 cameram
923 1590 1014 1667 bis'
1021 1589 1069 1666 ad
1095 1589 1407 1681 deliberandum,
1442 1607 1484 1668 et
1509 1621 1595 1671 cum
1620 1597 1728 1673 tercia

308 1728 386 1804 vice
389 1722 596 1843 rediisset,
618 1740 656 1800 et
672 1722 776 1799 idem
795 1720 900 1827 quod
918 1732 1031 1825 snpra
1045 1721 1222 1843 peciisset
1235 1702 1341 1798 {lexis
1355 1721 1534 1828 genibus,
1553 1725 1727 1803 etdictus

308 1836 479 1963 receptor
493 1852 687 1965 habuisset
699 1848 920 1931 consilium
916 1858 1005 1928 eum
1017 1840 1198 1928 fratribus
1219 1852 1427 1930 astantibus
1452 1853 1501 1930 de
1518 1855 1726 1962 recipiendo

310 1989 506 2074 eumdem,
528 1983 687 2091 prestito
706 1983 762 2060 ab
770 2010 815 2060 eo
834 2008 902 2088 per
914 1959 1174 2088 jurementum
1193 1984 1300 2088 qnod
1321 2008 1400 2058 non
1418 1999 1502 2060 erat
1521 2011 1730 2064 excommu-

309 2117 468 2203 nicatus,
492 2113 635 2193 servilis
657 2108 1168 2200 condicionis,²matrimonio
1189 2111 1248 2190 vel
1265 2111 1371 2190 alteri
1392 2111 1573 2220 religioni
1591 2115 1650 2193 vel
1668 2117 1728 2193 de·

309 2245 398 2321 bitis
424 2272 499 2352 que
529 2271 606 2320 non
629 2262 757 2350 posset
780 2243 922 2320 solvere
948 2226 1153 2351 obligatus,
1180 2268 1251 2319 nec
1275 2242 1442 2321 babebat
1471 2243 1727 2324 infirmitatem

309 2377 502 2462 latentem,
529 2402 599 2451 nec
623 2373 767 2482 aliquid
793 2372 949 2450 dederat
968 2364 1025 2449 v'e'l
1051 2371 1290 2479 promiserat,
1312 2374 1419 2480 quod
1439 2375 1676 2482 reciperetur
1691 2380 1726 2454 in

167 2498 175 2511 ’
309 2494 588 2597 dic'to'ordiird,
615 2504 703 2582 fecit
722 2510 816 2582 eom
839 2500 1065 2619 promittere
1089 2504 1277 2580 et'vovem
1300 2504 1399 2595 Deo,
1424 2504 1677 2593 beatemtrte
1694 2524 1727 2584 at

308 2635 486 2713 omnibus
506 2636 640 2712 sanctis
662 2635 753 2723 Dei,
775 2628 997 2720 castitatem,
1021 2633 1300 2723 obedienciam,
1318 2634 1442 2712 vivere
1463 2638 1549 2715 sin'e
1567 2640 1723 2746 proprio.

307 2766 555 2843 Postmodum
577 2765 698 2842 dictus
716 2782 886 2877 receptor
905 2763 998 2842 dixit
1017 2764 1051 2840 ei
1071 2748 1177 2870 quod
1195 2763 1244 2842 ad
1263 2765 1451 2842 honorem
1468 2767 1544 2846 Dei
1565 2786 1602 2846 et
1619 2769 1721 2847 beate

308 2897 424 2972 Mario
446 2913 483 2972 et
502 2897 674 2973 omnium
699 2896 924 2974 Sanctorum
944 2912 981 2972 et
997 2895 1217 2973 Sanctarum
1242 2896 1314 2974 Dei
1334 2914 1372 2973 et
1392 2925 1437 2974 ex
1457 2916 1563 3005 parte
1583 2900 1719 2976 domini

308 3026 422 3129 Pape,
440 3027 554 3131 patris
582 3054 727 3116 eornm,
749 3044 787 3103 et
803 3026 929 3133 magni
948 3020 1114 3132 Magistri
1143 3052 1292 3119 eorum,
1311 3027 1378 3133 qui
1400 3026 1562 3107 dederat
1578 3029 1612 3107 ei
1629 3047 1724 3136 pote

309 3170 442 3231 statem
469 3155 693 3259 recipiendi,
716 3156 944 3233 concedebat
962 3136 1033 3233 sibi
1055 3182 1192 3262 panem
1223 3173 1261 3233 et
1288 3186 1424 3264 aquam
1456 3176 1496 3235 et
1523 3187 1723 3266 pauperem

308 3285 484 3360 vestitum
514 3285 669 3372 ordinis,
702 3303 739 3361 et
762 3286 972 3390 recipiebat
994 3278 1084 3363 eum
1109 3285 1156 3362 ad
1181 3288 1396 3364 societatem
1426 3287 1585 3365 lratmm
1619 3291 1726 3367 etad

309 3415 634 3521 participationem
659 3413 849 3491 bonorum
871 3431 907 3490 et
927 3415 974 3490 ad
993 3443 1107 3522 penas
1135 3416 1252 3492 eciam
1273 3434 1310 3493 et
1334 3417 1479 3494 labores
1503 3419 1664 3505 ordinis,
1690 3437 1725 3495 et

311 3547 490 3652 imposuit
508 3546 541 3621 ei
557 3545 798 3637 mantellum,
812 3562 850 3621 et
868 3546 947 3651 ipse
959 3564 1141 3667 et’omnes
1162 3546 1223 3623 alii
1242 3546 1376 3624 fratres
1395 3563 1546 3623 astantes
1566 3547 1724 3624 fuerunt

310 3677 464 3753 osculati
493 3705 581 3752 eum
611 3677 649 3752 in
675 3705 751 3754 ore.
776 3638 1025 3754 Postmodum
1049 3678 1225 3754 instruxit
1251 3705 1340 3753 eum
1369 3695 1461 3785 quot
1474 3680 1584 3757 Peter
1612 3696 1728 3756 noster

308 3808 447 3884 diceret
466 3836 535 3913 pro
552 3808 654 3884 boris
672 3809 764 3895 suis,
784 3808 888 3914 quod
903 3809 1044 3914 jaceret
1059 3837 1145 3884 cum
1163 3809 1297 3914 pannis
1312 3827 1351 3885 et
1364 3810 1490 3918 caligis
1508 3808 1637 3898 lineis,
1655 3840 1726 3887 una

308 3938 462 4016 cordula
482 3940 642 4032 cinctus,
666 3956 703 4016 et
722 3939 883 4045 qualiter
908 3956 1057 4046 regeret
1084 3968 1123 4015 se
1149 3940 1187 4015 in
1216 3941 1360 4017 ordine.
1388 3943 1639 4019 Postmodum
1663 3943 1726 4018 ali-

307 4069 445 4174 quibus
474 4098 517 4145 ex
542 4068 748 4146 astantibus
776 4069 1058 4154 recedentibus,
1083 4070 1204 4146 dictus
1227 4071 1360 4147 Petrus
1387 4072 1554 4148 serviens
1578 4074 1725 4150 trahens

306 4201 430 4304 ipsum
451 4217 585 4277 testem
604 4201 650 4276 ad
669 4218 814 4306 partem
835 4202 874 4275 in
896 4200 992 4277 dicta
1019 4227 1182 4288 camera,
1207 4202 1300 4278 dixit
1322 4204 1354 4278 ei
1376 4203 1481 4309 quod
1506 4203 1634 4310 aliqua
1652 4203 1725 4279 lue·

307 4349 387 4406 rant
411 4331 574 4408 obmissa
600 4358 674 4437 que
702 4330 899 4435 oportebat
924 4359 1011 4406 eum
1038 4329 1169 4406 facere.
1192 4331 1378 4409 Videlicet
1410 4333 1499 4438 quia
1531 4331 1722 4438 oportebat

308 4488 395 4536 eum
411 4461 593 4569 abnegare
604 4461 746 4551 Deum3
767 4477 902 4536 etcum
924 4461 1001 4566 ipse
1018 4461 1122 4537 testis
1141 4461 1394 4566 respondisset
1409 4463 1515 4569 qnod
1531 4465 1608 4541 hoc
1623 4461 1721 4538 nullo

305 4590 418 4666 modo
447 4590 596 4680 faceret,
623 4592 711 4698 quia
731 4606 829 4666 esset
851 4607 976 4667 contra
997 4593 1121 4669 Deum
1151 4608 1189 4666 et
1208 4609 1371 4669 sanctam
1394 4593 1614 4681 Ecclesiam,
1638 4593 1719 4669 dixit

306 4717 339 4791 ei
361 4748 368 4791 :
390 4718 522 4794 Saltim
543 4721 642 4798 dicas
662 4721 735 4798 hoc
756 4748 820 4797 ore
841 4737 878 4796 et
892 4749 968 4799 non
990 4722 1119 4813 corde3
1139 4737 1176 4797 et
1190 4739 1281 4797 tunc
1299 4723 1378 4828 ipse
1398 4724 1505 4799 testis
1531 4723 1716 4830 abnegavit

303 4847 428 4926 Deum
452 4875 516 4924 ore
532 4876 609 4925 non
626 4852 750 4928 corde.
772 4851 919 4930 Deinde
947 4853 1141 4930 extrahens
1157 4851 1257 4929 idem
1274 4854 1422 4943 Petrus,
1440 4854 1629 4933 desubtus
1642 4880 1715 4931 rau·
