4080 6052
696 523 893 615 ruccas
918 542 1012 614 uss
1038 541 1337 617 rnunmsas.
1677 549 1724 623 ss

311 685 430 762 littera
450 683 648 789 apostolica
661 711 737 790 que
752 683 824 762 sibi
844 684 938 762 lecta
955 683 1093 772 isserat,
1109 684 1290 762 contineri
1310 686 1415 792 quod
1429 687 1607 766 dominus
1630 693 1726 798 Papa

308 815 431 919 ipsum
449 830 490 891 et
508 813 692 920 quosdam
714 813 807 891 alios
825 842 980 922 magnos
999 815 1141 893 ordinis
1159 816 1462 923 Templariorum
1481 838 1729 896 reservaverat

305 943 394 1032 sibi,
422 961 461 1021 et
479 944 567 1022 ideo
587 945 636 1022 ad
661 972 815 1051 presens
833 945 873 1022 in
893 962 989 1023 statu
1014 945 1054 1022 in
1084 974 1161 1056 quo
1182 963 1275 1038 erat,
1307 944 1459 1023 nolebat
1484 946 1589 1023 aliud
1607 947 1727 1025 lacere

306 1102 421 1181 super
445 1075 634 1182 predictis.
655 1076 870 1183 Requisitus
889 1102 1059 1184 expresse
1086 1104 1133 1152 an
1151 1075 1265 1156 vellet
1286 1077 1334 1154 ad
1352 1105 1505 1183 presens
1537 1078 1644 1156 aliter
1664 1079 1730 1155 de-

305 1206 462 1285 fendere
482 1205 940 1314 ordinemsupradictum,
963 1208 1056 1287 dixit
1072 1208 1178 1316 quod
1197 1237 1289 1297 non,
1312 1210 1380 1286 sed
1399 1209 1448 1286 ad
1467 1208 1611 1286 domini
1629 1210 1727 1316 Pape

307 1337 539 1444 presenciam
553 1339 639 1427 iret,
659 1340 815 1446 quando
834 1339 933 1418 dicto
949 1341 1103 1418 domino
1122 1340 1220 1446 Pape
1235 1340 1413 1445 placeret,
1435 1340 1646 1446 supplicans
1663 1339 1730 1445 eis

309 1467 398 1544 dem
419 1468 581 1546 dominis
600 1470 862 1549 commissariis
881 1488 920 1549 et
936 1472 1134 1579 requirens
1154 1471 1324 1560 eosdem,
1344 1470 1449 1577 quod
1467 1472 1670 1576 cumipse,
1687 1471 1730 1546 si-

308 1615 370 1674 cut
401 1615 440 1674 et
470 1599 532 1675 alii
561 1600 751 1693 homines,
780 1619 877 1678 esset
903 1602 1087 1695 mortalis,
1115 1630 1186 1679 nec
1204 1601 1361 1678 haberet
1385 1600 1432 1677 de
1454 1618 1626 1707 tempore
1657 1600 1727 1676 nisi

305 1755 421 1817 nunc,
443 1728 607 1833 placeret
627 1730 770 1808 eisdem
789 1728 954 1809 dominis
973 1732 1236 1810 commissoriis
1253 1731 1461 1839 significare
1481 1729 1649 1836 predicto
1668 1728 1730 1806 do

305 1858 408 1934 mino
424 1859 543 1964 Pape‚
560 1858 665 1964 quod
683 1860 808 1965 ipsum
827 1862 1047 1966 Magistrum
1065 1890 1181 1969 quam
1202 1862 1315 1938 cicius
1332 1874 1459 1966 posset
1478 1860 1526 1936 ad
1544 1860 1626 1966 ejus
1644 1887 1729 1964 pre-

305 1989 469 2065 senciam
489 2005 673 2087 evocaret,
693 1991 782 2095 quia
795 2007 887 2066 tunc
899 2008 1048 2066 tantum
1067 1992 1212 2068 diceret
1227 1992 1299 2096 ipsi
1321 1991 1475 2068 domino
1494 1991 1603 2095 Pape,
1625 1991 1729 2095 quod

307 2135 404 2194 esset
420 2120 544 2196 honor
555 2119 694 2198 Christi
709 2137 748 2197 et
766 2120 919 2198 ecclesie
937 2147 1131 2226 proposse
1151 2147 1232 2198 suo.

362 2246 472 2336 ltem,
493 2248 697 2354 requisitus
716 2249 746 2324 si
758 2249 871 2326 vellet
889 2249 995 2326 aliud
1013 2251 1137 2327 dicere
1156 2276 1273 2357 quare
1288 2249 1377 2326 dicti
1398 2251 1543 2327 domini
1562 2251 1731 2326 commis

307 2376 412 2463 sarii,
439 2378 602 2481 quinon
631 2377 914 2453 intromitebant
932 2405 972 2452 se
1000 2380 1046 2453 de
1070 2378 1166 2453 lacto
1196 2379 1442 2483 singularium
1466 2408 1727 2482 personarum,

306 2505 373 2583 sed
394 2505 441 2580 de
462 2504 556 2580 lacto
573 2504 717 2580 ordinis
730 2504 950 2608 supradicti,
968 2531 1044 2579 non
1064 2503 1249 2580 deberent
1263 2504 1362 2580 bene
1374 2521 1413 2580 et
1426 2504 1591 2580 fideliter
1602 2534 1732 2612 proce-

308 2636 396 2713 dere
419 2635 458 2711 in
485 2634 641 2742 negocio
661 2634 919 2740 inquisicionis
939 2652 1068 2713 contra
1092 2632 1265 2711 ordinem
1284 2634 1497 2739 predictum
1525 2662 1593 2741 per
1610 2634 1732 2713 domi-

307 2794 400 2842 num
424 2766 561 2870 Papam
580 2765 796 2854 commisse,
823 2764 966 2842 eisdem
985 2764 1182 2871 respondit
1201 2764 1306 2869 quod
1337 2792 1430 2857 non,
1452 2766 1649 2871 requirens
1668 2792 1732 2843 eos

307 2896 465 2973 athene
485 2913 524 2971 et
542 2895 707 2973 fideliter
724 2895 973 3000 procederent
991 2896 1031 2970 in
1050 2895 1207 3002 negocio
1233 2892 1457 2999 supradicto.
1481 2894 1630 2988 Quibus
1653 2922 1733 3001 per·

308 3028 411 3119 acus,
432 3027 625 3133 predictus
642 3025 817 3133 Magister
836 3025 979 3102 ordinis
998 3025 1301 3129 Templariorum
1319 3024 1425 3114 dixit,
1451 3025 1556 3131 quod
1575 3024 1623 3101 ad
1647 3044 1732 3103 exo-

309 3157 546 3233 neracionem
567 3155 797 3230 consciencie
816 3181 884 3229 sue
912 3153 1061 3231 volebat
1078 3153 1256 3260 predictis
1281 3151 1445 3229 dominis
1468 3155 1731 3233 commissoriis

308 3310 492 3391 exponere
512 3282 583 3359 tria
602 3282 653 3358 de
680 3282 812 3361 ordine
830 3281 1033 3388 prelibato,
1051 3299 1089 3359 et
1102 3310 1146 3359 ea
1161 3280 1369 3387 exponebat
1382 3282 1537 3361 eisdem.
1555 3285 1731 3377 Quorum

307 3416 473 3521 primum
493 3429 584 3500 erat,
600 3413 705 3519 quod
718 3412 799 3518 ipse
812 3411 987 3520 Magister
1000 3411 1190 3489 nesciebat
1204 3411 1368 3518 aliquam
1384 3413 1495 3489 aliam
1510 3413 1731 3523 religionem

308 3548 345 3622 in
365 3575 440 3653 qua
466 3544 607 3652 capelle
635 3561 675 3621 et
706 3542 860 3623 ecclesie
884 3544 1078 3652 religionis
1106 3542 1291 3620 haberent
1309 3543 1466 3621 meliora
1487 3562 1526 3622 et
1544 3544 1731 3650 pulcriora

308 3694 525 3755 ornamenta
540 3692 579 3754 et
590 3674 768 3782 reliquias
786 3674 836 3751 ad
854 3673 1000 3752 cultum
1020 3674 1189 3751 divinum
1209 3674 1454 3781 pertinencia,
1477 3692 1515 3753 et
1533 3675 1572 3753 in
1593 3675 1731 3781 quihus

307 3836 376 3912 per
389 3805 616 3911 presbiteros
636 3823 675 3882 et
693 3806 846 3884 clericos
858 3805 995 3884 melius
1016 3806 1247 3884 deservirent
1266 3807 1306 3881 in
1327 3805 1476 3897 divinis,
1500 3805 1661 3910 exceptis
1679 3828 1732 3880 ec·

310 3935 433 4012 clesiis
447 3934 733 4013 cathedralibus.
749 3936 969 4014 Secundum
988 3954 1077 4026 erat,
1088 3936 1192 4043 quod
1208 3936 1397 4014 nesciebat
1411 3935 1575 4042 aliquam
1589 3933 1733 4041 religio

309 4094 398 4143 nem
417 4065 457 4141 in
477 4093 552 4170 qua
566 4062 701 4140 {ierant
717 4065 846 4168 plures
860 4066 1065 4144 elemosine
1080 4094 1194 4171 quam
1213 4066 1252 4141 in
1266 4064 1449 4171 religione
1466 4086 1614 4152 eorum;
1630 4090 1728 4153 nam,

310 4196 348 4273 in
361 4194 542 4273 omnibus
557 4193 735 4271 domibus
755 4193 908 4284 ordinis,
930 4223 975 4272 ex
993 4193 1157 4303 generali
1177 4191 1417 4269 ordinacione
1437 4191 1552 4298 ipsius
1570 4193 1728 4278 ordinis,

312 4325 450 4404 dabant
471 4342 530 4400 ter
557 4324 597 4399 in
622 4323 827 4429 septimana
857 4325 1103 4402 elemosinam
1128 4321 1305 4401 omnibus
1328 4323 1492 4428 accipere
1520 4322 1731 4401 volentibus

312 4483 405 4532 eam.
431 4455 609 4532 Tercium
633 4472 727 4543 erat,
753 4455 842 4562 quia
865 4456 1056 4535 nesciebat
1075 4455 1236 4562 aliquam
1260 4454 1481 4562 religionem
1501 4479 1571 4529 nec
1589 4452 1731 4559 aliquas

312 4602 442 4694 gentes
469 4611 543 4691 que
564 4611 634 4692 pro
664 4584 881 4664 defensione
912 4587 1008 4666 fidei·
1023 4584 1232 4665 Christiane
1261 4601 1387 4661 contra
1415 4582 1585 4660 inimicos
1614 4581 1731 4688 ipsius

312 4716 402 4794 {idei
422 4716 637 4821 prompcius
651 4743 828 4822 personas
848 4745 933 4796 suas
951 4716 1190 4824 exposuerint
1203 4715 1332 4807 morti,
1348 4741 1418 4791 nec
1430 4730 1577 4791 tantum
1592 4713 1640 4789 de
1655 4740 1732 4790 san·

316 4847 426 4954 guine
441 4846 675 4942 effudissent,
694 4865 730 4925 et
749 4876 823 4954 que
838 4850 956 4955 magis
975 4847 1239 4927 dubitarentur
1258 4875 1279 4924 a
1300 4845 1478 4924 catholice
1497 4844 1588 4923 fidei
1607 4843 1731 4920 inimi-

1574 4979 1601 5042 6.
