4080 6052
695 541 889 634 enoris
914 560 1008 644 ons
1034 561 1336 632 rumpimus.
1654 566 1727 634 >117

310 733 371 783 res
386 684 442 780 iad
463 704 536 779 boc
556 701 781 780 constituere
808 700 987 779 nolebant
1012 728 1081 777 nec
1108 700 1371 790 intendebant,
1390 699 1440 774 ita
1457 700 1551 803 capti
1575 717 1613 775 et
1634 701 1732 778 inca-

310 835 470 923 thenati,
482 862 570 910 cum
585 832 772 911 baberent
789 848 900 937 caput
916 830 986 908 sub
1005 831 1111 938 cujus
1129 830 1348 908 obediencia
1365 828 1585 919 existebant,
1605 830 1732 906 dicen-

309 983 365 1062 tes
378 965 493 1073 quod
519 965 551 1043 si
572 982 697 1043 essent
717 993 805 1042 cum
830 991 962 1041 eorum
989 962 1263 1068 superioribus,
1293 961 1456 1039 cumeis
1481 960 1732 1038 deliberarent

309 1124 423 1202 super
437 1095 532 1184 istis,
556 1113 594 1171 et
612 1095 716 1201 quod
729 1094 891 1200 quilibet
905 1121 1038 1171 eorum
1053 1121 1121 1199 per
1136 1121 1174 1170 se
1190 1093 1333 1170 dictum
1349 1091 1520 1170 ordinem
1540 1108 1731 1198 tamquam

309 1225 455 1303 bonum
485 1243 523 1303 et
550 1243 719 1303 sanctum
746 1224 949 1302 defendere
978 1223 1173 1311 volebant,
1203 1242 1317 1330 prout
1348 1222 1484 1301 melius
1513 1240 1665 1327 possent
1679 1277 1681 1282 -
1695 1241 1733 1299 et

312 1354 513 1446 deberent,
534 1373 573 1433 ct
592 1355 787 1462 pecierunt
806 1355 859 1433 eis
876 1354 1077 1432 ministrari
1102 1352 1344 1431 ecclesiastica
1370 1369 1732 1440 sacramenta‚·‘tam-

310 1485 551 1602 quamobonis
572 1504 609 1564 et
629 1485 808 1564 fidelibus
829 1485 1050 1564 Christianis
1067 1512 1162 1592 quos
1195 1512 1235 1561 se
1267 1509 1345 1561 esse
1375 1482 1598 1560 asserebant.
1619 1483 1733 1573 Dixe-

309 1634 400 1692 rnnt
421 1615 574 1723 insuper
595 1616 701 1724 quod
716 1617 787 1723 ipsi
813 1616 1015 1695 credebant
1040 1616 1260 1722 Magistrum
1287 1640 1420 1692 eorum
1433 1613 1628 1720 majorem
1650 1642 1729 1691 esse

307 1744 470 1835 bonum,
494 1746 661 1854 justum,
688 1746 872 1852 probum,
902 1744 1077 1852 legalem,
1101 1762 1139 1823 ct
1168 1745 1357 1821 mundum
1377 1743 1423 1820 ab
1445 1743 1636 1843 erroribus
1661 1744 1731 1849 ipsi

307 1876 432 1954 ordini
448 1878 648 1985 impositis,
668 1894 706 1954 et
722 1878 826 1985 quod
842 1903 1038 1984 nunquam
1058 1876 1128 1983 ipsi
1143 1877 1207 1955 eis
1224 1877 1411 1982 imposita,
1429 1892 1621 1982 tamquam
1642 1873 1732 1951 falsa

309 2023 347 2082 et
367 2008 578 2098 mendacia,
602 2007 791 2097 fecerunt,
819 2034 889 2084 nec
911 2008 965 2085 eis
989 2007 1047 2084 nsi
1073 2005 1245 2096 fuerunt,
1269 2024 1307 2084 et
1328 2005 1433 2113 quod
1461 2033 1660 2111 nunquam¹
1684 2007 1730 2082 de

310 2134 419 2214 dictis
430 2138 596 2216 erroneis
613 2139 667 2216 eis
682 2138 865 2243 impositis
882 2137 987 2244 loqui
1003 2137 1227 2215 audiverunt
1242 2154 1327 2213 ante
1345 2136 1559 2242 capcionem
1578 2142 1727 2224 eorum',

310 2264 476 2345 dicentes
493 2268 598 2375 quod
616 2285 705 2345 sunt
719 2266 847 2373 probi,
866 2266 1020 2374 legales,
1039 2284 1077 2344 et
1088 2267 1196 2374 justi,
1216 2285 1254 2343 et
1269 2249 1520 2346 immunesab
1540 2267 1729 2345 erroribus

310 2396 364 2473 eis
380 2396 575 2504 impositis.
1349 2477 1351 2480 a

287 2523 291 2528 ⁷
365 2517 453 2605 Post
478 2529 565 2618 hec,
598 2529 730 2606 eadem
763 2529 824 2605 die
857 2528 986 2608 Martis
1022 2526 1244 2607 accessimus
1273 2528 1320 2605 ad
1335 2528 1505 2640 'domum
1539 2528 1729 2632 quondam

231 2645 239 2657 ⁸
308 2657 451 2733 domini
484 2659 647 2765 episcopi
676 2659 959 2747 Ambianensis‚
988 2659 1093 2766 juxta
1127 2676 1272 2765 portam
1305 2658 1420 2736 sancti
1450 2658 1632 2748 Marcelli,
1648 2659 1729 2743 ,ubi

307 2787 573 2867 detinebantur
601 2791 696 2895 capti
720 2816 781 2871 xiv
812 2789 1034 2895 Templarii,
1065 2789 1113 2866 de
1145 2788 1220 2866 illis
1242 2789 1307 2895 qui
1339 2789 1488 2893 fuerant
1515 2789 1575 2865 die
1606 2789 1729 2867 Sabati

306 2919 476 3023 proximo
507 2920 683 3027 preterita
716 2921 756 2997 in
788 2921 963 2998 viridario
995 2918 1140 3018 domini
1176 2918 1337 3025 episcopi
1370 2919 1607 3008 Parisiensis,
1632 2920 1731 2996 inter

257 3038 261 3045 ¹
308 3076 403 3153 quos
426 3067 506 3127 erat
532 3051 724 3157 predictus
749 3050 862 3127 frater
890 3049 1117 3155 Reginaldus
1152 3048 1199 3125 de
1222 3047 1363 3125 Proino
1391 3049 1730 3156 preceptorssdure·

307 3175 498 3271 liancnsis,
524 3154 736 3288 presbyten<
752 3180 829 3273 Qui
856 3179 1026 3287 requisiti
1052 3177 1157 3286 quod
1183 3177 1478 3256 deliberaverant
1503 3207 1616 3286 super
1644 3209 1730 3286 pro—

308 3309 542 3388 curatoribus
565 3310 836 3392 constituendis
860 3295 1013 3416 percos
1037 3309 1086 3386 ad
1110 3307 1367 3387 defensionem
1392 3309 1553 3399 ordinis,
1576 3337 1730 3415 respon-

307 3438 446 3517 derunt
463 3442 567 3548 quod
583 3442 696 3519 frater
716 3442 945 3550 Reginaldus
969 3467 1038 3548 pro
1060 3469 1099 3518 se
1123 3458 1160 3517 et
1176 3469 1245 3546 pro
1263 3440 1345 3519 aliis
1366 3441 1436 3519 sibi
1461 3439 1730 3517 adherentibus

306 3567 366 3646 die
386 3572 542 3650 crastina
557 3574 686 3660 ‚reniet
709 3600 834 3652 coram
859 3572 1023 3651 dominis
1048 3571 1338 3660 commissoriis,
1354 3589 1391 3648 et
1403 3572 1729 3677 ¹tuncresponde-

303 3697 361 3776 bit
379 3729 503 3779 coram
528 3703 671 3781 eisdem
688 3704 745 3781 ¹ad
770 3704 1030 3783 defensionem
1054 3702 1197 3781 ordinis
1217 3730 1286 3809 pro
1302 3730 1350 3785 sc
1371 3719 1410 3793 et
1428 3701 1510 3780 aliis
1529 3701 1601 3780 sibi
1622 3703 1730 3779 adhe·

305 3829 490 3919 rentibus,
516 3849 630 3935 prout
656 3834 728 3911 sibi
752 3835 941 3913 videbitur
964 3834 1190 3911 faciendum.
1220 3835 1597 3912 Protestaturtamen
1627 3832 1728 3909 idem

304 3955 418 4034 frater
436 3956 731 4063 Riginaldns'de
752 3964 830 4040 suis
848 3965 1061 4051 racionibus
1081 3964 1338 4069 proponendis
1358 3980 1396 4041 et
1416 3963 1729 4070 dicendiscoram

305 4088 448 4167 eisdem
465 4089 632 4168 dominis
648 4092 909 4172 commissariis
926 4094 987 4173 die
1006 4094 1181 4181 crastina,
1201 4110 1339 4198 etpost
1355 4120 1449 4181 cras,
1470 4110 1508 4168 et
1524 4091 1728 4180 aliaaloco

306 4237 344 4296 et
365 4239 536 4327 tempore
570 4222 811 4328 opportunis,
837 4251 908 4330 pro
938 4241 1048 4319 se,·et
1073 4222 1205 4299 ordine
1236 4250 1277 4298 ac
1301 4222 1382 4300 aliis
1412 4221 1483 4299 sibi
1516 4222 1728 4301 adherenti-

305 4348 378 4426 bus
396 4352 437 4428 in
455 4352 525 4429 hac
538 4342 663 4458 ¹parte.
681 4354 847 4431 Nomina
858 4329 947 4433 vero
968 4330 1157 4447 dictorum
1174 4350 1332 4430 fratrum
1353 4353 1418 4459 qui
1438 4353 1597 4432 indicta
1615 4355 1728 4431 domo

306 4497 412 4556 erant
430 4500 518 4559 sunt
535 4483 621 4572 hec,
651 4483 825 4563 videlieet
843 4484 974 4563 fratres
997 4482 1226 4591 Reginaldus
1250 4483 1297 4560 de
1319 4483 1475 4573 Pruino,
1501 4483 1662 4561 Jacobns
1682 4486 1728 4561 de

304 4610 478 4719 Rupella,
497 4612 685 4692 lohannes
703 4614 835 4705 Ducis,
861 4616 1053 4695 Gerardus
1076 4615 1280 4703 Ducamur,
1302 4614 1727 4703 JohannesdeMortuo

305 4718 442 4833 Fonte,
465 4743 649 4823 Robcrtus
673 4746 720 4822 de
738 4746 890 4855 Somoy,
909 4748 1251 4834 Matbeus'Daratz‘,
1272 4744 1726 4859 GuillelmusEspcrlart,

307 4870 530 4975 bernardus·
557 4874 772 4983 Coquordi,
809 4878 1031 4986 Radulphus
1065 4877 1130 4958 dc.
1152 4876 1294 4957 Grandi
1328 4876 1473 4967 Vilarii,
1512 4878 1652 4983 Symon
1690 4877 1727 4952 le
