4080 6052
692 567 886 660 Procas
912 588 1006 659 nss
1033 587 1332 662 caueamus.
1649 598 1719 667 179

306 754 494 842 captorem
515 733 562 808 de
582 726 756 834 Rupella,
776 755 877 833 nunc
895 726 1133 820 dehaustam,
1153 729 1217 835 qui
1238 730 1278 805 in
1296 729 1378 836 ejus
1396 732 1613 836 reeepcione
1631 732 1723 810 dixit

306 867 377 943 sibi
393 863 497 972 quod
509 859 706 967 oportebat
723 886 813 934 eum
827 858 1012 965 abnegare
1020 859 1229 939 Dominum
1245 877 1433 953 nostrum,
1448 888 1525 938 non
1540 862 1723 942 recollens

306 999 335 1073 si
362 998 518 1074 Jhesum
547 990 605 1068 vel
633 989 826 1068 Christum
855 989 914 1065 vel
940 988 1169 1108 Crucilixum
1195 991 1417 1078 nominavit,
1443 991 1511 1069 sed
1540 991 1632 1072 dixit
1654 995 1722 1100 ipsi

306 1129 390 1204 testi
411 1125 516 1232 quod
535 1139 658 1199 totum
679 1137 736 1197 est
753 1148 892 1206 unum;
910 1121 970 1197 cui
990 1121 1059 1198 iste
1078 1123 1183 1199 testis
1196 1122 1391 1228 respondit
1404 1123 1508 1228 quod
1526 1124 1556 1199 si
1572 1143 1725 1231 negaret

307 1287 414 1343 eum,
435 1284 512 1333 non
540 1269 692 1359 negaret
716 1251 827 1327 corde
848 1251 916 1328 sed
935 1279 1018 1338 ore,
1040 1268 1078 1329 et
1101 1253 1153 1328 sic
1172 1254 1320 1359 negavit
1338 1281 1427 1328 eum
1448 1251 1495 1328 ad
1515 1253 1723 1361 instigacio-

309 1416 397 1465 nem
416 1385 640 1492 recipientis.
660 1382 889 1487 Requisitus,
909 1411 955 1458 au
974 1382 1024 1458 ita
1041 1383 1150 1460 lieret
1169 1385 1419 1460 communiter
1438 1385 1477 1459 in
1497 1386 1630 1463 ordine
1651 1416 1726 1464 om-

309 1517 421 1595 nibus
439 1517 497 1593 vel
517 1513 648 1622 majori
668 1512 780 1619 parti,
804 1511 897 1589 dixit
915 1510 1021 1617 quod
1044 1512 1185 1591 multos
1204 1513 1343 1618 recepit
1362 1540 1432 1588 nec
1451 1541 1619 1618 unquam
1638 1515 1727 1592 lecit

308 1649 362 1723 eis
379 1648 451 1725 hoc
468 1645 550 1723 fieri
568 1671 692 1751 neque
708 1621 802 1719 vidit
818 1643 923 1749 quod
940 1642 1050 1719 alicui
1069 1643 1192 1735 fieret,
1212 1643 1282 1721 nisi
1301 1644 1348 1720 de
1366 1672 1419 1733 se,
1432 1660 1476 1720 ut
1494 1644 1638 1721 dictum
1656 1663 1723 1738 est,

308 1807 430 1884 neque
456 1779 524 1854 scit
547 1775 651 1883 quod
676 1775 739 1851 alii
764 1773 963 1862 faciebant,
990 1776 1174 1880 quianon
1195 1792 1288 1866 erat,
1308 1803 1379 1853 nec
1396 1774 1515 1851 credit
1532 1775 1636 1882 quod
1654 1778 1725 1854 hoc

307 1906 481 1984 facerent.
503 1906 721 2013 Requisitus
737 1932 850 2010 super
870 1904 1034 1983 articulis
1050 1904 1098 1981 de
1116 1905 1309 2010 spuicione
1330 1905 1449 1983 crucis
1467 1933 1589 2010 usque
1609 1907 1657 1983 ad
1677 1935 1727 1981 ar-

308 2037 468 2113 ticulum
490 2038 537 2113 de
557 2053 638 2112 cato
655 2034 726 2112 sibi
746 2034 946 2140 diligenter
963 2025 1152 2140 expositis,
1174 2035 1266 2112 dixit
1288 2035 1393 2141 quod
1413 2035 1534 2112 dictus
1553 2033 1666 2112 frater
1684 2038 1724 2112 P.

310 2166 376 2270 qui
405 2193 494 2241 eum
523 2164 679 2269 recepit,
711 2163 803 2240 dixit
826 2163 897 2239 sibi
925 2165 1029 2270 quod
1049 2182 1203 2269 spueret
1221 2192 1334 2270 super
1354 2167 1557 2270 quamdam
1577 2194 1727 2271 parvam

310 2324 458 2372 crucem
476 2322 552 2401 que
570 2311 648 2369 erat
665 2293 734 2383 ibi,
752 2293 881 2399 etipse
897 2293 944 2369 ad
960 2294 1178 2369 mandatum
1193 2294 1364 2398 ejusdem
1380 2294 1497 2369 semel
1512 2296 1613 2399 spuit
1622 2296 1725 2401 juxta

311 2425 447 2502 dictam
472 2451 639 2509 crucem,
661 2451 738 2499 non
758 2449 885 2526 supra,
905 2437 1097 2526 separatus
1108 2437 1234 2501 tamen
1248 2420 1295 2498 ab
1308 2421 1389 2499 aliis
1407 2449 1475 2526 per
1495 2422 1639 2507 dictum
1656 2423 1728 2500 fra·

309 2575 407 2633 trem
431 2557 471 2632 P.
499 2555 726 2660 Requisitus,
753 2554 783 2631 si
808 2554 859 2630 ita
885 2551 1101 2630 servabatur
1124 2551 1374 2628 communitor
1400 2552 1439 2627 in
1465 2552 1614 2639 ordine,
1637 2554 1729 2631 dixit

309 2688 413 2793 quod
433 2688 512 2792 ipse
533 2713 609 2762 non
628 2684 783 2761 servavit
799 2710 868 2760 nec
883 2682 1003 2759 credit
1016 2683 1120 2788 quod
1141 2683 1213 2758 hoc
1233 2681 1279 2757 ab
1300 2681 1381 2759 aliis
1399 2676 1618 2772 servaretur,
1639 2686 1727 2791 quia

309 2845 504 2923 nunquam
524 2816 618 2892 vidit
633 2816 704 2892 nisi
725 2814 772 2891 de
793 2842 849 2905 se,
869 2814 909 2889 in
928 2812 1147 2918 recepcione
1167 2839 1245 2889 sua.
1264 2814 1375 2899 ltem,
1395 2814 1597 2920 requisitus
1615 2844 1729 2920 super

296 2948 467 3024 articulo
488 2947 574 3038 cati,
596 2947 689 3023 dixit
708 2973 747 3022 se
767 2944 884 3022 nichil
910 2944 1027 3020 scire·
1039 2945 1149 3029 Item,
1173 2944 1421 3049 interrogatus
1440 2972 1554 3049 super
1573 2945 1728 3023 articulo

310 3078 529 3158 sacramenti
555 3077 679 3153 altaris
699 3092 737 3152 et
761 3103 875 3181 super
894 3074 976 3151 aliis
995 3101 1115 3180 usque
1142 3074 1189 3150 ad
1209 3072 1425 3165 articulum,
1446 3075 1551 3180 quod
1571 3103 1729 3182 magnus

312 3208 488 3313 Magister
510 3222 656 3312 poterat
680 3205 887 3290 absolvere,
914 3221 1007 3291 eto,
1027 3203 1120 3281 dixit
1145 3206 1251 3310 quod
1275 3204 1353 3309 ipse
1374 3204 1494 3281 credit
1514 3221 1551 3280 et
1569 3206 1731 3283 credidit

312 3339 439 3413 omnia
456 3336 699 3414 ecclesiastica
716 3351 958 3425 sacramenta,
978 3350 1016 3411 et
1032 3333 1153 3411 credit
1170 3335 1275 3440 quod
1295 3334 1391 3411 ordo
1411 3335 1462 3411 ita
1481 3333 1672 3423 credebat,
1691 3355 1729 3411 et
1796 3383 1800 3391 ·

311 3469 430 3545 crodit
453 3469 558 3574 quod
583 3467 794 3544 sacerdotes
818 3465 977 3557 ordinis,
1000 3466 1038 3541 in
1064 3466 1186 3543 missis
1210 3465 1303 3553 suis,
1331 3466 1505 3543 dicebant
1527 3465 1639 3541 verba
1662 3493 1728 3571 per

309 3628 383 3704 que
402 3598 604 3676 conficitur.
614 3625 749 3704 corpus
766 3597 917 3676 Christi.
1345 3596 1347 3600 ’

366 3731 477 3819 Item,
497 3756 610 3834 super
627 3727 806 3816 articulis,
824 3757 872 3805 an
886 3728 1062 3805 videlicet
1078 3728 1255 3833 Magister
1274 3743 1312 3804 et
1331 3724 1392 3803 alii
1412 3744 1648 3833 preceptores
1668 3755 1728 3803 or-

313 3858 412 3933 dinis
430 3873 583 3960 possent
601 3855 731 3935 fratres
746 3857 948 3935 absolvere
967 3887 987 3933 a
1003 3859 1178 3963 peccatis,
1199 3875 1267 3934 etc.
1292 3874 1330 3934 et
1351 3886 1464 3963 super
1485 3856 1729 3963 sequentibus

312 4014 432 4092 usque
451 3986 500 4061 ad
512 3984 712 4061 articulum
730 3987 777 4062 de
793 3988 1040 4077 osculacione,
1059 4005 1128 4065 etc.
1142 3986 1380 4092 singulariter
1398 3987 1616 4093 requisitus,
1640 3987 1731 4064 dixit

311 4117 416 4223 quod
436 4144 629 4223 nunquam
653 4116 795 4192 audivit
815 4117 887 4193 dici
908 4145 978 4194 nec
997 4117 1117 4220 credit
1136 4118 1241 4224 quod
1258 4134 1425 4222 possent,
1445 4115 1516 4192 nisi
1535 4094 1659 4192 essent
1675 4146 1731 4194 sa-

310 4248 497 4336 cerdotes,
526 4274 595 4322 nec
622 4245 726 4323 aliud
753 4247 821 4323 scit
847 4249 895 4325 de
920 4248 995 4325 illis
1020 4247 1329 4335 articulis-Item,
1354 4276 1467 4354 snper
1490 4247 1654 4325 articulis
1682 4248 1729 4325 de

313 4378 561 4469 osculacione,
584 4406 705 4484 usque
726 4378 773 4454 ad
794 4378 994 4456 articulum
1015 4378 1218 4486 juramenti
1240 4379 1343 4484 quod
1367 4379 1539 4456 ordinem
1559 4407 1635 4456 non
1656 4381 1730 4456 exi-

313 4525 413 4592 rent,
436 4525 503 4583 etc.
527 4508 994 4615 singulariterrequisitus
1018 4526 1142 4615 super'
1154 4508 1341 4615 quolibet,
1365 4510 1456 4586 dixit
1480 4511 1584 4615 quod
1609 4509 1731 4585 inore

309 4664 352 4711 se
370 4636 632 4715 osculabantur
650 4638 688 4715 in
707 4631 942 4746 recepcione‚
963 4641 1030 4717 sed
1049 4642 1095 4718 de
1115 4640 1196 4717 aliis
1213 4669 1289 4717 non
1307 4639 1416 4732 vidit,
1433 4669 1505 4717 nec
1522 4641 1641 4717 credit
1657 4666 1734 4716 ser·

309 4766 386 4841 vari
406 4766 445 4841 in
464 4768 608 4844 ordine.
628 4769 739 4859 ltem,
759 4770 963 4876 requisitus
980 4797 1094 4876 super
1113 4770 1270 4849 articulo
1285 4771 1489 4878 juramenti
1507 4771 1611 4877 quod
1630 4770 1732 4847 ordi-

305 4922 401 4974 nem
424 4924 502 4973 uon
522 4900 665 4975 exirent
680 4876 722 4976 'et
741 4900 822 4977 aliis
842 4929 961 5008 usque
985 4901 1033 4978 ad
1058 4901 1257 4981 articulum
1278 4902 1325 4978 de
1346 4902 1593 4980 commixione
1619 4901 1731 4977 unius

1573 5039 1622 5100 23.
