4080 6052
691 504 883 594 rnocts
910 526 1004 595 ons
1031 527 1331 599 TEMPLIERS.
1676 536 1719 605 rc

307 666 484 750 sidensis,
503 679 541 740 et
554 662 725 740 lecerunt
733 663 865 769 jurare
878 663 1072 756 eumdem,
1089 666 1194 771 quod
1214 695 1347 744 eorum
1367 668 1540 744 mandata
1560 670 1723 749 fideliter
1754 684 1758 692 '

288 780 566 902 exequeretur.
587 792 659 872 Cui
683 811 948 900 preceperunt,
969 796 1074 902 quod
1099 797 1171 874 alta
1194 827 1281 876 voce
1301 798 1547 905 proclamaret
1565 801 1604 876 in
1625 802 1722 879 dicta

305 927 389 1005 aula
406 943 445 1003 et
459 925 629 1012 ecclesia,
646 925 686 1001 in
700 925 816 1031 janua
835 925 968 1032 majori
989 927 1087 1005 dicte
1102 928 1203 1020 aule,
1224 958 1353 1008 versus
1372 931 1514 1007 curiam
1535 929 1623 1007 dicti
1647 931 1723 1007 offi—

304 1057 405 1136 cialis
415 1056 643 1142 Parisiensis,
661 1072 699 1132 et
713 1055 814 1133 intus
827 1057 867 1133 in
883 1057 985 1133 curia
999 1059 1116 1164 ipsius
1130 1058 1307 1147 officialis,
1320 1061 1424 1166 quod
1436 1062 1466 1138 si
1482 1060 1616 1166 aliquis
1630 1079 1719 1147 erat,

304 1191 372 1296 qui
386 1216 455 1294 pro
472 1187 572 1264 dicto
587 1185 718 1264 ordine
730 1187 896 1293 Templi,
912 1188 970 1266 vel
984 1188 1161 1267 fratribus
1175 1191 1292 1297 ipsius
1307 1192 1465 1279 ordinis,
1482 1209 1547 1268 aut
1561 1191 1641 1269 aliis
1655 1220 1722 1296 per

306 1319 407 1424 ipsos
427 1318 599 1395 dominos
619 1318 891 1397 commissarios
909 1348 977 1426 per
1001 1321 1144 1398 dictum
1167 1321 1362 1426 publicum
1383 1350 1515 1399 eorum
1535 1322 1722 1399 citacionis

307 1448 473 1526 edictum
492 1448 627 1524 vocatis
647 1466 684 1525 et
697 1449 831 1535 citatis,
847 1437 960 1526 vellet
974 1478 1203 1556 comparere,
1218 1450 1276 1527 vel
1291 1451 1433 1556 aliquid
1453 1451 1577 1527 dicere
1597 1479 1720 1527 coram

306 1579 375 1663 eis,
397 1576 590 1654 accederet
617 1577 667 1654 ad
691 1605 771 1669 eos,
793 1580 881 1684 quia
909 1581 1027 1685 parati
1047 1597 1152 1658 erant
1169 1581 1331 1687 benigne
1356 1579 1486 1657 audire
1511 1579 1665 1657 eosdem
1686 1598 1723 1654 et

304 1708 423 1785 lacere
439 1707 544 1812 quod
564 1724 643 1783 erat
661 1705 885 1786 laciendum.
903 1710 1018 1802 Quod
1037 1728 1256 1816 preceptum
1275 1710 1377 1787 idem
1398 1708 1584 1814 apparitor
1603 1708 1723 1784 extitit

305 1855 498 1923 executus,
520 1837 624 1916 etde
645 1837 743 1914 dicta
763 1839 983 1916 execucione
1003 1839 1091 1917 lecit
1109 1840 1334 1917 relacionem
1354 1839 1509 1915 eisdem.
1533 1838 1617 1929 Qua
1636 1837 1724 1914 rela-

303 1968 409 2044 cione
431 1968 573 2055 audita,
595 1997 681 2043 cum
701 1967 828 2046 nullus
847 1987 1079 2074 compareret
1098 1998 1222 2046 coram
1242 1969 1312 2055 eis,
1334 1968 1436 2045 idem
1458 1967 1600 2043 domiui
1622 1995 1723 2045 com·

304 2097 461 2174 missarii
492 2096 793 2175 deliberaverunt
819 2100 918 2176 inter
945 2127 1002 2185 se,
1036 2116 1074 2175 et
1103 2099 1348 2175 decreverunt
1378 2126 1446 2202 per
1477 2125 1541 2173 eos
1568 2124 1647 2173 esse
1676 2096 1722 2172 dc
1853 2170 1857 2175 .

304 2225 534 2332 benignitate
561 2227 684 2305 adhuc
715 2230 1001 2333 expectandum,
1030 2231 1289 2307 continuantes
1311 2247 1351 2305 et
1372 2243 1615 2335 prorogantes
1635 2227 1723 2303 assi-

306 2356 524 2461 gnacionem
543 2356 660 2458 hujus
678 2358 830 2430 termini
849 2359 897 2433 ad
916 2360 957 2434 id
976 2359 1023 2435 ad
1043 2361 1147 2462 quod
1164 2359 1287 2435 luerat
1305 2359 1510 2462 assignatus
1538 2384 1657 2461 usque
1684 2358 1723 2432 in

305 2484 508 2559 crastinum
537 2483 632 2559 hora
662 2482 796 2587 prime.
829 2483 956 2575 Quam
984 2486 1325 2568 continuacionem,
1359 2485 1655 2587 expectacionem
1688 2501 1725 2560 et

304 2612 611 2719 prorogacionem
632 2629 895 2717 preceperunt,
919 2629 958 2689 et
974 2610 1144 2690 fecerunt
1167 2613 1240 2688 alta
1258 2639 1346 2688 voce
1359 2611 1585 2717 proclamari
1606 2629 1645 2689 et
1662 2641 1726 2715 pu·

303 2743 433 2820 blicari
453 2769 520 2846 per
539 2742 682 2819 dictum
707 2742 957 2847 apparitorem
980 2728 1020 2817 in
1044 2741 1143 2819 dicta
1166 2740 1252 2819 aula
1275 2741 1491 2847 episcopali,
1518 2741 1618 2817 etin
1642 2741 1725 2846 ejus

305 2891 412 2980 porta
430 2871 579 2978 majori,
597 2889 635 2948 et
653 2872 756 2948 curia
771 2871 936 2949 officialis
950 2871 1121 2977 predicti.
1138 2872 1195 2949 De
1211 2871 1350 2979 quibus
1363 2871 1565 2948 voluerunt
1582 2886 1622 2948 et
1639 2898 1725 2975 pre-

306 3019 487 3110 ceperunt
507 3001 595 3079 dicti
615 3001 760 3078 domini
780 3002 1021 3079 commissarii
1046 3030 1114 3106 per
1132 3029 1194 3078 me
1214 3001 1506 3078 Floriamontem
1525 2999 1722 3078 Dondedei

295 3150 345 3210 et
364 3133 455 3209 alios
475 3131 639 3208 notarios
658 3129 909 3237 infrascriptos
927 3131 1009 3208 lieri
1028 3131 1222 3237 publicum
1242 3132 1547 3208 instrumentum.

360 3394 459 3470 Sane
479 3408 588 3468 tenor
605 3391 772 3496 predicte
791 3391 915 3469 littere
936 3391 1080 3469 domini
1101 3392 1242 3469 Mathei
1263 3391 1309 3468 de
1329 3390 1482 3495 Neapoli
1502 3389 1586 3466 talis
1605 3406 1661 3466 est
1678 3423 1708 3472 z,

360 3520 648 3600 Venerabilibus
674 3523 713 3598 in
742 3523 893 3600 Christo
925 3521 1108 3627 patribus,
1138 3522 1300 3599 dominis
1332 3521 1405 3598 Dei
1440 3521 1560 3625 gracia
1585 3519 1725 3598 Narbo·

307 3655 412 3731 nensi
432 3653 726 3759 archiepiscopo,
742 3652 950 3760 Bajocensi‚
966 3653 1176 3731 Mimatensi
1197 3669 1236 3729 et
1254 3649 1506 3736 Lemovicensi
1527 3649 1723 3755 episcopis,

306 3814 346 3860 ac
383 3784 660 3861 venerabilibus
696 3783 786 3860 viris
826 3783 989 3861 dominis
1017 3784 1178 3877 lohanni
1213 3783 1260 3861 de
1295 3784 1448 3861 Mantua
1485 3779 1722 3869 Tridentino,

308 3929 347 3988 et
373 3912 533 3986 lohanni
558 3913 605 3989 de
630 3914 759 3991 Monte
784 3915 906 3991 lauro
937 3914 1210 4021 Magalonensis
1240 3913 1478 3992 ecclesiarum
1502 3908 1726 3987 archidiaco-

307 4043 380 4131 nis,
404 4039 568 4117 dominis
586 4056 625 4115 et
643 4042 769 4119 amicis
788 4045 1000 4131 carissimis,
1022 4046 1062 4120 in
1081 4043 1176 4120 lacto
1195 4042 1514 4145 Templariorum,
1537 4062 1558 4113 a
1577 4037 1726 4113 sanctis-

308 4175 403 4251 simo
418 4172 457 4248 in
472 4170 623 4249 Christo
638 4187 742 4277 patre
758 4188 796 4248 et
811 4171 964 4251 domino
978 4174 1175 4252 Clemente
1189 4172 1312 4247 divina
1325 4167 1561 4274 providencia
1574 4195 1667 4272 papa
1679 4168 1723 4250 V,

309 4332 382 4380 una
406 4299 604 4379 nobiscum
627 4301 912 4407 inquisitoribus
936 4300 1139 4407 deputatis,
1166 4299 1338 4377 Matheus
1367 4297 1535 4403 Caragoli
1564 4297 1611 4373 de
1628 4298 1728 4373 Nea·

310 4432 386 4537 poli
411 4430 554 4507 domini
578 4431 675 4537 Pape
696 4431 863 4510 notarius
887 4433 926 4509 in
956 4431 1084 4510 salutis
1113 4447 1263 4507 auctore
1283 4429 1447 4506 hominis
1469 4446 1652 4532 utusque
1673 4455 1729 4502 sa-

310 4561 442 4638 lutem.
464 4560 562 4638 Cum
583 4561 643 4638 die
663 4561 839 4639 Mercurii
861 4578 946 4667 post
964 4562 1100 4640 festum
1123 4560 1224 4636 beati
1244 4558 1409 4648 Martini,
1431 4585 1481 4634 ru
1500 4557 1639 4633 mensis
1658 4558 1730 4634 No-

311 4689 488 4777 vembris,
510 4708 663 4797 propter
687 4693 911 4769 necessarias
933 4708 974 4771 et
995 4690 1181 4797 legitimas
1199 4717 1326 4767 causas
1346 4715 1544 4795 personam
1560 4703 1726 4774 nostram

313 4822 519 4927 specialiter
543 4823 815 4928 contingentes,
837 4822 885 4899 ad
906 4823 1165 4900 execucionem
1191 4820 1446 4927 inquisicionis
1468 4836 1596 4898 contra
1614 4819 1727 4895 Tem-

1568 4957 1596 5015 3.
