4080 6052
311 533 385 610 tou
694 506 1342 604 rnocssnnsruupumss.

309 703 427 788 qnare
446 699 525 751 non
546 668 739 750 deferebat
757 667 983 748 mantellum
1006 665 1168 759 ordinis,
1189 663 1386 773 respondit
1404 664 1512 774 quod
1530 666 1659 774 ipsum
1676 669 1726 749 di-

309 809 466 885 miserat
483 818 569 910 post
585 800 787 880 concilium
806 803 991 878 Remense
1004 797 1073 887 ,sin
1089 824 1167 906 quo
1186 796 1310 875 fuerat
1328 795 1529 877 absolutus
1548 815 1587 876 et
1603 826 1726 880 moen·

310 937 457 1014 ciliatus
482 961 552 1040 per
575 930 777 1010 dominum
807 929 1128 1037 archiepiscopum
1158 930 1401 1018 Remensem,
1431 956 1504 1036 per
1533 929 1721 1013 dominum

309 1065 354 1146 G.
372 1064 567 1172 quondam
580 1060 873 1140 Ambianensem
889 1059 1107 1166 episoopum
1124 1057 1248 1136 fuerat
1264 1087 1352 1135 oum
1369 1086 1416 1137 eo
1432 1058 1669 1166 inquisitum,
1683 1081 1720 1142 et

310 1214 366 1274 est
377 1194 722 1303 quinquagenarius
737 1192 794 1271 vel
810 1192 917 1269 cirea.
931 1191 1054 1268 Lectis
1068 1208 1195 1270 autem
1205 1207 1244 1267 et
1257 1189 1461 1298 diligenter
1470 1191 1545 1270 sibi
1557 1195 1720 1300 expositis

308 1326 488 1405 omnibus
507 1341 547 1401 et
565 1324 724 1432 singulis
745 1321 928 1410 articulis,
945 1320 1143 1429 respondit
1161 1320 1210 1397 ad
1230 1347 1310 1410 eos,
1330 1337 1369 1397 et
1383 1321 1509 1429 primo
1526 1322 1577 1400 ad
1589 1323 1724 1430 primos

309 1483 367 1544 nv,
389 1482 430 1533 se
450 1454 594 1532 nescire
614 1454 646 1532 si
664 1452 916 1532 communiter
934 1449 1065 1530 fratres
1085 1449 1319 1558 abnegabant
1336 1450 1465 1529 Deum
1479 1451 1526 1528 in
1544 1454 1724 1560 receptio·

309 1584 422 1663 nibus
446 1586 541 1672 suis,
564 1583 623 1661 vel
648 1601 749 1693 post,
773 1611 843 1661 nec
866 1583 898 1659 si
925 1581 1111 1688 spuebant
1133 1610 1249 1689 super
1267 1609 1439 1673 crucem3
1461 1582 1586 1660 credit
1606 1602 1722 1664 tamen

309 1714 415 1821 quod
432 1713 684 1793 communiter
696 1714 953 1819 reciperentur
970 1710 1164 1819 sicutipse
1181 1710 1254 1790 luit
1266 1729 1441 1818 receptus
1455 1711 1497 1788 in
1517 1711 1651 1820 capella
1663 1715 1723 1793 do·

310 1874 395 1923 mus
403 1845 554 1952 Templi
567 1846 616 1922 de
625 1844 843 1925 BelloVissu
850 1840 1112 1921 Ambianensis
1126 1842 1302 1932 diocesis,
1312 1842 1353 1918 in
1362 1843 1517 1922 instanti
1528 1844 1621 1923 festo
1627 1845 1722 1925 beati

276 2037 280 2045 .
307 1978 501 2054 Benedicti
523 1994 635 2068 erunt
651 2004 698 2054 xx
717 1977 805 2052 anni
823 1973 884 2052 vel
903 1973 1015 2066 circa,
1040 2001 1110 2081 per
1132 1973 1285 2051 fratrem
1308 1973 1524 2052 Johmnem
1548 1975 1597 2053 de
1619 1975 1724 2057 Villa·

309 2135 402 2182 nova
430 2106 625 2212 quondam
648 2106 888 2194 servientem,
918 2120 1177 2211 preceptorem
1205 2121 1298 2183 tunc
1319 2103 1457 2182 ballive
1484 2104 1536 2185 de
1556 2107 1720 2199 Pontivo,

307 2237 547 2341 presentibus
568 2236 746 2314 fratribus
764 2236 921 2315 Gastero
944 2235 992 2312 de
1007 2234 1200 2314 Morivalle
1218 2237 1437 2343 preceptore
1457 2237 1720 2331 diotedomus,

309 2365 531 2464 Theobaldo
551 2367 600 2444 de
619 2365 798 2445 Molleriis
813 2364 1078 2458 servientibus,
1098 2365 1308 2444 deffunetis.
1327 2367 1404 2461 Qui
1421 2384 1600 2476 receptus
1613 2369 1724 2449 brerat

308 2525 375 2603 per
392 2498 495 2574 hunc
519 2499 705 2574 modum:
726 2525 813 2572 nam
833 2523 922 2574 cum
947 2497 1216 2604 requisivisset,
1248 2498 1353 2576 flexis
1379 2499 1564 2607 genibus,
1593 2500 1723 2580 edicto

307 2643 499 2735 receptore
512 2626 572 2703 bis
587 2627 627 2701 in
642 2625 740 2703 dicta
751 2625 891 2731 capella
900 2652 1036 2732 panem
1053 2644 1092 2703 et
1101 2656 1237 2735 aquam
1250 2628 1410 2721 ordinis,
1429 2629 1657 2712 etfuissetei
1670 2662 1724 2712 re·

307 2784 489 2861 sponsum
504 2755 608 2861 quod
622 2755 720 2833 bene
737 2754 977 2848 deliberaret,
992 2757 1080 2864 quia
1094 2758 1276 2864 grandem
1289 2786 1370 2835 rem
1385 2761 1559 2867 petebat,
1572 2779 1720 2869 etopor·

306 2902 404 2961 teret
419 2915 507 2963 eum
522 2885 642 2962 multa
661 2886 845 2963 sustinere
864 2903 901 2963 et
913 2886 1103 2965 dimittere
1113 2888 1307 2996 ‘propriam
1320 2890 1569 2985 voluntatem,
1584 2909 1621 2971 et
1635 2922 1720 2972 cum

307 3014 386 3118 ipse
418 3015 673 3120 respondisset
700 2993 805 3123 quod
836 3018 964 3094 omnia
993 3017 1092 3095 bene
1121 3037 1371 3127 supportaret,
1400 3038 1440 3099 et
1469 3022 1531 3101 bis
1556 3021 1722 3103 fecissent

308 3171 396 3220 eum
418 3145 516 3221 exire
537 3145 674 3222 dictam
694 3146 874 3252 capellam
893 3164 938 3224 ut
956 3146 1224 3241 deliberarent,
1243 3151 1360 3229 tercio
1380 3152 1577 3232 reintravit
1593 3156 1723 3235 dictam

308 3273 507 3378 capellam,
531 3292 568 3351 et
593 3275 705 3382 peciit
733 3277 914 3354 instanter
936 3295 981 3355 ut
1003 3307 1116 3385 supra
1137 3281 1272 3388 recipi3
1292 3299 1384 3360 tunc
1409 3284 1532 3362 dictus
1557 3305 1726 3395 receptor

307 3403 399 3479 dixit
428 3405 463 3480 ei
491 3406 597 3510 quod
622 3423 854 3484 converteret
880 3437 919 3485 se
945 3406 1001 3484 ad.
1020 3410 1215 3515 quoddam
1247 3412 1361 3489 altare
1389 3415 1496 3491 beate
1515 3417 1655 3509 Marie,
1687 3437 1723 3494 et

305 3553 454 3640 rogaret
483 3535 608 3612 Deum
639 3555 677 3613 et
704 3566 787 3614 eam
816 3537 921 3644 quod
944 3538 1119 3646 juvarent
1150 3570 1255 3634 eum3
1285 3544 1522 3650 postmodum
1556 3546 1721 3625 finaliter

305 3664 393 3741 fecit
413 3694 502 3741 eum
521 3667 648 3773 jurare
678 3697 793 3773 super
816 3669 1007 3775 quendam
1025 3670 1168 3748 librum
1188 3675 1293 3779 quod
1317 3677 1396 3781 ipse
1415 3694 1634 3782 procuraret
1652 3707 1721 3757 suo

304 3822 412 3899 posse
441 3794 651 3899 profectum
677 3816 715 3874 et
734 3799 935 3876 utilitatem
954 3801 1113 3892 ordinis,
1137 3831 1266 3880 vovere
1291 3808 1581 3896 continenciam,
1603 3810 1721 3887 vivere

304 3923 383 4002 sine
399 3928 570 4035 proprio,
589 3944 626 4004 et
643 3930 748 4033 quod
766 3929 940 4007 obediret
953 3933 1212 4037 superioribus
1229 3936 1288 4011 sui
1306 3936 1462 4014 ordinis.
1478 3939 1720 4020 Postmodum

303 4055 486 4160 imposuit
510 4057 580 4133 sibi
605 4058 848 4151 mantellum,
877 4061 1016 4167 etipse
1043 4082 1215 4168 receptor
1240 4083 1278 4142 et
1295 4066 1428 4145 iratres
1452 4088 1617 4149 astantes
1645 4070 1720 4150 fue·

303 4203 395 4261 runt
419 4216 508 4262 eum
533 4188 686 4264 osculati
713 4190 751 4265 in
772 4220 848 4267 ore.
869 4192 1118 4270 Postmodum
1137 4215 1391 4289 recesserunt,
1413 4217 1451 4277 et
1472 4199 1573 4278 dicta
1593 4203 1654 4281 die
1678 4203 1718 4280 de

304 4314 407 4390 nulla
423 4345 464 4393 re
485 4317 614 4394 illicita
631 4319 690 4394 vel
711 4319 909 4398 inhonesta
927 4320 1083 4400 luerunt
1098 4324 1214 4402 locuti
1236 4327 1381 4419 eidem,
1405 4347 1443 4407 et
1462 4332 1537 4408 hoc
1557 4332 1717 4412 fecerunt

303 4445 342 4521 in
353 4445 515 4552 quadam
532 4448 593 4524 die
608 4450 795 4563 Mercurii.
812 4452 1058 4559 Ppstmodum
1068 4483 1174 4544 voro,
1192 4457 1231 4532 in
1244 4458 1305 4534 die
1321 4461 1448 4537 Martis
1459 4462 1712 4571 subsequenti,

303 4577 402 4653 venit
422 4578 471 4652 ad
486 4578 644 4656 domum
664 4582 811 4687 Templi
830 4600 957 4659 vocata
973 4587 1141 4679 Foresta,
1157 4589 1255 4664 dicte
1271 4588 1535 4671 Ambianensis
1554 4595 1711 4681 diocesis,

304 4705 411 4810 cujus
432 4705 548 4784 claves
568 4712 702 4788 tradite
727 4711 876 4792 fuerant
895 4716 965 4821 ipsi
985 4718 1070 4793 testi
1085 4747 1153 4825 per
1174 4720 1316 4796 dictum
1336 4741 1593 4830 receptorem,
1613 4727 1711 4804 buter

303 4832 478 4913 Galterus
497 4840 731 4941 supradictus
758 4845 853 4921 circa
876 4847 1007 4925 horam
1026 4847 1147 4954 prime
1175 4851 1215 4928 in
1235 4852 1332 4928 dicta
1352 4856 1492 4962 capella
1516 4859 1634 4965 ipsius
1648 4856 1709 4933 do·
