4080 6052
695 501 1011 599 rsootsnss
1037 521 1337 599 rnuettnns.
1407 534 1410 541 ·
1651 531 1724 602 sos
1808 548 1812 553 ·
1942 462 1945 466 ⁴

347 667 477 755 ·.1tem‚
494 680 666 743 contenta
676 664 853 744 tn-umu
861 680 931 743 etv
947 663 1207 770 sequentibus,
1219 652 1465 769 responditu-
1475 664 1626 742 credere
1640 693 1724 744 vera

312 822 408 885 ease,
425 795 516 902 quia
538 793 718 901 jurabant
739 822 818 881 non
844 794 961 885 exire,
984 810 1022 871 et
1041 793 1164 871 statim
1186 822 1256 899 pro
1274 792 1449 901 professis
1472 792 1721 883 habebantur,

310 943 363 1004 et.
368 925 626 1003 clamdestine
617 925 934 1037 recipiebantur,
955 924 1075 1002 nescit
1090 901 1224 1002 'umen
1242 925 1273 1001 si
1293 927 1338 1001 ex
1363 924 1437 1001 hoc
1460 941 1541 1003 erat
1564 925 1724 1030 stupicio

309 1074 438 1138 fflssira
458 1075 535 1133 (305.

363 1187 474 1275 Item
489 1185 539 1262 de
555 1183 751 1261 contentis
748 1184 799 1260 in
813 1211 860 1265 ut
880 1201 919 1262 et
935 1209 958 1262 v
972 1184 1237 1290 sequentibus,
1250 1184 1447 1291 respondit
1458 1200 1641 1290 utsupra
1658 1188 1725 1265 sed

307 1332 436 1392 tamen
454 1313 573 1391 nescit
591 1341 662 1389 nec
680 1314 800 1390 credit
818 1314 923 1419 quod
942 1313 1138 1392 curialiter
1155 1315 1536 1395 commiscerentur.

364 1447 475 1536 Item,
491 1445 539 1522 ad
553 1470 638 1523 xnvl
651 1460 690 1520 et
706 1470 744 1520 ru
759 1460 959 1550 sequentes
973 1445 1022 1520 de
1039 1444 1222 1550 capitibus
1238 1436 1459 1549 ydolorum,
1477 1445 1672 1549 respondit
1684 1475 1723 1523 se

308 1575 520 1652 interfuisse
545 1574 707 1652 Parisino
717 1573 771 1651 ain
792 1574 962 1679 quodam
988 1573 1165 1680 capitulio
1190 1573 1374 1680 generali,
1396 1573 1501 1682 quod
1522 1575 1646 1653 tenuit
1669 1576 1722 1655 ibi

305 1693 419 1782 frater
438 1702 628 1782 Gerardus
649 1703 702 1780 de
720 1703 923 1784 villaribus
937 1704 1156 1811 predictus,
1178 1703 1219 1779 in
1243 1705 1451 1809 septimana
1474 1720 1560 1808 post
1583 1704 1724 1783 instans

305 1832 456 1915 festum.
471 1835 735 1940 apostolorum.
754 1836 852 1917 Petri
879 1853 926 1913 st·
942 1835 1047 1919 Pauli
1072 1852 1184 1912 crunt
1208 1861 1286 1912 vtur
1305 1834 1363 1912 vel
1388 1862 1411 1912 x
1435 1833 1543 1921 anni;
1569 1851 1606 1910 et
1630 1834 1722 1911 dum

308 1962 452 2040 dictum
479 1963 687 2069 capituham
712 1964 979 2040 terminaretur
1005 1980 1046 2040 et
1076 1962 1208 2045 fratres
1238 1963 1428 2041 flexissent
1454 1990 1596 2068 genua,
1622 1991 1722 2047 unus

306 2092 420 2170 frater
434 2093 600 2170 serviens
609 2093 767 2180 ordinis,
784 2094 850 2199 qui
867 2094 1084 2172 morabatur
1098 2123 1185 2173 cum
1203 2094 1304 2188 dicto
1315 2092 1429 2172 statre
1439 2092 1620 2184 Geroda
1632 2073 1722 2173 tunc

305 2240 525 2329 preceptore
537 2223 716 2312 Francia,
734 2240 772 2300 et
785 2223 906 2299 credit
920 2224 1025 2329 quod
1040 2224 1163 2301 dictus
1178 2224 1292 2301 frater
1306 2225 1468 2302 serviens
1482 2222 1597 2310 suerit
1610 2222 1722 2301 frater

306 2354 416 2459 Rugo
436 2353 485 2429 do
504 2352 697 2439 Bisuncio,
718 2351 925 2458 apportavit
943 2352 1136 2458 quoddam
1161 2353 1284 2457 capud
1302 2352 1520 2457 ydolorum,
1550 2368 1588 2427 et
1607 2352 1721 2429 collo·

306 2482 399 2559 cavit
418 2482 542 2587 ipsum
569 2481 610 2556 in
633 2474 799 2586 quodam
817 2480 936 2558 banco
957 2478 1062 2586 juxta
1083 2480 1226 2566 dictum
1254 2478 1408 2559 fratrem
1429 2479 1665 2570 Garanum-3
1685 2499 1722 2557 et

305 2612 385 2716 ipse
399 2611 520 2698 testis,
530 2610 609 2687 viso
621 2609 726 2686 dicto
738 2610 869 2715 capite,
878 2609 958 2687 -suit
971 2610 1065 2686 adeo
1082 2609 1305 2714 perterritus
1319 2610 1423 2714 quod
1437 2609 1546 2714 qttasi
1560 2610 1722 2688 nesciret

305 2739 372 2816 ubi
388 2756 502 2831 esset,
517 2756 559 2816 et
568 2737 750 2815 inclinato
765 2739 884 2845 capite
901 2738 1117 2816 immediate
1138 2738 1248 2816 exivit
1265 2738 1409 2817 dictum
1423 2727 1645 2844 capitidum,
1663 2739 1722 2818 ab

304 2869 495 2949 solucione
521 2897 598 2946 non
624 2886 828 2975 expectata,
849 2898 920 2945 nec
939 2869 1008 2957 seit
1024 2896 1097 2945 nec
1115 2868 1209 2945 vidit
1226 2867 1332 2975 quod
1352 2886 1486 2946 extunc
1505 2887 1629 2947 actum
1648 2870 1722 2948 fuit

304 2999 343 3076 in
365 3001 465 3077 dicto
484 2998 673 3104 capitulio.
690 2998 906 3105 Requisitus
915 2998 970 3075 de
995 2998 1095 3075 dicto
1116 2999 1233 3104 capite
1253 2998 1374 3104 qualis
1393 3016 1493 3076 esset
1510 2999 1647 3106 figure,
1668 3028 1720 3078 re

304 3129 457 3234 spondit
469 3157 515 3206 se
535 3129 695 3216 nescire,
714 3128 804 3234 quia
822 3129 916 3204 adeo
935 3126 1009 3205 fuit
1024 3129 1221 3233 erteuitus
1239 3129 1316 3206 viso
1338 3129 1439 3208 dicto
1459 3128 1594 3235 capite,
1610 3131 1720 3236 quod

305 3257 387 3365 ejus
416 3256 576 3363 figuram
606 3275 643 3333 et
668 3256 816 3364 dequo
841 3272 1045 3366 essetnon
1075 3256 1148 3333 fuit
1177 3258 1421 3364 ymaginatus.
1448 3258 1718 3364 Requisitussi

304 3405 412 3466 antea
428 3387 621 3464 audiverat
635 3387 719 3463 ficri
731 3387 966 3464 mencionem
979 3386 1032 3463 -de
1048 3387 1147 3465 dieto
1162 3388 1280 3494 capi-te
1298 3387 1337 3464 in
1354 3387 1504 3474 ordine,
1525 3389 1720 3492 respondit

304 3517 408 3623 quod
420 3546 510 3594 non.
528 3516 744 3622 Requisitus
756 3516 787 3594 si
801 3517 922 3595 credit
934 3517 1040 3624 quod
1059 3517 1203 3595 dictum
1221 3517 1344 3622 capud
1358 3533 1456 3594 esset
1466 3515 1612 3595 bonum
1625 3518 1720 3623 quid

302 3646 360 3723 vel
384 3647 543 3738 maium,
569 3646 766 3752 respondit
788 3675 828 3723 se
856 3647 1008 3725 credere
1034 3646 1139 3752 quod
1161 3646 1331 3739 malum„
1344 3645 1560 3752 Requisitus
1580 3646 1618 3725 ,si
1642 3673 1718 3723 non

303 3774 426 3851 fuerat
453 3775 703 3880 reprehensus
733 3775 781 3852 ab
810 3776 891 3852 aliis
920 3776 1008 3881 quia
1040 3775 1199 3855 exiverat
1231 3775 1375 3854 dictum
1403 3776 1627 3881 capitulum,
1658 3805 1720 3855 re-

304 3904 456 4011 spondit
474 3903 580 4011 quod
599 3931 695 3992 non,
716 3905 804 4011 quia
822 3903 974 4011 gerebat
986 3923 1080 3985 ‚tunc
1093 3906 1190 3984 vices
1210 3907 1335 4013 magni
1354 3908 1573 4012 receptoria,
1594 3925 1632 3986 et
1650 3936 1729 4014 po-

303 4053 402 4113 terat
427 4035 527 4112 exire
555 4050 595 4113 et
624 4035 763 4112 intrare
793 4035 1001 4141 capitulum
1037 4065 1124 4115 cum
1149 4036 1311 4116 volebat.
1339 4038 1555 4145 Requisitus
1583 4039 1718 4117 sinon

306 4165 484 4272 pecierat,
514 4165 560 4242 ab
585 4164 745 4272 illisqui
768 4183 1024 4245 remanserant
1047 4166 1088 4244 in
1114 4167 1213 4246 dicto
1233 4167 1427 4275 capitulio,
1452 4168 1558 4276 quod
1578 4167 1718 4247 sactum

303 4296 426 4375 fuerat
446 4299 492 4375 de
514 4296 613 4374 dicto
635 4297 754 4403 capite
773 4296 832 4375 vel
851 4315 938 4375 'cum
967 4326 1032 4391 eo,
1051 4298 1248 4406 respondit
1268 4298 1372 4406 quod
1391 4328 1481 4378 non.
1502 4299 1719 4406 Requisitvs

306 4423 354 4502 de
383 4427 601 4504 nominibus
624 4427 777 4504 illorum
811 4427 970 4506 fratrum
992 4427 1060 4534 qui
1084 4428 1282 4508 adfuerant
1302 4428 1407 4506 dicto
1432 4429 1630 4536 capitulio,
1659 4458 1719 4507 re-

304 4555 458 4660 spondit
467 4582 508 4632 se
517 4584 594 4633 non
604 4557 807 4650 recordari
821 4557 893 4636 nist
883 4558 951 4636 de
968 4559 1077 4637 dictis
1088 4558 1266 4642 iratribus
1277 4558 1445 4639 Gerardo
1458 4561 1507 4640 de
1515 4559 1717 4641 Villauhua

305 4700 343 4761 at
356 4685 521 4791 Hugone
539 4684 723 4762 serviente
741 4714 823 4764 suo

359 4813 475 4904 Item,
492 4813 586 4891 dixit
601 4815 741 4922 quod
730 4844 772 4894 1n
796 4844 894 4895 anno
913 4728 1131 4927 precedenti
1149 4818 1208 4897 vel
1226 4810 1480 4987 atvbsoquenti.
1496 4800 1640 4901 dictum
1657 4847 1715 4898 ca·
