4080 6052
545 557 619 633 aaa
933 531 1128 625 rnocts
1146 549 1248 623 ons
1275 546 1573 619 usurarias.

543 728 681 821 puncta
697 710 841 789 ordinis
860 736 904 787 ex
920 709 1060 817 quibus
1074 721 1222 813 poterat
1237 706 1430 783 incurrere
1451 704 1614 783 diversas
1641 731 1775 811 penas.
1792 699 1972 817 Postque

542 858 777 921 recesserunt
789 866 931 918 omnes.
952 837 1201 916 Postmodum
1221 835 1345 912 dictus
1359 833 1472 915 irater,
1487 835 1707 943 Raynardus
1723 836 1835 913 duxit
1848 836 1970 942 ipsum

542 991 676 1052 testem
692 971 740 1048 ad
752 969 957 1077 quamdam
974 958 1125 1076 logiam,
1147 967 1187 1041 in
1201 994 1275 1072 qua
1291 964 1433 1041 liebant
1447 964 1649 1070 aliquando
1670 965 1788 1057 dolia,
1810 983 1849 1041 et
1864 993 1969 1073 apor-

541 1103 631 1179 tavit
649 1100 851 1208 quamdam
871 1126 1021 1175 crucem
1050 1099 1213 1205 ligneam
1236 1096 1439 1201 depictam,
1475 1124 1591 1202 quam
1624 1095 1773 1172 ibidem
1803 1097 1967 1173 ostendit

542 1232 612 1337 ipsi
635 1231 736 1319 testi,
765 1229 973 1335 precipiens
993 1228 1027 1304 ei
1051 1227 1154 1333 quod
1186 1226 1387 1331 abnegaret
1405 1220 1550 1315 Deum;
1575 1218 1724 1303 etcum
1754 1226 1838 1332 ipse
1865 1227 1965 1303 testis

542 1362 797 1467 respondisset
812 1359 920 1465 quod
939 1360 1012 1437 hoc
1032 1358 1141 1434 nullo
1162 1357 1278 1434 modo
1292 1354 1445 1443 laceret,
1466 1353 1560 1430 dixit
1574 1357 1608 1431 ei
1629 1346 1737 1462 quod
1762 1354 1840 1433 hoc
1863 1382 1967 1461 opor·

542 1492 643 1568 tebat
661 1493 784 1597 ipsum
797 1489 928 1578 lacere,
948 1505 985 1566 et
1003 1506 1095 1565 tunc
1111 1487 1307 1595 abnegavit
1320 1512 1385 1562 ore
1405 1502 1483 1562 non
1503 1485 1629 1562 corde.
1647 1485 1785 1563 Postea
1804 1487 1967 1592 precepit

543 1622 577 1696 ei
602 1621 707 1727 quod
735 1637 887 1726 spueret
909 1648 1019 1725 supra
1035 1620 1172 1697 dictam
1188 1610 1358 1703 crucem,
1382 1615 1518 1721 etipse
1539 1615 1666 1693 uoluit
1684 1642 1822 1722 spuere
1840 1646 1963 1723 supra,

543 1752 609 1827 sed
619 1751 722 1855 spuit
730 1751 854 1856 juxta,
867 1749 1006 1825 deinde
1025 1748 1116 1825 dixit
1132 1748 1166 1825 ei
1180 1740 1453 1854 quod'poterat,
1472 1746 1503 1823 si
1516 1743 1677 1834 volebat,
1693 1745 1965 1823 cumfratribus

542 1880 685 1956 ordinis
703 1877 902 1956 carnaliter
922 1870 1176 1967 commisceri,
1192 1892 1230 1953 et
1244 1878 1323 1983 ipse
1337 1877 1443 1954 testis
1457 1870 1655 1981 respondit
1663 1877 1772 1983 quod
1778 1876 1963 1954 bocnullo

542 2010 658 2087 modo
671 2009 825 2098 laceret,
847 2006 1098 2113 necunquam
1114 2007 1217 2095 fecit,
1237 1998 1440 2085 nec'eredit
1452 2008 1556 2113 qnod
1569 2006 1636 2084 liat
1655 2008 1694 2082 in
1707 2006 1861 2097 ordine,
1875 2008 1965 2084 sicut

543 2139 647 2215 dixit.
663 2140 909 2216 Postmodum
925 2138 1092 2245 precepit
1107 2139 1141 2214 ei
1157 2137 1260 2244 quod
1277 2136 1510 2214 oscularetur
1522 2166 1612 2215 eum
1635 2139 1676 2214 in
1696 2165 1791 2230 ano,
1806 2139 1878 2216 sed
1892 2140 1964 2245 ipse
2029 2204 2033 2213 .

543 2269 646 2346 testis
659 2269 782 2347 noluit
793 2297 881 2345 eum
895 2269 1070 2357 osculari,
1088 2295 1157 2345 nec
1170 2267 1289 2345 credit
1302 2268 1408 2373 quod
1420 2267 1586 2373 predicta
1599 2268 1731 2346 oscula
1751 2270 1963 2361 inhonesta,

541 2398 822 2505 necabnegacio
841 2414 878 2475 et
890 2398 1034 2503 spuicio
1050 2396 1464 2504 supradicte'lierentin
1478 2399 1612 2475 ordine
1624 2399 1666 2474 in
1682 2400 1965 2506 recepcionibus

542 2527 719 2619 aliorum,
747 2555 817 2604 nec
842 2545 945 2633 post,
965 2522 1063 2635 ¹quia
1086 2557 1158 2605 nec
1175 2528 1269 2604 vidit
1283 2557 1355 2605 nec
1374 2528 1517 2607 audivit
1539 2528 1613 2605 dici
1639 2528 1714 2607 nisi
1742 2529 1792 2606 de
1816 2558 1857 2607 se
1875 2533 1962 2638 ipso.

540 2657 755 2764 Requisitus
769 2658 799 2735 si
814 2657 1005 2763 predictus
1017 2657 1132 2734 frater
1141 2658 1358 2763 Raynardus
1370 2656 1466 2733 dixit
1479 2658 1514 2734 ei
1527 2658 1633 2764 quod
1647 2658 1824 2765 predicta
1842 2660 1966 2737 illicita

541 2804 665 2864 essent
679 2789 727 2864 de
741 2788 891 2893 punctis
903 2787 1063 2879 ordinis,
1077 2786 1272 2892 respondit
1291 2788 1395 2893 quod
1416 2815 1505 2865 non.
1525 2789 1620 2864 ltem
1636 2788 1735 2867 dixit
1754 2820 1794 2868 se
1812 2792 1962 2867 credere

542 2918 797 2995 ecclesiasticis
817 2919 1075 3007 sacramentis,
1093 2935 1132 2994 et
1147 2916 1325 2995 credebat
1344 2917 1448 3024 quod
1472 2918 1536 2994 alii
1557 2917 1692 2998 fratres
1716 2921 1859 2999 ordinis
1885 2949 1965 2998 cre-

542 3047 692 3135 derent,
709 3065 748 3123 et
761 3049 865 3154 quod
886 3077 1020 3125 eorum
1033 3044 1245 3125 sacerdotes
1257 3048 1385 3125 debite
1399 3049 1651 3139 celebrarent,
1669 3078 1750 3128 non
1763 3051 1884 3129 credit
1896 3078 1963 3128 nec

542 3175 685 3251 audivit
711 3176 785 3252 dici
814 3180 917 3281 quod
943 3204 1076 3254 eorum
1102 3178 1185 3255 laici
1207 3195 1359 3283 possent
1382 3178 1573 3257 absolvere
1601 3178 1663 3257 vel
1683 3181 1923 3258 absolverent
1946 3210 1965 3257 a

541 3305 715 3410 peccatis,
727 3306 1058 3412 juravit-ordinem
1077 3336 1154 3384 non
1166 3308 1281 3397 exire,
1292 3310 1450 3385 credens
1463 3310 1568 3414 quod
1579 3309 1641 3386 alii
1664 3310 1768 3388 iderr'r
1779 3313 1962 3418 jurarent.

541 3434 781 3512 Clandestine
799 3438 1092 3542 recipiebantur3
1113 3465 1190 3512 non
1207 3438 1440 3543 creditquod
1461 3438 1644 3516 haberent
1657 3440 1786 3546 ydola3
1804 3440 1960 3517 cordula

539 3593 613 3668 qua
638 3565 856 3671 cingebatur
875 3593 952 3640 non
972 3565 1146 3673 tetigerat
1170 3567 1288 3671 capita
1311 3567 1524 3673 ydolorum,
1549 3570 1638 3673 quia
1662 3569 1776 3673 ipsam
1802 3587 1959 3656 emerat,

541 3722 609 3769 nec
622 3695 741 3771 credit
761 3695 864 3799 quod
881 3694 1036 3771 cordule
1051 3696 1213 3772 aliorum
1232 3713 1439 3803 tangerent.
1457 3699 1528 3773 Per
1546 3715 1819 3774 sacramentum
1836 3699 1962 3806 injun-

538 3822 695 3928 gebatur
716 3824 769 3899 eis
784 3825 888 3928 quod
904 3853 981 3901 non
997 3826 1203 3903 revelarent
1223 3844 1362 3903 secreta
1382 3826 1635 3932 capitulorum
1649 3861 1658 3913 ;
1674 3829 1704 3906 si
1720 3828 1961 3919 revelassent,

537 3953 697 4030 luissent
706 3955 826 4058 puniti
843 3956 1052 4031 seeundum
1073 3956 1309 4062 disciplinam
1326 3958 1479 4044 ordinis,
1494 3959 1612 4033 nescit
1625 3958 1807 4064 qualiter3
1824 3961 1960 4066 absque

538 4081 692 4158 licencia
709 4112 785 4159 non
804 4102 977 4188 poterant
993 4085 1062 4160 nisi
1075 4085 1331 4164 sacerdotibus
1349 4087 1493 4163 ordinis
1515 4086 1703 4177 conliteri3
1727 4090 1758 4164 si
1775 4091 1842 4196 qui
1864 4107 1961 4166 erant

539 4213 696 4288 scientes
718 4241 877 4301 errores,
899 4215 1053 4290 fuerunt
1074 4216 1320 4323 negligentes,
1346 4218 1434 4322 quia
1460 4245 1537 4293 non
1556 4237 1799 4296 correxerunt
1815 4248 1881 4297 eos
1897 4249 1960 4296 nec

447 4354 449 4358 ’
540 4340 855 4419 denunciaverunt
869 4344 1045 4420 Ecclesia.
1060 4346 1292 4424 Elemosinas
1307 4365 1344 4422 et
1365 4347 1654 4453 hospitalitatem
1667 4349 1763 4425 vidit
1777 4349 1818 4424 in
1835 4351 1962 4427 ordine

540 4472 804 4548 convenienter
823 4474 973 4561 servari,
996 4475 1238 4552 inhibebatur
1262 4478 1367 4582 quod
1393 4506 1470 4554 non
1495 4479 1732 4583 acquirerent
1757 4479 1891 4557 illicite
1910 4508 1963 4557 or-

541 4598 634 4686 dini;
657 4600 790 4679 clausis
804 4604 947 4709 januis,
962 4603 1076 4699 nullis
1091 4606 1329 4710 presentibus
1341 4607 1411 4683 nisi
1428 4607 1603 4685 iratribus
1621 4609 1778 4696 ordinis,
1794 4609 1959 4714 capitulis

538 4729 775 4807 tenebantur.
800 4736 919 4810 Totus
945 4736 1039 4811 ordo
1066 4754 1244 4813 servasset
1259 4738 1365 4842 quod
1385 4767 1542 4844 magnus
1559 4740 1736 4846 Magister
1769 4770 1860 4817 cum
1881 4769 1960 4817 con·

540 4874 654 4932 ventu
679 4862 877 4937 statuisset.
900 4863 1064 4941 Grandia
1084 4865 1255 4943 scandala
1273 4885 1399 4985 exorta
1418 4885 1506 4945 sunt
1522 4885 1649 4944 contra
1667 4870 1846 4947 ordinem
1863 4868 1952 4975 apud
