4080 6052
527 538 596 605 ηδ
908 505 1103 599 Procas
1128 524 1223 596 nns
1248 512 1549 595 reuertens

519 687 794 779 procuratorem
817 666 992 741 dixerunt
1006 682 1133 740 tamen
1150 661 1301 769 quodsi
1320 663 1494 768 Magister
1510 659 1700 765 predictus
1716 688 1794 736 non
1813 663 1941 740 defen-

522 803 628 879 deret
652 829 719 877 seu
748 795 867 873 nollet
892 794 1095 871 defendere
1129 793 1302 873 ordinem
1334 792 1606 898 supradictum,
1636 789 1707 895 ipsi
1737 808 1776 867 et
1806 819 1940 870 eorum

517 932 681 1037 ‚quilibet
704 956 772 1033 per
795 954 835 1002 se
861 924 1039 1002 defendet
1062 943 1100 1001 et
1123 923 1337 1009 sustinebit,
1363 939 1476 1028 prout
1502 920 1615 998 fucrit
1638 921 1811 1008 racionis,
1838 923 1940 1000 ordi-

519 1091 609 1138 nem
628 1058 870 1136 antedictum.
892 1055 1068 1134 Dicentes
1087 1054 1205 1131 eciam
1225 1053 1379 1159 quodsi
1400 1069 1524 1130 essent
1543 1051 1581 1126 in
1604 1050 1730 1156 aliquo
1751 1051 1834 1129 loco
1855 1082 1941 1130 cum

521 1191 619 1266 dicto
640 1188 815 1294 Magistro
837 1202 875 1265 et
892 1185 975 1261 aliis
999 1183 1205 1289 majoribus
1225 1183 1313 1259 dicti
1338 1181 1481 1258 ordinis
1505 1181 1733 1287 congregati,
1756 1182 1939 1260 delibera-

519 1337 605 1398 rent
625 1347 739 1424 super
757 1317 836 1392 istis
856 1333 894 1393 et
912 1314 993 1390 aliis
1011 1313 1149 1402 taliter,
1170 1313 1276 1419 quod
1293 1331 1447 1418 possent
1465 1311 1615 1418 plenius
1633 1312 1876 1416 respondere.

576 1451 664 1526 Post
685 1449 772 1536 hec,
793 1444 926 1521 eadem
948 1443 1010 1520 die
1029 1442 1203 1521 Mercurii
1227 1443 1440 1520 revenimus
1459 1441 1661 1518 addictam
1685 1442 1864 1546 capellam
1885 1446 1941 1522 ad-

520 1581 717 1654 herentem
738 1574 822 1651 aule
847 1571 1045 1678 episcopali
1065 1571 1248 1676 predicte,
1270 1572 1336 1648 ubi
1362 1589 1616 1649 convenerunt
1639 1598 1770 1647 omnes
1795 1572 1939 1650 domini

520 1705 764 1783 commissarii
784 1701 998 1808 supradicti.
1020 1699 1170 1793 Quibus
1188 1728 1258 1777 nos
1277 1702 1412 1778 notarii
1432 1699 1564 1806 prefati
1589 1701 1629 1775 in
1649 1700 1793 1804 scriptis
1812 1729 1940 1808 repor—

496 1808 678 1913 tavimus
697 1833 961 1939 responsiones
978 1859 1072 1936 quas
1091 1831 1208 1909 iidem
1232 1830 1364 1910 fratres
1387 1831 1552 1908 fecerant
1570 1830 1680 1906 nobis
1705 1832 1857 1909 notariis
1873 1861 1940 1908 an-

519 1966 681 2053 tedictis,
705 1982 743 2041 et
762 1964 905 2040 ibidem
930 1961 1085 2038 fuerunt
1106 1960 1258 2037 adducti
1276 1960 1325 2037 ad
1344 1989 1477 2038 eorum
1500 1961 1732 2069 presenciam
1751 1961 1939 2066 predictus

519 2095 632 2169 frater
656 2093 829 2196 Matheus
855 2091 902 2168 de
926 2090 1130 2182 Clichiaco,
1159 2091 1225 2196 qui
1256 2090 1348 2167 dixit
1376 2091 1480 2197 quod
1510 2091 1657 2167 volebat
1676 2092 1820 2168 dictum
1840 2092 1939 2169 ordi-

520 2248 608 2298 nem
639 2219 842 2297 defendere
871 2248 940 2326 pro
969 2247 1078 2325 posse
1111 2248 1197 2309 suo,
1229 2249 1270 2296 ac
1296 2220 1456 2325 predicti
1488 2219 1618 2298 fratres
1651 2221 1865 2328 Reynaldus
1894 2221 1938 2299 de
1980 2267 1982 2270 ν

520 2351 659 2427 Pruino
684 2368 723 2427 et
750 2352 789 2425 P.
813 2350 860 2425 de
884 2350 1053 2425 bononia
1080 2350 1304 2456 presbyteri,
1325 2350 1555 2429 Guillelmus
1585 2351 1631 2427 de
1661 2351 1938 2436 Chambonnet,

521 2499 558 2556 et
580 2479 808 2558 Bertrandus
829 2478 875 2554 de
897 2478 1064 2584 Sartigiis
1087 2479 1243 2567 milites,
1266 2498 1303 2556 et
1326 2480 1439 2558 frater
1457 2481 1644 2557 Robertus
1663 2480 1814 2583 Vigerii.
1838 2483 1941 2574 Quos

521 2610 608 2687 dicti
628 2609 772 2686 domini
791 2607 1034 2685 commissarii
1050 2608 1340 2712 requisiverunt,
1358 2610 1389 2683 si
1406 2609 1579 2684 volebant
1590 2608 1732 2710 aliquid
1745 2608 1870 2685 dicere
1885 2611 1942 2686 vel

520 2766 730 2845 proponere
760 2737 807 2814 ad
834 2734 1092 2836 defensionem
1121 2734 1207 2811 dicti
1237 2735 1380 2811 ordinis
1407 2763 1530 2810 coram
1561 2735 1630 2821 eis,
1658 2735 1751 2809 etsi
1780 2734 1944 2814 fecerant

521 2870 579 2945 vel
598 2868 717 2945 facere
738 2883 802 2943 aut
821 2866 1048 2943 constituere
1074 2864 1319 2941 intendebant
1342 2864 1488 2970 aliquos
1510 2882 1768 2970 procuratores
1788 2865 1837 2939 ad
1856 2895 1942 2970 pre·

524 2996 660 3088 dictam
679 2995 949 3074 defensionem.
969 2995 1027 3074 Ad
1043 3022 1118 3101 que
1137 2994 1258 3072 dictus
1274 2994 1388 3071 frater
1404 2995 1630 3101 Reginaldus
1648 2996 1694 3070 de
1713 2994 1853 3070 Pruino
1873 3025 1940 3100 pro

522 3154 561 3203 se
587 3144 626 3204 et
648 3124 730 3202 aliis
753 3125 897 3203 ibidem
922 3124 1177 3215 asistentibus,
1201 3153 1241 3200 ac
1260 3126 1564 3232 quibuscumque
1585 3124 1655 3200 sibi
1675 3124 1941 3200 adherentibus

523 3273 560 3330 et
578 3255 759 3332 adherere
777 3255 1007 3347 volentibus,
1027 3254 1229 3360 quamdam
1249 3254 1421 3330 cedulam
1441 3254 1596 3330 tradidit
1616 3270 1652 3329 et
1672 3253 1764 3358 legit
1782 3253 1938 3340 ibidem,

522 3387 787 3492 cujusquidem
806 3385 938 3462 cedule
957 3403 1067 3462 tenor
1087 3386 1258 3490 sequitur
1278 3385 1318 3459 in
1337 3386 1408 3461 hec
1426 3384 1562 3461 verba:

554 3519 617 3592 ‘In
642 3517 834 3620 presencia
857 3533 993 3599 vestra,
1019 3513 1213 3590 reverendi
1240 3531 1363 3620 patres
1387 3531 1426 3589 et
1450 3514 1593 3591 domini
1618 3512 1710 3600 mei,
1738 3541 1807 3618 ego
1833 3513 1943 3589 frater

522 3646 749 3751 Reginaldus
774 3646 821 3721 de
846 3645 986 3720 Pruino
1008 3643 1288 3720 Aurelianensis
1313 3661 1521 3749 preceptor,
1543 3644 1696 3719 nomine
1717 3672 1804 3720 meo
1825 3660 1863 3719 et
1881 3645 1943 3718 mi-

523 3776 582 3851 chi
603 3775 888 3861 adherencium,
907 3790 1095 3877 protestor
1115 3773 1161 3850 de
1183 3774 1315 3850 ordine
1336 3791 1464 3850 nostro
1486 3773 1742 3860 defendendo,
1763 3776 1866 3851 etde
1886 3804 1942 3849 ra-

524 3903 693 3981 cionibus
712 3919 750 3977 et
770 3900 1056 4007 excepcionibus
1069 3902 1166 4009 juris
1186 3920 1224 3979 et
1237 3901 1322 3978 facti
1340 3905 1595 4008 proponendis
1615 3904 1696 3980 loco
1719 3921 1757 3979 et
1773 3922 1941 4008 tempore

523 4030 838 4138 competentibus,
865 4049 903 4109 et
927 4031 1053 4119 omnia
1075 4031 1234 4109 faciendi
1259 4061 1333 4138 que
1355 4033 1452 4138 juris
1478 4051 1516 4111 et
1534 4033 1617 4110 facti
1643 4049 1754 4109 erunt
1776 4032 1943 4109 facienda

525 4163 573 4237 ad
593 4162 851 4240 defensionem
871 4152 1089 4268 predictam.

584 4291 693 4382 ltem,
712 4310 899 4397 protestor
918 4294 1023 4398 quod
1042 4293 1073 4370 si
1092 4294 1216 4401 aliqua
1236 4294 1364 4370 dixero
1381 4324 1455 4400 que
1471 4294 1549 4370 litis·
1561 4290 1873 4366 contestarionem
1888 4320 1942 4367 sa·

522 4421 641 4525 piant,
661 4422 767 4526 quod
787 4423 881 4499 mihi
900 4450 976 4498 non
997 4423 1207 4528 prejudicet
1225 4453 1294 4501 nec
1314 4424 1395 4500 aliis
1415 4423 1529 4499 michi
1549 4419 1833 4511 adherentibus,
1856 4423 1943 4527 quia

524 4549 747 4627 intensionis
767 4579 850 4628 mee
870 4581 947 4629 non
968 4568 1024 4629 cst
1040 4551 1146 4628 litem
1167 4553 1380 4654 contestari,
1404 4553 1483 4628 sine
1503 4550 1658 4626 consilio
1680 4565 1718 4625 et
1737 4551 1925 4655 spoliatus.

581 4680 690 4768 Item,
717 4697 902 4783 protestor
926 4681 1030 4787 quod
1053 4699 1207 4758 nonest
1230 4683 1453 4760 intencionis
1478 4709 1560 4758 mee
1587 4681 1710 4786 aliqua
1736 4681 1860 4759 dicere
1884 4682 1940 4756 vel

525 4832 735 4912 proponere
758 4827 885 4885 contra
906 4813 1179 4890 sanctissimum
1203 4833 1363 4916 patrem,
1389 4831 1615 4890 sacrosancte
1637 4813 1804 4888 Romane
1827 4811 1942 4888 eccle-
