4080 6052
536 548 583 617 oo
926 521 1125 615 moces
1150 540 1244 612 nes
1269 538 1565 613 rrururnss

588 686 699 771 Item,
718 681 822 789 quod
839 706 916 756 non
937 696 1172 757 recessenmt
1190 678 1238 757 ab
1258 664 1494 756 observancia
1509 675 1765 783 predictorum
1781 702 1955 753 errorum

534 830 571 890 et
590 814 854 890 communione
874 811 1060 887 dictorum
1077 811 1247 900 fratrum,
1266 809 1353 885 licet
1372 808 1585 885 facultatem
1604 805 1827 884 habuissent
1852 834 1954 885 reee-

533 943 648 1019 dendi
668 962 706 1021 et
723 942 889 1050 predicta
908 939 1078 1017 faciendi.

587 1075 697 1162 Item,
716 1073 822 1179 quod
833 1070 942 1148 multi
959 1071 1091 1147 fratres
1112 1069 1159 1146 de
1179 1068 1278 1145 dicto
1297 1068 1430 1147 ordine
1447 1067 1782 1175 propterfeditates
1793 1084 1834 1142 et
1851 1094 1953 1143 erru-

530 1230 590 1277 res
610 1202 778 1310 ejusdem
799 1200 942 1277 ordinis
961 1200 1151 1286 exierunt,
1172 1197 1345 1275 nonnulli
1377 1197 1426 1275 ad
1448 1197 1671 1304 religionem
1695 1197 1808 1273 aliam
1835 1212 1952 1275 trans-

531 1348 663 1408 euntes
682 1349 721 1407 et
740 1330 913 1408 nonnulli
931 1329 970 1405 in
990 1327 1117 1406 seculo
1133 1342 1382 1407 remanentes.

584 1461 697 1551 Item,
710 1461 814 1566 quod
830 1475 983 1564 propter
1000 1456 1168 1563 predicta
1189 1475 1228 1535 et
1249 1456 1396 1564 singula
1408 1456 1547 1563 grands
1563 1454 1734 1532 scandala
1751 1472 1881 1531 contra
1896 1456 1951 1532 di-

496 1584 499 1589 ’
529 1607 633 1666 ctum
647 1591 820 1667 ordinem
835 1604 925 1665 sunt
940 1605 1066 1665 exorta
1083 1588 1122 1662 in
1140 1587 1317 1665 cordibus
1333 1587 1556 1665 sublimium
1571 1612 1820 1691 personarum
1834 1587 1948 1663 edam

529 1745 663 1826 regum
686 1736 724 1795 et
744 1718 958 1824 principum
977 1734 1016 1793 et
1033 1715 1111 1793 fere
1128 1718 1249 1794 tocius
1265 1716 1396 1823 populi
1419 1716 1619 1795 Christiani
1636 1731 1820 1821 generem.

583 1849 694 1937 Item,
717 1850 821 1955 quod
835 1848 1002 1954 predicta
1020 1847 1147 1924 omnia
1166 1864 1204 1923 et
1220 1847 1366 1953 singula
1380 1864 1470 1925 sunt
1487 1864 1576 1924 nota
1594 1863 1632 1923 et
1649 1843 1840 1923 manifesta
1849 1846 1949 1922 inter

528 1977 658 2056 fratres
679 1978 767 2055 dicti
788 1978 943 2056 ordinis.

583 2109 694 2196 Item,
712 2110 817 2214 quod
834 2109 882 2185 de
898 2108 971 2185 hiis
990 2125 1046 2184 est
1061 2107 1211 2213 publica
1226 2135 1312 2198 vox,
1334 2108 1462 2214 opinio
1478 2107 1688 2185 communis
1703 2123 1744 2183 et
1759 2104 1857 2182 fama
1871 2123 1945 2183 tam

528 2236 627 2315 inter
640 2238 771 2316 fratres
788 2238 877 2315 dicti
895 2237 1038 2315 ordinis
1057 2266 1172 2344 quam
1189 2255 1300 2314 extra.

582 2367 693 2454 Item,
714 2369 818 2475 quod
837 2368 884 2445 de
904 2368 1036 2474 majori
1053 2385 1156 2473 parte
1172 2368 1440 2473 predictorum.

582 2496 692 2587 Item,
711 2498 816 2605 quod
834 2498 881 2574 de
901 2497 1103 2604 aliquibus.

580 2630 694 2716 Item,
705 2628 809 2732 quod
822 2655 980 2731 magnus
989 2628 1165 2731 Magister
1177 2627 1331 2716 ordinis,
1345 2628 1510 2706 visitator
1526 2646 1564 2705 et
1577 2655 1736 2735 mugnus
1751 2644 1944 2734 preceptor

525 2756 628 2861 Cipri
650 2775 688 2833 et
707 2756 922 2845 Normanie,
942 2756 1114 2847 Pictavie,
1135 2772 1173 2831 et
1188 2785 1301 2862 quam
1320 2758 1448 2863 plures
1465 2759 1527 2835 alii
1543 2775 1780 2865 preceptores
1798 2775 1836 2835 et
1851 2782 1944 2835 non-

525 2884 620 2959 nulli
635 2885 696 2961 alii
706 2884 837 2962 fratres
850 2885 937 2961 dicti
949 2884 1103 2973 ordinis,
1116 2888 1296 2991 premissa
1309 2887 1466 2966 confessi
1478 2888 1649 2978 fuerunt,
1664 2906 1742 2965 tam
1754 2890 1793 2964 in
1801 2888 1942 2995 judicio

525 3041 639 3118 quam
661 3031 775 3104 extra,
798 3042 921 3090 coram
941 3012 1198 3121 solempnibus
1217 3018 1387 3123 personis
1407 3036 1445 3095 et
1465 3019 1504 3095 in
1527 3018 1701 3124 pluribus
1717 3018 1808 3096 locis
1827 3018 1941 3092 eciam

424 3124 429 3133 ⁵
525 3144 694 3247 personis
711 3144 881 3250 publicis.

581 3275 692 3362 Item,
715 3275 818 3381 quod
841 3273 1013 3352 nonnulli
1033 3274 1163 3352 fratres
1181 3277 1269 3353 dicti
1284 3276 1426 3354 ordinis
1442 3295 1519 3354 tam
1539 3278 1675 3355 milites
1693 3304 1809 3384 quam
1825 3305 1941 3354 sacer-

525 3403 648 3498 dotes,
667 3404 728 3480 alii
748 3407 864 3482 eciam
882 3408 921 3481 in
937 3408 1128 3511 presencia
1145 3408 1289 3483 domini
1308 3409 1423 3484 nostri
1441 3409 1538 3514 Pape
1556 3427 1594 3487 et
1609 3406 1849 3485 dominorum
1867 3436 1942 3482 car-

526 3533 724 3625 dinalium,
746 3534 900 3613 fuerunt
922 3535 1087 3642 predicta
1111 3537 1169 3615 vel
1188 3566 1359 3644 magnam
1388 3557 1534 3644 partem
1562 3539 1743 3617 dictorum
1768 3563 1938 3613 errorum

525 3664 695 3740 confessi.

580 3796 690 3883 Item,
710 3797 814 3903 quod
832 3825 900 3904 per
921 3797 1134 3902 juramenta
1153 3799 1305 3902 prestita
1324 3801 1371 3876 ab
1391 3800 1547 3877 eisdem.

579 3926 688 4012 Item,
711 3926 814 4031 quod
835 3927 950 4002 eciam
972 3928 1010 4003 in
1027 3928 1139 4035 pleno
1157 3930 1375 4005 consistorio
1397 3945 1689 4037 recognoverunt
1704 3929 1883 4035 predicta.

580 4183 734 4259 Nomina
753 4214 840 4262 vero
860 4186 1045 4265 dictorum
1063 4186 1220 4264 fratrum
1240 4189 1280 4264 in
1298 4216 1462 4294 quorum
1480 4189 1671 4295 presencia
1689 4186 1776 4263 dicti
1795 4186 1939 4263 domini

524 4312 781 4400 commissarii,
805 4334 846 4393 ut
863 4318 1075 4422 predictum
1096 4338 1167 4410 est,
1190 4338 1418 4424 aperuerunt
1437 4320 1555 4397 dictos
1572 4317 1769 4397 articullos
1788 4334 1827 4394 et
1847 4315 1940 4394 fece-

521 4459 611 4517 runt
631 4472 693 4520 eos
715 4464 752 4521 et
771 4446 906 4523 dictam
927 4448 1227 4524 commissionem
1246 4449 1336 4554 legi,
1356 4467 1444 4526 sunt
1460 4450 1546 4538 hec,
1565 4448 1738 4525 videlicet
1757 4448 1886 4524 fratres
1907 4479 1915 4522 ε

579 4572 779 4648 Ranaudus
813 4576 859 4651 de
889 4578 991 4653 Bord
1020 4576 1129 4652 miles
1162 4579 1452 4669 Lemovicensis,
1482 4578 1709 4657 Guillelmus
1743 4577 1791 4653 de
1818 4577 1936 4655 Chan-

522 4695 665 4773 bonnet
686 4703 972 4794 Lemovicensis,
989 4706 1217 4784 Bertrandus
1233 4709 1279 4786 de
1296 4711 1457 4816 Sartiges
1480 4707 1810 4795 Claramontensis,
1827 4704 1935 4783 Oddo

523 4826 569 4901 de
585 4827 762 4905 Vendach
782 4830 1110 4923 Claramontensis,
1129 4836 1261 4917 Petrus
1280 4839 1327 4916 de
1345 4840 1381 4916 la
1399 4839 1592 4946 Colongna
1608 4834 1932 4919 Claramontensis,
1998 4876 2022 4910 .-
