4080 6052
311 554 383 628 sn
695 533 1010 641 rnocnsnrs
1036 553 1338 628 ruururrrs.

308 716 427 808 ratus;
458 713 496 773 et
521 680 765 772 inhibebatur
784 694 838 772 eis
864 692 970 800 quod
988 691 1118 771 illicite
1139 695 1377 801 acquirerent
1399 694 1552 782 ordini,
1577 710 1619 770 et
1637 698 1742 801 quod

308 846 384 905 nou
415 828 639 905 interessent
664 824 750 903 loeo
777 825 817 900 in
845 852 923 931 quo
951 823 1088 930 aliquis
1116 825 1409 903 exheredaretur
1438 823 1601 930 injuste.
1632 825 1740 905 Clam

310 986 440 1041 eorum
462 955 638 1061 capitulia
652 954 892 1032 tenebantur.
912 953 1043 1033 Credit
1061 954 1166 1061 quod
1184 971 1287 1032 totus
1305 954 1402 1033 ordo
1420 971 1612 1033 servasset
1634 956 1733 1035 bona

309 1115 386 1192 que
404 1113 561 1192 magnus
580 1085 756 1193 Magister
773 1114 860 1163 cum
877 1100 1062 1162 conventu
1082 1086 1287 1175 statuisset,
1308 1085 1377 1163 sed
1401 1113 1482 1164 non
1499 1085 1613 1163 mala.
1629 1087 1731 1164 Nunc

169 1277 174 1290 .
308 1215 461 1324 grandia
476 1213 645 1292 scandala
660 1232 789 1293 contra
803 1214 977 1294 ordinem
990 1231 1080 1292 sunt
1094 1231 1237 1306 exorta3
1254 1215 1374 1293 credit
1388 1213 1499 1321 quod
1515 1214 1575 1291 illi
1590 1214 1729 1304 fratres

309 1345 373 1451 qui
393 1359 692 1453 recognoverunt
711 1372 857 1424 errores
876 1345 1118 1422 intervenisse
1133 1343 1174 1420 in
1188 1343 1478 1451 recepcionihus
1493 1371 1648 1435 eorum,
1665 1346 1736 1424 sci-

309 1491 392 1551 rent
418 1474 539 1553 dietos
558 1501 721 1564 errores,
745 1491 783 1551 et
802 1474 907 1581 quod
927 1490 1052 1552 essent
1075 1473 1131 1552 eis
1156 1474 1236 1550 noti
1263 1491 1302 1552 et
1322 1472 1534 1563 manifesti3
1569 1491 1608 1553 et
1628 1477 1733 1581 quod

309 1634 421 1682 nunc>
437 1605 532 1682 ordo
553 1605 601 1682 sit
621 1631 738 1710 penes
756 1603 1137 1683 multos-diffamatus
1156 1605 1204 1681 de
1226 1604 1418 1683 erroribus
1438 1605 1510 1711 qui
1528 1605 1729 1711 imponun-

308 1753 371 1812 tur
392 1735 528 1813 eidem.
550 1734 704 1813 Audiuit
718 1734 791 1811 dici
808 1762 989 1842 magnum
1003 1733 1225 1842 Magistrum
1239 1750 1277 1811 et
1293 1733 1386 1812 alios
1406 1733 1594 1813 confessos
1611 1734 1725 1813 firiase

309 1864 455 1971 aliquos
475 1893 643 1954 errores,
670 1865 790 1942 nescit
808 1891 916 1971 quos.
942 1865 1159 1972 Requisitus
1178 1892 1293 1973 quare
1316 1863 1512 1943 obtulerat
1530 1893 1570 1942 se
1588 1864 1726 1941 dellen-

309 1996 403 2072 sioni
430 1995 592 2084 ordinis,
620 1995 817 2102 respondit
840 1994 946 2102 quod
969 1994 1190 2073 intendebat
1219 2024 1307 2073 eum
1335 1993 1560 2073 deffendere
1584 1996 1729 2071 nonde

310 2124 525 2202 consessatis
541 2151 611 2232 per
630 2127 769 2230 ipsum,
787 2125 856 2202 sed
875 2125 923 2203 de
943 2125 1026 2203 aliis
1039 2128 1105 2233 qui
1124 2126 1194 2233 ipsi
1215 2128 1340 2205 ordini
1360 2127 1628 2234 imponuntur,
1645 2127 1729 2234 quia
1748 2200 1754 2213 ,

309 2282 385 2332 non
405 2254 525 2331 credit
543 2283 623 2334 esse
642 2284 739 2333 vera.
1513 2242 1515 2246 Α

364 2384 580 2491 Requisitus
599 2385 630 2462 si
650 2385 702 2462 sic
722 2384 897 2490 deposuit
915 2413 1042 2493 prece,
1066 2405 1259 2492 precepto,
1281 2387 1436 2473 timore,
1454 2412 1604 2472 amore,
1627 2386 1727 2471 odio,

278 2593 283 2603 ,
307 2513 365 2591 vel
382 2515 582 2620 temporali
601 2514 762 2593 comodo
781 2514 911 2593 habito
928 2516 987 2593 vel
1003 2516 1196 2606 habende,
1214 2516 1411 2622 respondit
1429 2515 1540 2623 quod
1554 2545 1647 2605 non,
1665 2516 1728 2594 sed
1747 2606 1750 2610 ,

307 2673 380 2750 pro
399 2646 552 2752 veritate
578 2646 748 2723 dicenda.
777 2645 849 2723 Cui
872 2644 946 2724 suit
970 2647 1182 2754 injunctum
1202 2646 1309 2753 quod
1328 2673 1406 2724 non
1430 2646 1619 2724 revelaret
1638 2647 1727 2724 hanc

307 2804 414 2854 suam
438 2776 716 2884 deposicionem
735 2804 934 2885 quousque
953 2778 1213 2855 attestaciones
1234 2777 1376 2854 suerint
1392 2775 1596 2882 publicate.
1660 2826 1666 2834 ·

364 2908 453 2982 Acta
471 2905 628 2983 filerunt
645 2907 717 2984 hec
733 2906 796 2983 die
812 2923 850 2984 et
864 2905 947 2986 loco
967 2907 1161 3015 predictis,
1178 2906 1419 3014 presentibus
1431 2909 1611 3014 magistro
1625 2905 1722 2982 Ami-

307 3034 379 3121 sio,
398 3062 459 3110 me
479 3035 730 3114 Floriamonte
750 3035 968 3147 Dondedei,
992 3055 1030 3116 et
1047 3037 1129 3115 aliis
1148 3039 1302 3116 notariis
1321 3066 1435 3143 supro
1455 3037 1594 3116 ultimo
1613 3036 1722 3114 nomi·

308 3179 414 3239 natrs.

363 3426 449 3500 Post
470 3423 556 3512 hec,
582 3423 642 3499 die
659 3425 816 3501 Veneris
840 3426 1031 3530 sequenti,
1054 3455 1137 3530 que.
1154 3427 1224 3503 suit
1249 3453 1348 3506 xvurr
1374 3428 1454 3505 dies
1475 3427 1562 3503 dicti
1584 3428 1724 3503 mensis

306 3554 516 3646 Februarii,
531 3553 604 3632 fuit
618 3554 805 3631 adductus
818 3555 864 3632 ad
880 3557 1113 3660 presenciam
1128 3559 1351 3634 eorumdem
1369 3558 1605 3636 dominorum
1622 3585 1721 3631 com·

307 3685 579 3772 missariorum,
598 3687 637 3760 in
656 3686 770 3763 domo
790 3687 957 3791 predicta
981 3688 1138 3772 fratrum
1156 3689 1367 3779 Minorum,
1393 3690 1501 3766 frater
1516 3689 1651 3763 Petrus
1673 3687 1720 3762 de

305 3814 482 3891 Cercellis
501 3814 911 3905 serviens,Parisiensis
932 3817 1105 3908 diocesis,
1119 3818 1223 3895 testis
1247 3847 1358 3924 supra
1367 3819 1535 3926 juratus,
1552 3835 1596 3894 ut
1612 3817 1725 3924 depo·

305 3961 413 4021 neret
432 3944 576 4020 dictum
591 3973 722 4033 suum,
744 3971 854 4023 xxvur
876 3974 1063 4023 annorum
1088 3946 1146 4023 vel
1169 3947 1284 4037 circa,
1310 3978 1386 4026 non
1410 3950 1599 4027 defferens
1624 3977 1725 4025 man·

304 4075 439 4152 tellum
455 4076 618 4168 ordinis,
634 4077 723 4183 quia
735 4077 928 4181 quondam
941 4079 1142 4154 servientes
1158 4098 1373 4156 amoverant
1390 4109 1480 4158 eum
1497 4081 1569 4158 sibi
1586 4081 1627 4156 in
1641 4109 1724 4157 con-

306 4206 391 4283 eilio
417 4205 643 4298 senonensi,
671 4235 757 4283 cum
784 4236 860 4312 quo
886 4209 1110 4314 inquisitum
1129 4207 1252 4286 luerat
1275 4211 1445 4300 Carnoti,
1468 4212 1667 4289 absolutus
1690 4230 1723 4287 et

304 4335 561 4414 reconciliatus
586 4366 654 4443 per
679 4338 876 4415 dominum
899 4339 1116 4445 episcopum
1144 4340 1427 4418 Carnotensem.
1453 4341 1578 4419 Lectis
1601 4360 1720 4418 autem

304 4483 340 4540 et
368 4465 568 4573 diligenter
591 4468 767 4573 expositis
791 4467 861 4544 sibi
886 4470 1063 4546 omnibus
1091 4487 1128 4546 et
1152 4471 1309 4578 singulis
1333 4472 1517 4564 articulis,
1544 4489 1722 4577 protesta-

304 4596 410 4672 cione
433 4599 611 4701 premissa
635 4599 741 4705 quod
761 4627 837 4676 non
861 4599 1026 4677 intendit
1046 4602 1171 4677 venire
1196 4618 1325 4678 contra
1346 4603 1632 4708 deposicionem
1660 4631 1720 4707 per

304 4750 392 4798 eum
413 4723 545 4800 factam
566 4756 690 4805 coram
713 4729 813 4806 dicto
835 4730 990 4808 domino
1012 4732 1186 4838 episcopo
1212 4730 1452 4824 Carnotensi,
1471 4733 1672 4840 respondit
1685 4759 1719 4806 se

306 4853 447 4966 nescire
466 4853 513 4928 de
531 4857 583 4931 eis
599 4858 667 4931 nisi
683 4859 788 4963 quod
803 4861 984 4965 seqnitur,
1001 4862 1176 4942 videlicet
1190 4891 1229 4939 se
1243 4862 1378 4941 vidisse
1393 4864 1509 4968 recipi
1528 4858 1713 4941 Nicolaum
