4080 6052
485 546 678 639 procus
703 566 799 638 urs
825 567 1119 641 murmures.
1437 577 1509 650 sur

95 706 262 813 peccatis.
288 706 429 783 duravit
456 706 630 785 ordinem
658 735 736 784 non
758 708 856 785 crire
880 709 1021 816 absquo
1044 710 1199 787 licencia
1224 713 1427 816 superioris
1444 718 1509 825 qui

95 866 175 915 cam
195 838 282 914 dare
298 854 434 942 posset,
454 855 493 914 et
508 839 627 916 credit
642 838 748 945 quod
761 837 824 914 alii
844 839 946 915 idem
961 840 1142 946 jurarent.
1164 840 1407 921 Clandestine
1422 845 1511 921 reci·

92 968 317 1072 pichantur3
341 994 420 1043 non
450 969 570 1045 credit
599 967 704 1074 quod
727 968 925 1046 carnaliter
949 971 1293 1059 commiscerentur,
1315 999 1385 1049 nec
1405 974 1510 1078 quod

92 1100 165 1174 hoc
186 1098 375 1175 diceretur
387 1098 549 1190 eisdem,
568 1126 638 1176 nec
658 1099 762 1205 quod
786 1099 970 1177 haberent
990 1102 1118 1208 ydola,
1135 1130 1206 1178 nec
1224 1102 1328 1208 quod
1353 1102 1508 1181 cordule

90 1245 288 1334 tangerent
317 1227 436 1334 capita
459 1227 671 1334 ydolorum.
704 1227 836 1307 Credit
867 1231 973 1336 quod
1000 1231 1065 1337 qui
1097 1231 1321 1309 revelassent
1347 1253 1505 1323 secreta,

92 1359 249 1435 luissent
271 1358 430 1466 graviter
448 1359 584 1464 puniti.
606 1361 689 1437 Non
708 1358 782 1436 fuit
800 1359 870 1437 sibi
893 1359 1098 1437 inhibitum
1121 1362 1226 1466 quod
1246 1390 1323 1439 nou
1351 1364 1507 1441 confite-

92 1507 222 1565 rentur
233 1489 307 1565 nisi
322 1486 578 1565 sacerdotibus
589 1489 744 1580 ordinis,
757 1505 795 1565 et
809 1488 905 1564 iufra
917 1490 1137 1595 quindecim
1151 1489 1231 1567 dies
1249 1519 1269 1565 a
1285 1495 1505 1597 recepcione

91 1647 173 1708 sua,
197 1616 269 1694 luit
290 1618 338 1693 de
358 1616 535 1723 predictis
559 1616 750 1694 confessus
768 1616 871 1695 fratri
892 1618 1091 1724 Arnulpho
1117 1635 1209 1696 tunc
1232 1620 1410 1728 gurdiano
1432 1622 1506 1699 lra-

89 1740 190 1826 trum
208 1748 398 1826 Minorum
412 1747 752 1839 suessionensium,
770 1747 966 1837 defuncto,
983 1765 1022 1825 et
1038 1749 1196 1827 absolvit
1210 1778 1316 1839 eum,
1332 1751 1505 1856 imposita

89 1878 161 1954 sibi
176 1876 386 1982 penitencia
406 1877 510 1981 quod
528 1892 694 1980 portaret
713 1875 878 1952 cilicium
890 1875 938 1951 nd
955 1902 1104 1951 carnem
1123 1905 1192 1982 per
1207 1905 1321 1954 unam
1335 1879 1505 1970 Quadra-

89 2008 300 2116 gessimam,
316 2024 356 2082 et
369 2006 473 2112 quod
487 2005 677 2113 jejunaret
693 2033 760 2111 per
774 2034 896 2083 uuum
911 2033 1052 2082 anuum
1072 2006 1184 2083 sertis
1204 2006 1321 2101 feriis,
1342 1991 1504 2115 quarum

90 2137 329 2215 medietatem
348 2135 487 2213 faceret
501 2136 544 2211 iu
561 2163 657 2241 pane
677 2153 715 2212 et
732 2164 839 2244 aqua.
860 2137 1027 2215 Scientes
1048 2164 1191 2213 errores
1211 2136 1364 2214 fuerunt
1385 2139 1505 2246 negli-

89 2285 234 2374 gentes,
260 2268 449 2373 quianon
479 2283 720 2343 correxerunt
763 2294 832 2343 nec
857 2267 1178 2344 denunciaverunt
1210 2268 1386 2345 Ecclesie.
1421 2272 1503 2347 Non

90 2399 232 2478 audivit
258 2396 422 2474 inhiberi
444 2398 550 2503 quod
577 2396 780 2474 elemosine
812 2413 850 2473 et
873 2396 1106 2502 hospitalitas
1136 2425 1212 2474 non
1242 2397 1377 2473 fierent
1409 2400 1504 2477 sicut

90 2547 168 2607 crat
191 2544 432 2616 consuetum3
459 2527 576 2604 immo
602 2525 675 2603 luit
698 2543 916 2632 preceptum
948 2543 987 2604 et
1018 2526 1114 2603 vidit
1140 2525 1224 2603 lieri
1253 2525 1500 2613 contrarium,

90 2678 127 2736 et
162 2657 434 2765 prohibebatur
465 2656 519 2733 eis
551 2656 657 2763 quod
697 2682 775 2732 non
809 2675 1051 2762 gpavarentur
1087 2656 1217 2733 vicinis
1252 2684 1403 2747 eorum,
1432 2686 1504 2733 nec

88 2789 225 2897 injuste
260 2788 505 2894 acquirerent
527 2788 609 2863 Non
628 2784 799 2863 interfuit
824 2786 1006 2891 capitulis.
1036 2788 1158 2864 Totus
1186 2785 1281 2863 ordo
1302 2805 1501 2875 servasset,

89 2937 132 2996 ut
152 2919 291 3006 credit,
333 2916 436 3022 quod
465 2944 622 3023 magnus
653 2914 828 3021 Magister
846 2944 943 2992 curn,
963 2932 1145 2992 conventu
1166 2915 1363 2992 statuisset.
1397 2917 1503 2991 Nunc

88 3049 242 3154 grandia
268 3047 440 3123 scandala
461 3064 499 3123 et
521 3044 686 3150 suspicio
702 3063 833 3122 contra
859 3044 1033 3122 ordinem
1058 3064 1146 3123 sunt
1171 3063 1320 3159 exorte3
1346 3046 1504 3122 credens

88 3177 201 3284 quod·
214 3203 362 3252 errores
386 3174 582 3251 confesseti
606 3201 675 3280 por
699 3200 787 3251 eum
816 3192 941 3252 essent
961 3176 1041 3251 noti
1069 3173 1247 3252 fratribus
1273 3175 1439 3261 ordinis3
1466 3193 1504 3251 et

88 3307 231 3383 audivit
249 3306 322 3383 dici
354 3307 459 3411 quod
486 3333 644 3412 magnus
668 3305 845 3411 Magister
874 3324 913 3383 et
947 3304 1010 3381 alii
1045 3304 1202 3381 confessi
1240 3321 1328 3381 suut
1357 3304 1503 3410 aliquos

88 3464 234 3512 errores
257 3452 385 3512 contra
409 3435 601 3521 ordinem,
627 3436 675 3511 ad
702 3435 811 3542 cujus
835 3435 1110 3515 deffensionem
1135 3448 1181 3510 ‘se
1204 3432 1392 3511 obtulerat
1416 3461 1501 3509 cum

88 3569 184 3653 eliis,
205 3594 301 3672 quos
312 3566 352 3641 irr
367 3567 440 3643 hoc
453 3566 700 3670 sequebamur
716 3566 784 3642 sed
798 3567 1044 3672 postmodum
1056 3563 1207 3640 retraxit
1220 3588 1258 3638 se
1277 3591 1297 3636 a
1313 3562 1410 3637 dicta
1424 3561 1502 3638 del·

87 3698 276 3787 fensicne,
308 3696 455 3772 meliori
483 3695 639 3773 consilio
670 3697 817 3772 ductus.
851 3695 1067 3800 Requisitus
1092 3695 1122 3770 si
1157 3693 1300 3769 videret
1331 3691 1500 3796 aliquem

88 3827 204 3903 aliurn
230 3825 343 3929 recipi
373 3824 411 3898 in
438 3824 583 3913 ordine,
603 3823 804 3927 respondit
822 3823 927 3928 quod
946 3825 1016 3908 sic,
1035 3822 1167 3898 fratres
1181 3821 1431 3899 Bertrandum
1453 3821 1501 3897 dc
1529 3802 1532 3808 ⁵

88 3956 227 4063 Crotoy
239 3953 448 4060 quondam,
467 3969 506 4028 et
521 3949 834 4029 Guillelmuurde
846 3954 925 4059 Roy
935 3952 1153 4038 servientes,
1177 3951 1218 4026 in
1234 3953 1331 4028 dicta
1347 3950 1498 4056 capella,

87 4112 155 4191 per
175 4084 317 4160 dictum
336 4081 488 4158 fratrem
519 4081 731 4157 lohannem
758 4081 806 4157 de
834 4082 988 4188 Sernoy,
1016 4082 1054 4157 in
1084 4080 1381 4159 lesto'Omnium
1407 4081 1498 4159 San

87 4232 234 4291 ctorum
261 4213 430 4319 proxime
456 4211 635 4318 preterito
664 4208 826 4288 fuerunt.
840 4237 878 4289 rt
910 4210 999 4287 unni
1024 4210 1083 4287 vel
1112 4211 1227 4301 circa,
1261 4210 1498 4316 presentibus

86 4343 263 4419 fratribus
280 4340 346 4447 qui
367 4338 612 4417 interfuerant
629 4339 841 4445 recepcioni
860 4340 978 4446 ipsius
992 4339 1107 4417 testis.
1127 4341 1350 4445 inquorum
1369 4366 1498 4445 recep·

87 4473 264 4550 cionibus
278 4470 396 4548 nichil¹
414 4471 508 4547 vidit
525 4468 606 4547 lieri
626 4470 818 4561 illicitum3
839 4486 1100 4547 remanserunt
1117 4485 1244 4545 tamen
1264 4486 1350 4575 post
1366 4497 1498 4573 recep-

87 4604 235 4679 cioncm
254 4630 341 4677 cum
362 4619 552 4707 receptore
581 4603 625 4678 in·
647 4601 802 4706 capella,
828 4601 911 4706 ipso
934 4615 1029 4676 teste
1049 4618 1086 4674 et
1112 4599 1195 4675 aliis
1216 4600 1281 4707 qui
1302 4600 1500 4677 udluerarrt

87 4731 364 4822 recedentibus,
379 4747 417 4808 et
433 4732 550 4808 nescit
563 4731 594 4809 si
611 4730 857 4836 postmodum
866 4729 1024 4807 luerunt
1036 4726 1129 4805 iacta
1141 4728 1271 4806 illicita
1285 4729 1497 4835 supradicta

86 4861 289 4940 confessata
303 4889 375 4967 per
394 4888 495 4940 eum.

1323 4996 1371 5074 69.
