4080 6052
692 492 1334 626 anectenssrnunmcas.
1423 507 1425 511 ¹
1675 563 1723 633 ss

308 691 533 773 Mimatensis
551 707 590 770 et
604 692 878 770 Lemovicamis
894 692 1074 798 episcopi,
1093 723 1134 770 ac
1152 693 1296 772 domini
1315 695 1487 773 Matheus
1506 698 1552 773 de
1571 700 1722 806 Neapoli

309 841 346 901 et
371 821 565 900 Johannes’
587 822 634 897 de
654 822 783 899 Monte
802 822 940 913 Lmrro,
965 822 1120 900 domino
1145 825 1313 901 lohanne
1344 826 1391 900 de
1417 826 1569 903 Mantua
1597 832 1723 932 quoad

264 943 269 998 J
307 954 412 1031 istam
428 953 529 1030 diem
538 952 735 1028 dumtaxat
747 979 816 1056 per
828 950 1040 1028 discrasiam
1055 955 1291 1059 corporalem*
1302 983 1341 1031 se
1361 973 1574 1046 excusante,
1593 985 1724 1048 eonve—
1745 1001 1747 1005 Α

306 1094 443 1160 nerunt
460 1082 501 1158 in
520 1081 614 1158 hora
631 1080 751 1185 prime
771 1079 819 1156 ad
839 1080 976 1157 dictam
996 1082 1121 1158 aulam
1147 1085 1289 1160 domini
1311 1085 1525 1162 Parisiensis
1546 1086 1720 1193 episcopi.

306 1212 353 1289 llt
369 1227 600 1289 memoratus
619 1210 794 1288 dominus
813 1211 1114 1318 archiepiscopus
1134 1230 1298 1318 exparte
1325 1213 1468 1291 domini
1489 1216 1598 1322 Regis
1616 1218 1725 1292 Fran-

308 1368 440 1418 corum
453 1341 619 1427 illustris‚
632 1357 677 1418 ut
691 1340 895 1432 dicebatur,
911 1342 960 1418 ad
979 1342 1061 1448 ejus
1082 1360 1230 1421 vocatus
1245 1345 1495 1450 presencia-m,
1513 1347 1663 1423 accessit
1676 1347 1724 1423 ad

309 1498 414 1558 eum,
434 1497 609 1548 excusans
625 1497 665 1548 se
683 1472 810 1577 quoad
819 1463 1029 1577 'predictam
1048 1471 1149 1549 diem
1169 1490 1207 1550 et
1223 1501 1355 1550 omncs
1375 1473 1468 1551 alios
1487 1475 1568 1551 dies
1585 1475 1725 1581 quibus

309 1627 396 1676 eum
410 1599 540 1678 abesse
556 1600 803 1707 contingeret,
814 1601 944 1708 volens
957 1602 1062 1708 quod
1076 1601 1138 1678 alii
1157 1601 1299 1679 domini
1316 1603 1559 1680 commissarii
1574 1605 1613 1679 in
1626 1602 1724 1681 dicta

307 1729 551 1835 inquisicione
568 1731 773 1836 procedant
787 1759 865 1809 non
882 1733 1051 1809 obstante
1067 1733 1184 1838 ipsius
1203 1733 1389 1833 absencia,
1408 1733 1479 1809 nisi
1498 1735 1621 1840 ipsum
1638 1760 1725 1810 con-

305 1861 461 1936 trarium
484 1889 653 1966 expresse
673 1863 897 1953 mandaret,
911 1862 1089 1969 adjiciens
1107 1863 1213 1970 quod
1231 1890 1307 1940 non
1327 1880 1473 1969 poterat
1492 1862 1653 1968 amplius
1670 1891 1725 1938 va-

306 2017 387 2065 care
407 1991 573 2095 predicta
592 1991 653 2067 die
675 1992 831 2098 negocio
856 1993 1085 2100 supradicto,
1107 1985 1298 2071 consuluit
1321 2012 1364 2071 nt
1387 1992 1510 2070 adhuc
1528 1994 1724 2085 vcontinua-

307 2132 411 2193 retur
427 2146 582 2223 presens
599 2122 784 2198 terminus
798 2098 853 2199 'ad
872 2122 952 2199 dios
971 2140 1181 2227 sequentes.
1198 2125 1246 2199 Et
1264 2149 1352 2199 cum
1369 2125 1482 2199 ceteri
1503 2121 1645 2229 college
1665 2122 1723 2198 sui

241 2299 250 2317 .
307 2245 464 2362 predicti
488 2276 609 2353 usque
629 2251 678 2324 ad
697 2251 1062 2326 consummacionem
1081 2252 1194 2326 misso
1213 2252 1380 2357 majoris,
1403 2251 1587 2328 celebrate
1607 2251 1647 2326 in
1668 2279 1726 2326 ec-

308 2371 420 2450 clesia
441 2375 550 2451 beate
574 2376 689 2450 Maria
712 2375 946 2462 Parisiensis,
970 2393 1222 2477 expectassent
1245 2379 1405 2465 ibidem,
1433 2395 1470 2455 et
1498 2379 1628 2455 nullus
1655 2407 1725 2483 pro

308 2502 406 2578 dicto
429 2502 561 2579 ordine
581 2529 652 2577 nec
675 2503 722 2578 de
746 2501 828 2579 aliis
847 2501 964 2576 citatis
986 2520 1245 2605 comparerent
1262 2530 1386 2579 coram
1407 2506 1478 2593 eis,
1499 2504 1727 2581 deliberave-
1767 2502 1778 2522 ⁹

307 2648 395 2706 runt
415 2648 452 2707 et
482 2631 727 2706 decreverunt
750 2629 986 2706 concorditer
1011 2656 1080 2733 per
1103 2656 1168 2704 eos
1197 2657 1277 2705 esse
1304 2633 1574 2735 expectandum
1603 2633 1725 2708 adhuc

252 2819 255 2823 .
306 2759 551 2864 sequentibus
575 2758 725 2845 diebus,
746 2787 836 2834 cum
855 2757 1027 2846 nondum
1047 2780 1117 2860 per
1135 2755 1341 2850 antedictos
1364 2759 1662 2865 archiepiscopos
1690 2780 1728 2836 et

308 2888 519 2993 episcopos,
537 2887 692 2964 vicarios
711 2916 780 2966 sen
800 2884 979 2964 officiales
1009 2889 1251 2976 eorumdem,
1273 2889 1320 2964 ad
1338 2871 1497 2994 plenum
1523 2887 1724 2965 certifficati

306 3016 463 3119 fixissent
482 3018 529 3095 de
549 3016 807 3125 publicacione
821 3015 919 3098 dicte
935 3014 1119 3092 citationis
1138 3015 1232 3093 lacte
1251 3035 1290 3093 et
1306 3019 1480 3092 mandate
1498 3017 1537 3092 iu
1555 3018 1725 3121 predicto

307 3172 424 3251 regno
442 3143 526 3222 fieri
548 3172 617 3249 per
640 3144 812 3231 eosdem,
835 3152 905 3220 nec
931 3143 1054 3218 adhuc
1074 3145 1224 3221 adducti
1249 3142 1422 3237 fuissent,
1444 3160 1599 3251 propter
1618 3146 1724 3223 inon-

308 3274 482 3352 dsciones
500 3302 699 3380 aquarum
728 3274 908 3379 temporis
936 3273 1171 3378 asperitatem
1201 3290 1239 3349 et
1264 3274 1334 3350 alia
1357 3275 1626 3380 impedimenta
1649 3305 1724 3383 que

306 3422 543 3482 occurrerant
564 3421 719 3511 propter
743 3402 895 3480 termini
918 3401 1137 3480 breuitatem
1160 3399 1292 3509 prelixi
1318 3431 1386 3508 per
1410 3430 1492 3493 eos,
1519 3402 1590 3479 nisi
1615 3406 1724 3508 pauci

307 3562 350 3610 ex
367 3534 589 3640 Templariis
613 3532 837 3640 propinquis
860 3531 1039 3619 Pausias,
1064 3532 1129 3638 qui
1151 3531 1370 3609 dicebantur
1397 3560 1437 3608 se
1468 3530 1648 3610 obtulisse
1678 3534 1726 3631 ad

307 3660 569 3752 defensionem,
583 3662 725 3740 ordinis
744 3661 954 3738 memorati.
975 3660 1084 3738 Unde
1103 3678 1316 3767 presentem
1337 3662 1439 3739 diem
1464 3679 1502 3738 et
1519 3653 1724 3738 terminum

305 3792 542 3896 supradictis,
563 3791 702 3878 ordini,
724 3791 900 3869 lratribus
920 3808 958 3868 et
976 3790 1058 3868 aliis
1078 3791 1234 3868 evocatis
1257 3789 1460 3898 prefixum,
1484 3793 1531 3867 de
1554 3789 1726 3898 benigni-

305 3934 382 3994 tate
401 3920 644 4022 expectandos
659 3937 953 4028 prorogaverunt
965 3949 1086 4027 usque
1101 3921 1141 3996 in
1156 3921 1357 3998 crastinum
1372 3921 1466 3996 hora
1482 3919 1621 4024 prime,
1638 3946 1725 3995 cum

307 4045 592 4139 continuacione
608 4045 756 4123 dierum
773 4049 1012 4154 sequentium
1025 4049 1210 4155 quamdiu
1225 4049 1389 4152 placeret
1408 4043 1725 4124 eisdem—Acta

294 4173 460 4253 ,suerunt
481 4174 552 4251 hec
574 4176 613 4251 in
634 4174 801 4280 predicta
820 4204 965 4260 camera
989 4175 1192 4250 adherente
1213 4177 1296 4251 aule
1319 4171 1518 4279 episcopali
1533 4176 1720 4278 predicte,

307 4332 403 4381 anno
427 4304 580 4383 Domini
604 4303 806 4381 millesimo
835 4303 1097 4380 trecentesimo
1122 4330 1239 4396 nono,
1266 4290 1468 4380 indictione
1496 4320 1636 4398 octava,
1663 4307 1723 4382 die

305 4433 420 4509 tercia
444 4433 645 4539 supradicti
671 4431 810 4509 mensis
829 4431 1041 4523 Februarii,
1062 4430 1101 4506 in
1120 4433 1310 4537 presencia
1334 4427 1604 4509 venerabilium
1626 4432 1723 4509 viro-

306 4590 393 4638 rum
414 4562 675 4670 magistrorum
692 4559 823 4642 amsii
849 4562 895 4639 de
923 4560 1131 4639 Aurelianis
1159 4561 1408 4639 archidiaconi
1429 4560 1721 4649 Aurelianensis,

306 4690 512 4789 Guaufredi
532 4692 649 4798 Zalup
673 4692 839 4770 canonici
863 4691 1099 4778 Parmensis,
1127 4708 1165 4768 et
1194 4689 1270 4768 mei
1299 4683 1540 4769 Floriamonti
1569 4691 1724 4769 Donde-

308 4820 435 4899 deide
461 4822 612 4900 Mantua
636 4821 786 4911 notarii,
813 4851 855 4898 ac
880 4822 1060 4900 bernardi
1084 4820 1225 4909 Filioli,
1247 4822 1414 4928 Hugonis
1439 4822 1595 4910 Nicolai,
1618 4820 1726 4937 Guil·
1782 4915 1783 4918 Ἴ
