4080 6052
532 526 605 598 550
918 510 1232 601 noces-ons
1258 526 1563 599 rennuens,

529 667 736 754 nhil-scire,
763 668 835 743 nisi
860 668 899 742 in
919 685 1106 774 quantum
1126 666 1451 771 supra-deposuit,
1473 667 1546 742 hoc
1559 682 1720 770 ‘excepto
1740 668 1854 772 quod
1875 684 1956 746 cru-

530 798 643 874 debat
655 799 694 874 in
708 791 839 874 ordine
854 800 987 876 servari
1005 799 1077 875 hoc
1087 796 1195 905 quod
1207 822 1367 901 mugnus
1382 797 1558 902 Magister
1567 795 1839 887 ordinatrices
1849 802 1955 906 quod

528 929 760 1037 negligentes
789 929 937 1006 fuerant
964 930 1003 1005 in
1032 928 1255 1035 corrigendo
1276 944 1439 1016 errores,
1459 944 1500 1003 et
1526 927 1565 1003 in
1590 928 1859 1006 denunciando
1879 932 1953 1008 tto-

529 1059 656 1146 clesie,
679 1077 717 1135 et
734 1062 841 1166 quod
862 1088 963 1137 nunc
983 1077 1090 1136 erant
1103 1057 1276 1137 scandala
1288 1058 1621 1165 propterpredicte
1636 1075 1765 1135 contre
1778 1061 1952 1138 ordinem

529 1207 668 1280 exorta,
692 1207 730 1267 et
750 1190 926 1266 credebat
945 1192 1104 1268 modum
1129 1188 1360 1296 recepcionis
1382 1218 1450 1266 sue
1474 1188 1875 1268 etntiomm--tratrnm
1891 1220 1952 1271 or·

528 1320 626 1396 dinis
638 1320 878 1399 manifestum
892 1321 1006 1398 fuisse
1021 1320 1384 1429 iratribusejusdem
1396 1321 1555 1409 ordinis,
1573 1320 1734 1397 sednon
1755 1325 1949 1401 extraneis.

583 1453 689 1539 Item,
711 1452 915 1557 requisitus
932 1452 963 1528 si
979 1453 1032 1529 sic
1046 1451 1404 1557 deposuerat-prece,
1426 1468 1616 1556 precepto,
1627 1452 1789 1540 timore,
1802 1460 1949 1546 *rmore

528 1564 943 1687 0i10‚v01nmp0r'an
973 1581 1134 1658 comodo
1164 1580 1291 1658 habito
1322 1582 1380 1658 vei
1407 1581 1600 1673 insenso,
1627 1582 1825 1687 respondit
1841 1587 1951 1690 quoi

528 1739 620 1799 non,
639 1713 708 1787 sed
730 1713 973 1817 proteritate
995 1710 1172 1800 dicenda3
1196 1712 1257 1786 cui
1273 1700 1353 1788 ‚tuit
1375 1710 1588 1818 injunctum
1612 1740 1683 1816 per
1702 1712 1853 1789 eosdem
1871 1714 1950 1791 'tlo-

527 1842 650 1918 minos
675 1843 964 1932 commissarios,
983 1842 1032 1916 in
1057 1842 1194 1917 virtute
1216 1841 1423 1949 juramenti
1447 1840 1592 1947 prestiti
1617 1868 1686 1945 per
1709 1845 1949 1949 eum,·quod

526 2000 602 2047 non
618 1972 814 2049 revelleret
828 1975 924 2049 lianc
939 2000 1044 2047 suam
1062 1971 1358 2076 deposicionem,
1377 1998 1576 2076 quousque
1597 1958 1856 2079 attestnciones
1869 1971 1951 2050 luc·

527 2102 601 2177 rint
618 2101 818 2208 publicare
1494 2089 1497 2096 ¹
1541 2089 1545 2137 3

583 2229 672 2306 Acta
690 2230 844 2307 luerunt
863 2235 934 2310 hec
955 2233 1017 2308 die
1042 2248 1079 2307 et
1095 2230 1180 2307 loco
1194 2232 1581 2337 predictie,=presentc
1595 2231 1778 2338 magistro
1796 2232 1947 2319 Anicio,

526 2388 587 2436 me
608 2361 861 2440 Floriamonte
880 2351 1097 2448 Donded'ei,
1111 2376 1160 2436 'et
1176 2361 1946 2467 aliis'notariis-supra·ultimouominatis.

582 2625 669 2701 Post
694 2625 780 2711 hec,
808 2621 869 2697 die
895 2620 1024 2696 Martis
1047 2620 1240 2725 sequenti,
1263 2618 1409 2695 ¹scilicet
1434 2618 1473 2694 in
1488 2620 1623 2725 uigilia
1648 2620 1950 2726 Epiphtniedlo-

524 2754 634 2844 mini,
665 2751 738 2829 luit
765 2753 951 2829 adductus
982 2750 1029 2826 ad
1057 2750 1290 2854 presenciam
1316 2750 1541 2825 eorumdem
1556 2752 1560 2771 ⁵
1573 2750 1822 2828 dominorum
1849 2778 1946 2827 oom-

527 2883 784 2958 missariorum
806 2882 845 2957 in
873 2881 1040 2985 predicta
1063 2880 1194 2968 domo,
1217 2879 1331 2957 irater
1351 2881 1493 2987 Symon
1519 2880 1567 2956 de
1591 2879 1768 2958 Corbone
1786 2880 1948 2959 'diocesis

525 3011 785 3115 Lingonensis,
799 3010 973 3094 serviens,
985 3010 1091 3086 testis
1102 3010 1371 3117 suprajuratus,
1387 3027 1431 3086 ut
1446 3011 1654 3115 deponeret
1663 3012 1811 3088 dictum
1825 3040 1944 3101 sumn,

526 3169 601 3216 non
619 3138 792 3216 deserens
812 3139 1034 3214 mantellum
1054 3141 1319 3247 ordinis,·quia
1338 3158 1423 3245 post
1440 3142 1656 3246 capcionern
1676 3129 1948 3233 snain‚··custos

527 3270 681 3343 carceris
699 3268 927 3346 Senonensis
947 3267 1101 3344 abstulit
1120 3270 1207 3356 sihi,
1231 3298 1319 3345 cum
1338 3296 1416 3374 quo
1435 3267 1575 3360 luerat,
1601 3289 1646 3346 ut
1663 3271 1771 3362 dixit,
1786 3273 1949 3378 inquisi-

524 3417 608 3476 tum
623 3430 690 3505 per
711 3401 910 3477 dominum
925 3402 1142 3507 episcopum
1159 3402 1468 3478 Aurelianensem
1484 3403 1659 3495 Senonis,
1677 3407 1765 3481 sede
1774 3423 1945 3492 -va'oente,

526 3549 562 3606 et
580 3531 776 3608 absolutus
796 3549 833 3607 et
853 3531 1113 3609 reconciliatus
1129 3561 1197 3638 per
1213 3561 1317 3621 eum,
1338 3551 1375 3609 et
1389 3551 1473 3638 post
1493 3534 1692 3610 concilium
1710 3534 1941 3617 Senonense,

526 3662 562 3735 in
584 3691 660 3768 quo
681 3663 853 3751 affuerat,
878 3664 985 3739 raddi
1009 3662 1147 3740 lecerat
1171 3662 1242 3740 sibi
1262 3663 1434 3754 barbam,
1457 3682 1496 3739 et
1519 3681 1599 3739 erut
1624 3664 1741 3751 etatis,
1765 3680 1810 3739 ut
1834 3663 1943 3751 dixit,

524 3793 669 3869 circiter
689 3820 733 3870 xc
754 3808 960 3870 annorum.¹
973 3796 1094 3872 Lectis
1114 3814 1240 3872 autem
1262 3813 1299 3871 et
1317 3795 1518 3901 diligenter
1539 3793 1610 3870 sibi
1630 3794 1805 3900 expositis
1824 3794 1948 3871 omni-

525 3923 596 4000 bus
611 3942 649 4000 et
661 3926 819 4031 singulis
839 3926 1020 4013 articulis,
1043 3926 1238 4032 respondit
1257 3926 1305 4002 ad
1326 3954 1405 4014 eos,
1429 3941 1465 4000 et
1485 3926 1609 4030 primo
1629 3926 1677 4000 ad
1696 3925 1843 4029 primos·
1860 3954 1948 4032 qur-

524 4071 622 4136 tuor,
645 4072 688 4131 ut
708 4056 900 4162 sequitur:
923 4056 1147 4133 videlicetse
1168 4057 1321 4133 credere
1342 4056 1446 4161 quod
1466 4055 1599 4131 iratres
1613 4055 1759 4132 ordinis
1780 4083 1944 4131 commu·

525 4185 622 4258 niter
642 4188 897 4293 reciperentur
913 4189 1009 4263 sicut
1029 4189 1108 4293 ipse
1129 4187 1252 4264 luerat
1265 4204 1450 4292 receptus,
1474 4186 1540 4261 sed
1554 4188 1626 4262 hoc
1638 4185 1845 4274 nesciebat,
1862 4185 1943 4291 quia

524 4341 599 4388 non
613 4315 835 4396 interfuerat
847 4319 1131 4425 recepcionihus
1151 4320 1323 4404 aliorum,
1346 4344 1413 4393 nec
1433 4316 1606 4421 capitulis
1621 4317 1873 4422 eorum3·ipse
1890 4345 1945 4392 nu·

523 4462 599 4520 tem
621 4464 793 4554 receptus
813 4450 951 4539 luerat,
979 4467 1022 4526 ut
1045 4451 1152 4541 dixit,
1181 4480 1201 4526 a
1227 4429 1337 4525 fratre
1364 4451 1521 4553 Hugone
1544 4449 1592 4523 de
1615 4447 1944 4552 Villaribus,‹pre-

523 4593 672 4676 ceptore
688 4578 847 4654 condam
864 4581 911 4657 de
931 4581 1089 4686 Espulhi
1110 4580 1357 4686 Lingonensis
1373 4578 1548 4667 diocesis,
1572 4576 1942 4655 elemosinariorum

525 4702 629 4780 ducis
646 4707 881 4811 Burgundie,
912 4713 949 4787 in
971 4711 1111 4818 capella
1139 4711 1238 4788 dicte
1261 4712 1397 4789 domus
1423 4709 1469 4785 de
1490 4710 1667 4815 Espulhi,
1688 4710 1786 4785 circa
1811 4707 1940 4784 festum

524 4832 728 4909 Natiuitatis
752 4835 861 4912 beate
887 4841 1001 4917 Mario
1026 4841 1197 4947 proximo
1216 4842 1380 4946 lapsum,
1404 4839 1558 4917 luerunt
1582 4839 1886 4917 circiter-decern
1904 4849 1941 4911 et
