4080 6052
317 539 389 608 558
702 515 899 608 esoces
925 534 1020 605 oss
1047 532 1344 609 'retinuistis

313 695 468 783 propter
489 677 776 753 diuturnitatem
799 676 991 781 temporis.
1018 672 1060 751 Si
1085 674 1152 780 qui
1178 691 1283 751 erant
1301 674 1462 752 scientes
1481 703 1654 765 errores,
1677 706 1740 757 ne-

313 806 497 913 gligentes
508 805 678 895 luerunt,
693 808 782 913 quia
797 834 876 884 non
887 822 1128 882 correxerunt
1143 832 1213 882 nec
1226 804 1736 887 denunciaveruntErclesie

312 937 465 1012 Audivit
484 937 588 1042 quod
609 936 816 1013 elemosine
832 936 980 1012 fuerant
1001 934 1174 1012 restricte.
1189 935 1229 1011 in
1252 935 1386 1013 ordine
1405 935 1455 1011 de
1475 935 1655 1015 mendnto
1672 966 1738 1015 su·

312 1067 503 1172 periorum
520 1067 560 1141 in
579 1065 767 1172 aliquibus
785 1066 895 1157 locis,
912 1083 952 1142 et
968 1065 1075 1171 quod
1095 1092 1226 1142 eorum
1246 1064 1420 1171 capitulie
1439 1063 1542 1141 clem
1561 1065 1737 1147 teneban-

312 1214 386 1273 tur.
405 1196 536 1275 Credit
559 1197 663 1302 quod
684 1215 787 1275 totus
812 1196 908 1274 ordo
930 1213 1108 1273 servasset
1126 1196 1231 1302 quod
1255 1224 1416 1302 magnus
1445 1193 1628 1303 Magister
1651 1226 1735 1275 cum

313 1345 500 1404 conventu
532 1327 731 1405 statuisset.
759 1329 866 1404 Nunc
890 1325 1046 1434 grandia
1067 1325 1240 1403 seandala
1253 1344 1305 1403 et
1329 1325 1493 1431 suspicio
1521 1343 1657 1404 contra
1679 1356 1738 1405 or·

314 1458 442 1533 dinem
457 1474 547 1533 sunt
559 1474 702 1546 exorta,
717 1474 873 1563 propter
886 1455 951 1535 ille
967 1456 1016 1534 de
1032 1456 1172 1563 quibus
1188 1455 1311 1563 agitur
1325 1470 1456 1533 contra
1471 1481 1578 1531 eum.
1587 1455 1737 1535 Obtulit

311 1617 351 1664 se
372 1587 594 1664 deffensioni
615 1587 759 1665 ordinis
779 1617 866 1665 cum
886 1587 984 1676 eliis;
1004 1587 1250 1693 postmodum
1270 1614 1309 1664 se
1329 1585 1495 1664 retraxit.

367 1718 583 1823 Requisitus
613 1718 644 1793 si
671 1717 725 1794 sic
754 1719 930 1824 deposuit
963 1745 1093 1824 prece,
1127 1735 1322 1824 precepto,
1347 1717 1506 1808 timore,
1538 1716 1640 1804 odio,
1667 1718 1729 1795 vel

310 1847 509 1953 temporali
539 1847 701 1925 comodo
727 1847 857 1925 habito
884 1849 944 1925 vel
968 1848 1165 1936 habendo,
1180 1848 1377 1955 respondit
1409 1846 1521 1954 quod
1550 1873 1644 1934 non,
1665 1847 1731 1923 sed

310 2008 378 2083 pro
411 1978 563 2054 veritate
587 1977 764 2064 dicenda,
795 1997 832 2054 et
859 1980 932 2056 hoc
959 1978 1054 2055 dixit
1085 1977 1248 2056 multum
1269 1978 1430 2083 trepide.
1470 1976 1546 2055 Cui
1578 1975 1653 2053 fuit
1681 1977 1736 2054 iu·

305 2112 480 2214 junctum
509 2108 613 2214 quod
646 2136 722 2184 non
751 2109 932 2187 revelaret
955 2111 1052 2187 hanc
1081 2137 1186 2186 suam
1220 2109 1503 2214 deposicionem
1533 2137 1733 2214 quousque

312 2240 569 2316 attestaciones
603 2235 742 2315 suerint
777 2238 978 2345 publicate.
1112 2219 1116 2226 Ι

365 2503 491 2577 Frater
516 2498 602 2577 Odo
624 2499 672 2574 de
697 2498 925 2575 Castroduni
951 2499 1131 2590 serviens,
1152 2498 1393 2578 Cernotensis
1420 2496 1604 2589 diocesis,
1630 2501 1734 2577 testis

309 2660 420 2737 supra
439 2631 603 2737 juratus,
627 2656 704 2706 non
724 2629 911 2705 defferens
931 2629 1156 2707 mantellum
1178 2629 1340 2720 ordinis,
1361 2629 1453 2734 quia
1473 2628 1600 2733 ipsum
1623 2629 1735 2706 dimi·

308 2780 404 2839 serat
431 2760 656 2850 Aurelianis,
678 2789 764 2837 cum
793 2758 969 2837 dominus
997 2760 1193 2866 episcopus
1212 2759 1512 2847 Aurelianensis,
1535 2759 1599 2864 qui
1625 2787 1728 2835 nunc

309 2910 381 2982 est,
403 2890 683 2969 absolvissetet
703 2889 986 2967 reconciliasset
1003 2918 1103 2967 eum.
1125 2891 1371 2969 Postmodum
1394 2890 1479 2968 radi
1500 2888 1636 2968 lecerat
1653 2888 1727 2966 sibi

308 3020 478 3111 barbam,
501 3039 538 3098 et
553 3037 610 3098 est
623 3020 868 3128 quadraginta
881 3048 944 3096 sex
958 3048 1147 3103 annorum
1162 3021 1220 3098 vel
1234 3021 1347 3113 circa3
1364 3039 1404 3098 et
1419 3019 1493 3098 luit
1504 3035 1728 3127 protestatus

308 3152 413 3256 quod
430 3179 508 3226 non
530 3150 692 3227 intendit
706 3151 885 3227 recedere
905 3179 925 3224 a
945 3150 1186 3255 deposicione
1207 3178 1383 3256 pereum
1405 3150 1501 3228 lecte
1520 3179 1646 3229 coram
1665 3150 1731 3228 do-

307 3281 411 3356 mino
433 3281 627 3385 episcopo,
651 3281 732 3356 etsi
749 3279 890 3384 aliquid
912 3281 1140 3357 contrarium
1161 3281 1318 3372 diceret,
1340 3280 1447 3387 quod
1466 3309 1545 3358 non
1563 3279 1732 3387 prejudi-

309 3430 366 3487 cet
386 3412 468 3488 sibi.
485 3411 605 3487 Lectis
627 3427 753 3486 autem
772 3427 810 3484 et
830 3410 1030 3516 diligenter
1055 3411 1231 3516 expositis
1252 3412 1321 3488 sibi
1349 3410 1523 3489 omnibus
1543 3429 1582 3487 et
1603 3412 1729 3515 singu·

307 3541 352 3616 lis
369 3541 550 3629 articulis,
566 3538 761 3644 respondit
777 3568 814 3615 se
829 3540 971 3616 nescire
988 3540 1035 3616 de
1052 3541 1120 3626 eis,
1139 3541 1209 3616 nisi
1226 3541 1330 3646 quod
1347 3540 1519 3647 sequitur.
1534 3535 1724 3616 Videlicet

308 3673 411 3776 quod
437 3673 515 3777 ipse
542 3689 714 3775 receptus
747 3671 868 3747 fuerat
887 3672 937 3748 -in
954 3672 1109 3778 ‘capella
1141 3673 1278 3749 domus
1304 3670 1453 3777 Templi
1487 3669 1532 3744 de
1561 3669 1723 3745 buxeria

307 3802 546 3880 Carnotensis
579 3801 752 3890 diocesis,
793 3831 861 3906 per
889 3800 1041 3879 fratrem
1071 3802 1324 3880 Guillelmum
1360 3800 1524 3880 Gaudini
1562 3798 1725 3877 militem

305 3934 516 4037 quondam,
539 3946 799 4036 preceptorem
824 3949 913 4008 tunc
942 3933 1090 4010 ballivie
1112 3933 1367 4020 Carnotensis,
1390 3933 1487 4008 circa
1511 3931 1655 4006 instans
1674 3929 1692 4006 l
1709 3975 1726 3988 -

305 4082 405 4139 stum
426 4063 625 4140 nativitatis
648 4062 749 4137 beati
782 4063 960 4139 Johannis
987 4063 1150 4167 Baptiste
1177 4080 1289 4141 erunt
1312 4089 1395 4143 xxvi
1422 4063 1509 4139 anni
1530 4059 1591 4137 vel
1611 4062 1723 4148 circa,

304 4194 543 4297 presentibus
565 4194 742 4270 fratribus
761 4195 871 4270 Petro
897 4194 944 4269 de
970 4194 1160 4270 Merevilla
1183 4194 1321 4280 milite,
1352 4193 1562 4272 Guillelmo
1592 4192 1640 4269 de
1667 4192 1724 4268 Ni-

305 4326 437 4400 cochet
456 4326 657 4411 serviente,
678 4343 715 4400 et
730 4324 904 4429 pluribus
925 4325 1005 4401 aliis
1025 4324 1242 4413 deffunctis,
1257 4327 1296 4400 in
1318 4328 1421 4402 hunc
1440 4323 1624 4401 modum:
1640 4352 1722 4399 nam

305 4453 441 4531 obtulit
464 4484 502 4530 se
525 4456 621 4532 velle
647 4482 726 4531 esse
747 4482 896 4531 servum
922 4455 1107 4532 esclevum
1130 4456 1274 4532 ordinis
1298 4473 1337 4533 et
1361 4456 1473 4532 Beate
1501 4455 1620 4534 Marie
1645 4470 1720 4531 toto

303 4602 472 4689 tempore
492 4587 563 4661 vite
584 4616 671 4673 sue,
694 4605 826 4691 petens
845 4615 981 4692 panem
1004 4604 1042 4663 et
1061 4615 1194 4694 aquam
1216 4587 1360 4664 ordinis
1377 4586 1449 4663 sibi
1469 4584 1720 4690 concediplu·

304 4713 377 4787 ries
406 4715 646 4818 interpolate;
684 4735 719 4794 et
755 4747 840 4794 cum
873 4746 1079 4823 reponsum
1111 4718 1244 4796 luisset
1276 4718 1402 4795 eidem
1438 4715 1584 4822 pluries
1620 4714 1714 4822 quod

303 4844 401 4922 bene
428 4843 672 4935 deliberaret,
704 4867 740 4924 et
770 4851 877 4954 quod
902 4852 1085 4956 grandem
1111 4879 1192 4927 rem
1217 4849 1386 4955 petebat,
1416 4849 1505 4954 quia
1531 4860 1708 4954 oporteret
