4080 6052
695 557 892 649 rnocns
918 574 1014 647 nus
1040 574 1339 649 rnnrnrees.
1472 636 1476 645 .
1652 577 1726 648 ses

310 714 594 820 recepcionibus
617 714 777 792 aliorum
794 715 852 791 vel
872 731 967 820 post,
982 742 1097 820 quam
1112 714 1361 792 contrarium.
1378 715 1491 800 hcm,¹
1506 712 1600 790 dixit
1618 715 1727 818 -quod

312 844 359 921 de
374 845 552 950 predictis
570 844 710 922 illicttis
727 845 917 922 consessus
932 844 1071 931 bremt,
1085 843 1181 921 infra
1195 870 1364 922 mensem
1381 860 1472 954 tunc
1486 859 1725 948 sequentem,

308 973 501 1078 capellano
541 973 721 1063 seculari,
760 992 888 1053 curete
922 975 970 1051 de
1007 976 1104 1053 llaro
1134 1003 1246 1081 super
1268 975 1448 1053 Secanam
1474 972 1727 1079 lingonensis

307 1102 487 1195 diocesis,
508 1121 601 1180 tnnc
623 1105 891 1210 penitenciario
907 1104 1234 1211 domini-episcopi
1249 1103 1533 1183 cathalanensis.
1543 1103 1610 1208 qui
1625 1131 1727 1181 nunc

307 1251 381 1320 est,
403 1235 511 1341 cujus
526 1262 665 1311 nomen
686 1236 846 1341 ignorat,
865 1236 916 1312 de
936 1236 1043 1343 cnjus
1056 1235 1129 1312 vita
1141 1234 1335 1313 velmorte
1345 1260 1426 1311 non
1446 1233 1561 1309 babet
1572 1233 1727 1309 certitu·

310 1365 455 1453 dinem,
470 1365 570 1470 apud
581 1366 777 1472 Terajussa
790 1365 1099 1444 Gathalannensis
1119 1365 1292 1452 diocesis,
1303 1364 1371 1470 qui
1384 1362 1457 1439 fuit
1474 1362 1581 1439 valde
1591 1379 1728 1469 ‘stupe-

308 1492 440 1579 factus,
465 1493 591 1570 audita
611 1481 844 1571 confessione
867 1494 1051 1599 predicta,
1078 1511 1115 1569 et
1138 1492 1296 1570 absolvit
1315 1521 1403 1568 eum
1424 1491 1549 1567 dando
1570 1492 1604 1567 ei
1624 1491 1728 1567 disci·

307 1621 464 1727 plinam,
490 1623 665 1728 imposita
689 1623 725 1699 ei
745 1623 957 1730 penitencia
979 1622 1086 1728 quod
1098 1623 1289 1729 jejunaret
1308 1621 1443 1701 diebus
1461 1620 1663 1699 sabbatinis
1687 1622 1725 1697 in

306 1780 401 1860 pane
426 1768 465 1828 et
488 1780 602 1858 aqna,
628 1769 667 1829 et
686 1782 763 1830 non
787 1770 962 1859 portaret*
973 1752 1169 1829 camisiam·
1182 1781 1249 1857 per
1265 1751 1481 1829 dimedium
1503 1779 1660 1837 anuum,
1683 1767 1728 1833 et

305 1880 412 1988 quod
432 1883 669 1972 ultramare,
684 1885 751 1961 ubi
765 1901 857 1960 tunc
872 1884 918 1959 de
935 1881 1107 1988 proximo
1124 1880 1362 1986 prolecturus
1375 1880 1727 1986 erat,=investigeret

309 2011 509 2118 diligenter
528 2013 560 2089 si
582 2012 741 2118 predicti
762 2011 1170 2088 erroresscruabautur
1189 2011 1228 2085 in
1249 2008 1398 2099 ordine,
1413 2028 1460 2092 ,et
1477 2011 1510 2087 si
1529 2010 1604 2088 boc
1623 2039 1727 2087 com-

308 2143 462 2248 periret,
484 2142 671 2218 revelaret
690 2140 1003 2219 sin->confessione
1031 2141 1174 2230 eidem3
1206 2168 1319 2246 quam
1351 2124 1727 2248 penitenciamcom-

307 2272 440 2379 plerit3
456 2289 498 2347 et
507 2272 560 2348 de
580 2271 757 2377 predictis
780 2270 898 2347 nichil
913 2271 1154 2377 potuit-scire
1170 2299 1242 2349 nce
1254 2270 1404 2348 audivit
1415 2270 1495 2347 :dici
1512 2269 1725 2348 uliudante

309 2403 524 2508 capcionem
549 2429 693 2478 eorum.
716 2403 828 2492 lteur,
842 2401 942 2478 dixit
957 2429 998 2478 se
1020 2400 1450 2479 credere-ecelesiasticis
1464 2400 1723 2490 sacramentis,

307 2533 466 2609 credens
491 2532 596 2638 quod
620 2532 683 2608 ab'i
708 2532 841 2608 fratres
860 2522 1007 2609 ordinis,
1029 2531 1171 2611 eodem
1187 2531 1303 2610 modo
1319 2529 1537 2617 crederent,
1549 2547 1601 2612 et
1621 2531 1725 2635 quod

309 2690 440 2738 eorum
463 2663 676 2739 sacerdotes·
694 2663 822 2739 debite
842 2662 1090 2751 celebrarem
1109 2679 1348 2768 preceptores
1362 2688 1500 2738 eorum
1521 2659 1606 2737 laici
1622 2647 1727 2765 ¹inpo

306 2793 451 2870 nebant
473 2794 527 2870 eis
549 2793 777 2900 disciplinas,
801 2794 1070 2873 etsuoerdotes
1087 2791 1328 2902 abwbebmt
1345 2819 1411 2870 eos
1431 2819 1452 2866 a
1472 2792 1642 2895 peccatis.
1661 2792 1727 2867 Ju—

309 2924 402 3000 ravit
421 2924 594 3000 ordinem
614 2951 691 3000 non
706 2924 827 3013 exire,
836 2922 1128 3029 accredisqnod
1146 2921 1210 2999 atii
1227 2920 1333 2998 idem
1344 2920 1528 3026 jurarent.
1545 2919 1726 2999 (landes-

305 3052 386 3128 tine
404 3053 700 3159 recipiebantur,
717 3069 948 3157 exquoerat
961 3051 1123 3158 suspicio
1140 3068 1268 3129 oontm
1287 3077 1362 3129 eos.
1383 3050 1465 3127 Non
1483 3049 1604 3129 credit
1621 3051 1726 3155 quod

308 3182 445 3258 fierent
463 3181 593 3259 ceorla
613 3183 827 3274 inhonesta,
843 3181 1341 3287 mequod-committerent
1361 3180 1505 3256 crimen
1527 3180 1727 3259 sodomiti-

310 3338 414 3398 cum,
442 3338 512 3388 nec
534 3313 640 3417 quod
659 3312 862 3388 baberent·
869 3311 998 3418 ydola,
1022 3339 1092 3388 nec
1119 3311 1224 3416 quod
1251 3310 1410 3389 cordele
1431 3309 1570 3415 quibus
1591 3311 1726 3417 ‹cinge—

308 3442 463 3530 bantur‚
487 3440 598 3547 supra
617 3470 762 3548 pannos
775 3442 900 3519 lineos
918 3469 1003 3519 cum
1021 3441 1168 3548 quibus
1181 3441 1374 3549 jacebant,
1395 3455 1594 3544 tangerent
1603 3440 1724 3545 capita

307 3571 520 3676 ydolorum.
546 3572 825 3678 Precipiebatur
848 3572 952 3677 quod
973 3599 1053 3648 non
1077 3569 1287 3647 revelarent
1310 3585 1451 3647 secreta
1474 3569 1723 3676 capitulorum

254 3679 264 3698 ⁸
307 3728 377 3777 nec
400 3703 559 3778 modum
583 3703 827 3806 recepcionis,
851 3718 890 3777 et
903 3701 943 3777 si
969 3700 1211 3786 revelassent,
1231 3699 1485 3804 perdidissent
1505 3700 1666 3781 domum
1682 3721 1725 3780 et

308 3829 500 3917 ordinem,
525 3829 672 3934 absque
703 3830 857 3906 licencia
890 3854 967 3906 non
995 3844 1170 3935 poteraut
1197 3828 1268 3904 nisi
1291 3813 1554 3910 -siacerdotibus
1576 3830 1724 3908 ordinis

308 3959 500 4048 confiteri,
517 3960 546 4037 si
563 3961 628 4065 qui
648 3977 752 4036 erant
768 3961 927 4037 scientes
943 3986 1105 4051 errores,
1125 3957 1632 4066 fueruntneglipentes-quia·
1647 3987 1723 4036 non
1806 3980 1807 3984 ’

308 4109 548 4168 correxerunt
568 4119 722 4167 cosnec
742 4091 1067 4168 denunciaverunt·
1082 4089 1264 4179 bodens
1282 4090 1384 4168 ultra
1402 4119 1510 4168 mare
1531 4091 1626 4167 vidit
1644 4092 1723 4180 dari

308 4222 493 4300 decimam
513 4239 658 4329 partem
682 4222 853 4298 omnium
870 4221 1089 4298 victualium
1110 4247 1238 4299 amore
1256 4221 1344 4310 Dei,
1365 4237 1410 4299 et
1433 4220 1724 4328 hospitalitatem

307 4353 573 4430 convenienter
592 4336 739 4429 servari.
756 4351 942 4458 Capitulis
953 4349 1187 4430 ⁴tenebantur
1201 4351 1327 4457 januis
1342 4350 1493 4441 clausis,
1509 4351 1628 4431 nullis
1645 4380 1726 4458 pre

308 4482 477 4560 sentibus
495 4484 568 4560 nisi
587 4481 764 4560 fratribus
783 4482 944 4575 ordinis,
966 4482 1116 4560 ostiario
1137 4483 1263 4588 posito
1282 4510 1330 4560 ne
1344 4482 1726 4561 audiretur-exterius

308 4611 372 4686 illa
389 4639 463 4716 que
479 4611 625 4688 fiebant
642 4613 684 4687 in
702 4611 883 4717 capitulis.
906 4615 1027 4690 Totus
1042 4612 1137 4690 ordo
1157 4629 1336 4690 servasset
1354 4613 1459 4719 quod
1473 4641 1630 4720 magnus
1648 4614 1727 4692 Ma—

303 4744 424 4848 ¹gister
443 4770 534 4818 cum*
550 4759 733 4819 conventu
759 4741 965 4831 statuisset,
985 4770 1087 4820 nunc
1105 4744 1258 4851 grandia
1281 4742 1454 4822 scandala
1475 4761 1604 4823 contra
1623 4745 1728 4825 ordi-

309 4899 398 4950 nem
419 4891 508 4950 sunt
527 4891 663 4950 exorta.
686 4873 929 4950 Audivit-dici
956 4903 1135 4981 magnum
1155 4876 1374 4984 Magistrum
1398 4893 1437 4953 et
1462 4877 1555 4957 alios
1583 4876 1727 4982 aliquos

1573 5034 1620 5094 71.
