4080 6052
717 557 914 654 rnocts
940 578 1034 653 ons
1060 578 1361 655 rnurnrsns.
1659 582 1746 656 iss

332 717 381 795 cit
398 697 499 796 idem
518 719 623 797 testis
641 716 783 828 requiri
804 721 947 798 dictum
964 718 1163 830 lingonem
1179 748 1248 828 per
1265 723 1462 801 dominum
1479 720 1678 827 Hugonem
1698 721 1746 798 de

329 846 535 924 Marchiaco
563 850 786 926 canonicum
810 849 1119 957 Lugdunensem,
1146 850 1297 929 fratrem
1322 852 1438 958 ipsius
1464 849 1587 942 testis,
1608 866 1653 925 et
1678 878 1748 953 per

327 977 568 1056 banzalotum
589 978 636 1055 de
654 980 848 1086 Paspretcs
867 981 1087 1057 canonicum
1104 980 1357 1074 Aniciensem,
1377 1000 1414 1060 et
1432 1009 1501 1087 per
1527 979 1619 1056 alios
1641 978 1747 1054 lami-

324 1103 433 1184 linres
453 1108 571 1220 ipsius
593 1110 714 1200 testis,
736 1108 857 1187 fratris
881 1111 1065 1218 Hugonis,
1088 1112 1253 1188 eundem
1279 1111 1431 1189 fratrem
1456 1111 1671 1216 Hugonem,
1694 1108 1768 1185 de·

322 1262 436 1314 causa·
448 1220 689 1346 prelatamm
708 1240 929 1348 suspicionis
948 1258 986 1317 et
1002 1241 1246 1330 turbacionis,
1263 1272 1383 1349 quam
1404 1241 1458 1318 eis
1476 1239 1600 1316 noluit
1619 1238 1743 1315 decla·

322 1392 416 1444 rare.
433 1370 543 1458 Item,
562 1370 655 1448 dixit
673 1371 778 1477 quod
789 1371 831 1446 in
855 1371 986 1447 eadem
1006 1372 1210 1478 septimana
1229 1371 1269 1447 in
1288 1401 1362 1478 qua
1382 1371 1483 1447 idem
1501 1369 1613 1445 frater
1629 1369 1739 1475 Hugo

320 1496 393 1574 suit
411 1516 597 1604 receptus,
620 1500 742 1578 dictus
760 1501 980 1578 lanialotus
999 1501 1217 1608 significavit
1235 1499 1305 1607 ipsi
1324 1501 1409 1577 testi
1429 1498 1534 1607 quod
1553 1499 1656 1575 idem
1675 1497 1741 1575 sru-

319 1643 378 1704 ter
390 1629 499 1736 llugo
513 1628 651 1706 lecerat
664 1630 746 1707 fieri
764 1631 956 1737 quoddam
969 1631 1150 1739 sigillum,
1165 1631 1204 1707 in
1216 1632 1324 1738 cnjus
1338 1626 1642 1706 circumferencia
1661 1645 1739 1704 erat

318 1757 529 1864 sculptum:
546 1760 720 1840 Srcmnosr
731 1763 895 1840 Hoooms
910 1759 1069 1855 rnnnrrr,
1086 1790 1254 1839 asserens
1264 1761 1366 1838 idem
1379 1759 1601 1838 Lanzalotus
1613 1786 1653 1835 se
1665 1786 1739 1834 cre-

317 1887 406 1965 dere
428 1888 570 1967 dictum
591 1890 745 1967 fratrem
764 1892 963 1998 Hugonem
988 1920 1068 1969 esse
1092 1892 1198 1998 quasi
1224 1893 1480 1998 desperatum,
1501 1918 1587 1966 cum
1608 1905 1734 1965 autem

317 2016 419 2094 idem
451 2021 556 2097 testis
590 2020 895 2126 reprehendisset
927 2022 1091 2099 eundem
1121 2021 1274 2099 fratrem
1303 2022 1503 2126 Hugonem
1532 2019 1580 2096 ad
1610 2046 1733 2109 suam,

315 2163 470 2253 propter
487 2150 560 2226 boc
579 2151 787 2256 specialiter
804 2150 1038 2242 advocatum,
1051 2148 1303 2259 presenciam,
1323 2153 1412 2258 quia
1429 2150 1567 2228 lecerat
1586 2149 1669 2226 lieri
1689 2149 1737 2225 si-

318 2277 452 2384 gillum
469 2280 698 2385 predictum,
720 2298 758 2357 et
775 2281 1029 2386 requisivisset
1055 2309 1144 2357 eum
1168 2283 1278 2388 quod
1304 2283 1470 2359 traderet
1489 2280 1563 2358 sibi
1591 2279 1733 2357 dictum

314 2406 495 2514 sigillum,
522 2408 609 2487 lecit
636 2409 922 2515 impressionem
945 2410 984 2485 in
1008 2438 1091 2485 cera
1114 2408 1244 2502 rubra,
1266 2428 1313 2488 ut·
1336 2411 1406 2487 sibi
1430 2403 1590 2494 ridetur,
1617 2436 1731 2515 quam

313 2539 467 2616 tradidit
483 2538 553 2644 ipsi
570 2539 672 2631 testi,
689 2538 757 2615 sed
776 2539 900 2616 noluit
915 2539 985 2616 sibi
1003 2540 1149 2617 tradere
1168 2539 1311 2616 dictum
1328 2538 1509 2646 sigillum,
1526 2537 1614 2642 quia
1632 2537 1733 2615 idem

312 2670 416 2747 testis
431 2671 574 2747 dixerat
591 2670 715 2746 eidem
733 2668 836 2745 fratri
852 2671 1001 2776 Hugoni
1021 2654 1130 2777 quod
1146 2670 1312 2777 sigillum
1330 2668 1479 2748 volebat
1491 2667 1662 2775 frangere
1677 2697 1734 2746 sn-

313 2798 533 2904 pradictum.
552 2801 593 2876 In
607 2799 853 2904 impressione
867 2816 994 2877 autem
1007 2798 1152 2876 dietum
1167 2799 1243 2907 [sic]
1257 2829 1340 2878 cere
1359 2800 1450 2876 sacta
1469 2828 1490 2874 a
1504 2797 1674 2905 predicto
1690 2800 1733 2875 si-

312 2926 401 3035 gillo
416 2929 687 3016 continebatur,
700 2929 796 3006 sicut
807 2929 958 3006 litterati
975 2929 1044 3005 viri
1059 2929 1125 3035 qui
1139 2929 1317 3036 legebant
1333 2929 1475 3008 litteras
1488 2928 1605 3034 ipsius
1620 2927 1728 3033 sigilli

311 3057 484 3135 dicebant
507 3059 632 3136 eidem
649 3059 735 3136 testi
752 3090 760 3134 ι
779 3059 953 3166 Sigillum
974 3060 1143 3167 Hugonis
1161 3060 1311 3166 perditi.
1330 3060 1377 3137 Et
1397 3060 1484 3136 licet
1505 3059 1608 3136 idem
1624 3059 1729 3136 testis

311 3186 476 3264 multum
485 3188 788 3295 reprehendisset
798 3188 1152 3294 prefatum-fratrem
1167 3192 1378 3296 Hugonem,
1391 3189 1479 3296 qnia
1491 3187 1630 3265 fecerat
1645 3187 1726 3265 fieri

310 3315 579 3423 tale'sigillnm,
599 3332 637 3394 et
654 3318 828 3422 suasisset
844 3319 878 3395 ei
900 3318 1121 3426 frequenter
1137 3319 1243 3427 quod
1259 3320 1383 3426 ipsum
1400 3318 1564 3426 sigillum
1581 3316 1726 3424 frange-

307 3464 375 3536 ret,
397 3460 635 3556 nequaquam
651 3451 725 3526 hoo
740 3449 866 3555 potuit
884 3450 1070 3543 obtinere,
1089 3478 1159 3530 neo
1175 3478 1323 3527 causam
1340 3450 1433 3526 scire
1454 3476 1570 3556 qnare
1590 3474 1629 3523 se
1649 3476 1728 3551 per-

307 3577 427 3657 ditum
457 3581 620 3659 vocabat.
645 3583 755 3673 Item,
782 3581 873 3658 dixit
900 3582 1116 3687 quodcum
1142 3582 1244 3658 idem
1269 3580 1381 3657 frater
1408 3582 1517 3686 Hugo
1547 3577 1723 3669 stetisset,

305 3710 411 3815 quasi
430 3737 499 3815 per
521 3712 617 3787 duos
635 3737 802 3798 menses,
823 3728 867 3788 ut
885 3710 1096 3801 arbitratur,
1117 3711 1156 3786 in
1177 3710 1328 3802 ordine,
1347 3711 1434 3786 licet
1452 3737 1529 3787 non
1548 3707 1646 3786 bene
1665 3736 1724 3783 re·

307 3838 419 3925 colat,
440 3838 618 3915 rediitad
640 3841 765 3945 ipsum
786 3856 922 3919 testem
947 3859 985 3918 et
1014 3840 1063 3918 ad
1088 3840 1180 3918 alios
1204 3841 1285 3948 ejus
1307 3841 1554 3947 propinquos,
1581 3855 1724 3914 etcum

306 3966 467 4045 stetisset
482 3956 589 4073 quasi
610 3995 679 4073 per
696 3996 837 4047 annum
854 3999 941 4048 cum
959 3971 1126 4047 dimedio
1144 3971 1242 4046 inter
1259 3998 1336 4062 eos,
1357 3967 1552 4046 infirmitas
1570 3965 1725 4072 arripuit

249 4160 256 4191 ,
308 4126 398 4174 eum
417 4098 456 4174 in
476 4097 619 4175 civitate
638 4096 832 4203 Lugduni,
854 4099 894 4173 in
912 4128 988 4205 qua
1006 4100 1221 4176 infirmitate
1241 4099 1313 4176 fuit
1331 4098 1522 4175 consessus
1546 4094 1724 4173 fratribus

284 4249 286 4252 ’
304 4226 529 4318 Minoribus,
543 4253 646 4334 -quos
663 4226 765 4304 idern
789 4227 898 4304 testis
920 4227 1009 4304 secit
1024 4228 1150 4304 venire
1168 4228 1216 4303 ad
1234 4255 1339 4316 eum,
1360 4245 1398 4302 et
1423 4225 1581 4333 receptis
1605 4226 1721 4302 eoele-

306 4359 457 4442 siasticis
476 4359 730 4450 sacramentis,
760 4386 847 4435 cum
867 4386 999 4464 magna
1019 4357 1238 4449 devocione,
1259 4375 1303 4434 ut
1322 4358 1483 4435 exterius
1502 4356 1716 4463 apparebat,

305 4488 407 4565 diem
426 4488 557 4565 clausit
577 4505 797 4565 extremum.
918 4540 921 4547 -

358 4616 449 4694 Acta
466 4616 619 4694 luerimt
634 4618 706 4695 hec
721 4617 888 4723 predicta
906 4618 967 4696 die
985 4621 1108 4710 Lune,
1127 4619 1167 4694 in
1187 4617 1328 4724 prelata
1344 4618 1498 4724 capella,
1515 4648 1584 4725 per
1600 4618 1718 4695 dictos

302 4745 479 4824 dominos
503 4747 790 4839 commissarios,
817 4747 1057 4853 presentibus
1081 4775 1142 4824 me
1167 4747 1417 4826 Floriamonte
1443 4747 1640 4827 Dondedei
1672 4747 1718 4824 de

303 4876 456 4957 Mantua
476 4894 513 4954 et
531 4878 709 4957 omnibus
728 4878 809 4958 eliis
828 4879 983 4957 notari-is
1002 4877 1231 4985 supradictis.

386 5013 491 5078 esocis
512 5035 565 5077 nm
585 5036 758 5078 reuertens.
771 5050 813 5065 -
826 5038 845 5078 1.
1574 5014 1614 5079 alt
