4080 6052
304 521 376 595 aaa
690 497 885 592 raucus
910 513 1005 589 ons
1029 513 1337 587 raurmuas

305 665 421 741 disset
438 661 544 767 quod
560 660 658 738 bene
676 659 881 746 sustineret
899 657 1025 766 omnia
1041 654 1225 764 predicta,
1242 655 1336 733 dixit
1356 653 1536 731 eidictus
1553 671 1729 761 receptor

303 793 409 903 quod
433 793 602 870 traheret
620 819 659 869 se
678 816 808 868 versus
827 788 1264 898 quamdam'ymaginem
1282 787 1392 864 beate
1412 784 1531 865 Marie
1549 813 1628 892 qne
1651 804 1729 864 erat

306 925 345 1000 iu
359 924 456 1000 dicta
470 921 632 1028 capella,
649 939 687 999 et
701 937 849 1031 rogaret
868 921 994 998 Deum
1012 935 1049 995 et
1065 916 1216 996 beatam
1230 916 1387 996 Mariam
1401 915 1511 1024 quod
1521 915 1726 1024 dirigerent

306 1080 394 1130 eum
413 1070 450 1129 et
467 1052 572 1159 quod
591 1050 865 1158 adimpleretur
883 1076 952 1128 nra
968 1049 1124 1157 peticio,
1144 1048 1179 1126 si
1197 1066 1276 1126 erat
1302 1047 1408 1125 utilis
1427 1045 1550 1123 anime
1571 1074 1658 1136 sue,
1684 1065 1723 1123 et

305 1212 393 1262 cum
412 1186 484 1262 hoc
503 1181 652 1261 fecisset
671 1182 867 1260 etiterum
887 1179 1081 1258 introisset
1092 1206 1162 1288 pro
1180 1179 1402 1286 recepcione
1422 1207 1508 1267 sua,
1530 1176 1648 1256 dictus
1661 1205 1722 1256 re-

306 1331 434 1421 ceptor
453 1310 616 1392 finaliter
637 1314 730 1391 dixit
749 1313 855 1420 quod
872 1311 1059 1419 reciperet
1079 1337 1230 1389 eumer
1250 1338 1331 1418 quo
1350 1327 1503 1387 tantum
1516 1307 1726 1398 affectabu,

305 1462 343 1522 et
366 1445 524 1550 predicti
554 1443 687 1521 fratres
710 1444 885 1522 Mnheus
907 1459 947 1520 et
965 1441 1170 1520 Umbertus
1189 1443 1380 1518 duxerunt
1404 1440 1565 1518 eumad
1588 1439 1727 1517 dormi·

307 1574 448 1651 terium
464 1575 512 1651 ad
532 1575 748 1653 eruendum
770 1590 891 1652 vestes
905 1572 1108 1663 secrdmes,
1124 1589 1162 1648 et
1175 1570 1416 1648 induendum
1429 1587 1553 1648 vestes
1567 1569 1723 1660 ordinm

304 1706 548 1811 postmodum
568 1705 802 1781 reduxerunt
822 1731 910 1780 eum
931 1703 970 1778 iu
990 1702 1128 1780 dictam
1149 1699 1330 1808 capellam
1347 1701 1395 1777 ad
1414 1701 1546 1807 ipsum>
1559 1717 1722 1806 recepto-

305 1865 407 1926 rem,
427 1835 492 1941 qui
517 1833 604 1910 lecit
626 1861 715 1909 eum
735 1860 868 1910 vovere
889 1849 927 1910 et
940 1833 1069 1941 jurare
1087 1860 1200 1938 super
1215 1831 1406 1939 quendam
1427 1828 1574 1907 librum
1591 1829 1629 1905 iu
1646 1857 1721 1936 quo

201 2050 208 2067 ¹
306 1983 385 2041 erat
403 1990 536 2070 ymago
555 1963 749 2052 Crucilixi,
769 1964 993 2051 castitatem,
1009 1961 1290 2052 obedienciam,
1309 1961 1431 2038 vivere
1451 1962 1537 2039 sine
1559 1962 1721 2068 proprio,

306 2122 450 2172 servare
471 2095 715 2186 elemosinas,
743 2095 846 2172 bona
861 2111 900 2172 et
922 2112 1064 2172 secreta
1092 2095 1255 2187 ordini„
1281 2094 1530 2200 postmodum
1551 2092 1725 2200 imposuit

307 2226 378 2302 sibi
406 2224 628 2302 mantellum
659 2244 697 2304 et
722 2227 920 2304 biretum:
950 2253 1027 2303 uon
1055 2243 1183 2303 tamen
1209 2224 1281 2303 fuit
1303 2254 1392 2302 eum
1423 2224 1634 2317 osculatus,
1663 2252 1725 2301 nec

306 2372 466 2432 astantes
480 2356 519 2432 in
534 2383 611 2445 ore,
625 2356 692 2434 sed
706 2357 875 2463 precepit
886 2357 920 2433 ei
935 2356 1043 2464 quod
1055 2356 1256 2463 abnegaret
1265 2356 1389 2433 Deum
1407 2373 1447 2432 et
1457 2355 1568 2462 quod
1583 2371 1726 2462 spueret

306 2513 419 2592 super
435 2485 573 2564 dictam
588 2489 801 2596 ymaginem
817 2486 1014 2575 crucifixi,
1031 2503 1070 2564 et
1088 2489 1195 2594 quod
1208 2486 1446 2565 oscularetur
1460 2515 1553 2563 enm
1573 2505 1673 2566 retro
1689 2488 1725 2563 iu

306 2619 411 2723 spina
421 2619 527 2696 dorsi
543 2679 551 2708 ,
566 2618 655 2726 qnia
673 2619 748 2696 hoc
766 2637 847 2695 erat
862 2616 911 2695 de
927 2618 1130 2725 preceptis,
1147 2619 1214 2695 sed
1234 2646 1312 2697 non
1332 2646 1507 2724 expresse
1525 2620 1573 2696 de
1592 2618 1725 2727 qubus

305 2750 490 2857 preceptis
521 2750 661 2827 seilicet
686 2746 848 2841 ordinis,
873 2749 933 2826 vel
965 2748 1124 2857 alicujus
1152 2749 1306 2826 alterius
1327 2747 1553 2856 superioris,
1577 2767 1616 2826 et
1636 2767 1723 2826 tunc

307 2878 385 2981 ipse
407 2880 516 2958 testis
528 2880 729 2988 ¹abnegavit
746 2882 871 2959 Deum
896 2908 963 2958 ore
987 2906 1065 2959 uon
1085 2881 1216 2970 corde,
1238 2897 1276 2958 et
1299 2880 1402 2986 spuit
1425 2909 1506 2958 non
1528 2908 1636 2986 super
1655 2879 1723 2956 sed

302 3007 407 3114 juxta
427 3009 563 3086 dictam
577 3014 808 3118 ymaginem,
829 3030 866 3089 et
880 3011 991 3090 linuit
1006 3040 1046 3089 se
1064 3012 1226 3090 osculari
1240 3039 1329 3089 eum
1345 3012 1444 3088 circa
1457 3010 1639 3099 mudule,
1655 3010 1723 3088 sed

308 3166 385 3214 non
403 3136 476 3214 tuit
496 3140 698 3231 osculatus,
719 3142 844 3248 tetigit
861 3159 989 3218 tamen
1005 3143 1149 3249 digit03
1171 3139 1243 3218 alia
1262 3142 1462 3220 inhonesta
1479 3171 1560 3220 non
1577 3142 1727 3221 herum

309 3271 406 3347 dicta
425 3266 483 3346 vel
501 3269 595 3347 lacta
613 3272 652 3346 in
670 3272 890 3376 receptione
910 3300 977 3349 sua
991 3274 1174 3380 predicta,
1191 3300 1260 3349 nec
1274 3274 1378 3351 aliud
1395 3275 1465 3351 scit
1480 3276 1527 3351 de
1544 3275 1727 3371 contentis

307 3401 346 3476 in
366 3427 411 3479 xv
432 3399 599 3478 articulis
619 3430 730 3508 supra
749 3401 879 3491 dictis,
901 3430 970 3479 nec
990 3404 1106 3480 eciam
1124 3404 1162 3479 in
1183 3404 1264 3481 aliis
1279 3405 1443 3482 articulis
1460 3403 1724 3509 sequentibus,

308 3531 379 3606 hoc
398 3550 550 3638 excepto
573 3534 679 3640 quod
693 3533 791 3611 bene
809 3534 984 3611 credebat
1006 3535 1261 3613 ecclesiasticis
1280 3532 1527 3617 sacramentis,
1545 3550 1584 3608 et
1604 3533 1726 3611 credit

307 3664 412 3768 quod
432 3664 493 3739 alii
514 3663 645 3743 fratres
665 3664 809 3742 ordinis
825 3664 924 3742 bene
945 3668 1157 3756 crederent,
1181 3685 1218 3745 et
1237 3671 1343 3774 quod
1363 3664 1568 3744 sacerdotes
1588 3692 1724 3743 eorum

307 3793 433 3870 debite
458 3795 707 3884 celebrarent,
731 3823 801 3871 nec
821 3797 943 3872 credit
966 3797 1070 3904 quod
1096 3799 1188 3905 layci
1213 3818 1366 3905 possent
1391 3797 1580 3876 absolvere
1602 3828 1624 3874 a
1643 3827 1725 3905 pac-

307 3925 417 4012 catis,
436 3952 506 4002 uec
527 3927 631 4033 quod
652 3926 707 4002 illi
729 3928 793 4034 qui
816 3945 921 4003 erant
940 3927 979 4003 in
1005 3929 1137 4006 ordine
1158 3949 1311 4036 possent
1332 3931 1432 4007 exire
1452 3930 1532 4006 sine
1551 3929 1722 4007 licencia:

306 4054 548 4133 clamdestine
573 4057 867 4164 recipiebantur,
891 4060 1055 4137 cordulis
1082 4061 1328 4169 cingebantur
1353 4089 1467 4168 super
1488 4061 1671 4149 camisias,
1691 4079 1723 4136 et

305 4184 403 4262 bene
434 4188 505 4265 scit
535 4189 641 4295 quod
673 4218 738 4266 sua
769 4217 845 4265 non
869 4192 995 4298 tetigit
1021 4193 1139 4297 capita
1163 4194 1380 4299 ydolorum,
1411 4192 1502 4299 quia
1531 4193 1612 4299 ipse
1640 4193 1723 4270 emit

307 4318 406 4405 eam3
423 4317 601 4424 jurabant
620 4348 696 4396 nou
717 4319 880 4397 revelare
906 4338 1047 4399 secreta
1067 4324 1342 4427 capituliorum.
1366 4326 1450 4401 Non
1470 4324 1544 4401 suit
1572 4325 1608 4402 ei
1633 4324 1721 4401 inbi-

306 4443 429 4523 bitum
448 4452 552 4555 quod
574 4477 650 4527 uon
675 4450 918 4526 confiteretur
947 4452 1019 4528 nisi
1044 4455 1299 4532 sacerdotibus
1324 4456 1481 4532 ordinis.
1502 4457 1541 4534 Si
1565 4455 1719 4534 sciebant

306 4601 468 4666 errores,
485 4581 581 4656 male
596 4580 767 4658 fecerunt
781 4580 869 4686 quia
886 4610 962 4659 non
981 4604 1223 4661 correxerunt
1237 4613 1306 4662 uec
1322 4587 1649 4665 denunciaverunt
1661 4587 1718 4662 Eo
1758 4649 1763 4662 .

305 4701 433 4792 clesie;
451 4710 570 4784 nescit
588 4711 750 4815 qualiter
768 4710 868 4788 ultra
887 4738 989 4790 mare
1010 4715 1066 4791 vel
1085 4716 1173 4792 citra
1191 4744 1293 4793 mare
1314 4716 1445 4794 fratres
1465 4718 1614 4796 ordinis
1632 4717 1714 4796 reci·

307 4851 506 4937 perentur3
529 4835 751 4916 elemosinas
768 4857 806 4916 et
819 4843 1113 4948 'hospitalitatem
1133 4846 1227 4923 vidit
1245 4849 1513 4926 convenienter
1532 4848 1661 4928 servari
1677 4846 1714 4921 in
