4080 6052
695 493 892 587 ruocr‘rs
918 512 1014 585 urs
1039 513 1338 588 renuimus.
1647 517 1724 591 est

309 654 701 737 commissurus-Item
730 652 934 760 requisitus
958 654 989 730 si
1013 653 1066 731 sic
1087 654 1264 761 deposuit
1285 682 1414 761 prece,
1438 672 1636 767 precepto,
1652 689 1733 766 pre·

308 788 402 881 mio,
425 814 567 880 amore,
584 785 740 874 timore,
758 784 864 877 odio,
883 784 1086 862 commodo
1104 784 1302 891 temporali
1321 785 1451 865 habito
1467 786 1527 862 vel
1541 788 1729 881 habendo,

305 919 364 995 vel
383 919 604 1009 instructus,
618 915 679 994 vel
698 913 921 993 informatus
937 931 983 992 ut
1001 915 1053 992 sic
1069 915 1292 1023 deponeret,
1307 916 1503 1023 respondit
1517 920 1621 1024 quod
1634 946 1728 1007 non,

306 1067 344 1127 et
365 1048 439 1129 luit
461 1051 496 1127 ei
520 1048 727 1127 inhibitum
746 1047 849 1152 quod
870 1073 947 1122 non
974 1045 1156 1127 revelaret
1178 1048 1456 1154 deposicionem
1476 1077 1584 1127 suam
1602 1051 1730 1157 predi-

306 1196 402 1257 ctam
422 1180 521 1273 aliis,
542 1205 741 1287 quousque
762 1177 1021 1255 attestaciones
1037 1172 1183 1271 luerint
1196 1177 1406 1284 publicate.'

362 1313 452 1389 Acta
471 1311 626 1390 luerunt
644 1311 715 1387 hec
733 1335 803 1414 per
821 1307 940 1385 dictos
960 1307 1136 1387 dominos
1155 1309 1445 1403 commissarios,
1465 1310 1643 1416 predictis
1667 1313 1728 1389 die

306 1459 344 1519 et
362 1441 461 1533 loco,
478 1438 717 1548 presentibus
736 1436 912 1544 magistro
930 1435 1092 1531 Amisio,
1114 1465 1175 1514 me
1200 1437 1452 1516 Floriamonte
1471 1440 1672 1519 Dondedei
1691 1462 1730 1521 et

305 1571 386 1650 aliis
410 1571 565 1651 notariis
593 1596 706 1675 supra
732 1567 904 1675 proximo
932 1567 1218 1656 nominatis,·ac
1247 1566 1363 1645 eciam
1391 1568 1493 1647 dicto
1521 1570 1727 1650 Guillelmo

304 1702 503 1809 Radulpbi.

360 1968 449 2045 Post
463 1968 551 2057 hec,
574 1967 635 2044 die
653 1967 754 2043 lovis
771 1965 960 2072 sequenti,
981 1992 1057 2072 que
1076 1963 1148 2042 luit
1169 1979 1233 2042 vu·
1252 1965 1334 2042 dies
1351 1966 1439 2043 dicti
1462 1966 1600 2044 mensis
1620 1968 1725 2059 Maii,

307 2115 561 2176 convenerunt
579 2098 619 2174 in
638 2098 806 2204 predicta
825 2095 967 2202 capella
985 2095 1100 2175 sancti
1115 2095 1250 2205 Ellegii
1272 2097 1430 2203 predicti
1454 2097 1600 2174 domini
1628 2127 1729 2178 com-

306 2227 481 2316 missarii,
503 2227 664 2333 exceptis
692 2225 855 2304 dominis
878 2224 1134 2302 Narbonnensi
1157 2242 1194 2302 et
1216 2226 1424 2334 bajocensi,
1446 2256 1559 2334 supra
1578 2256 1728 2308 excusa·

305 2359 369 2444 tis,
397 2375 435 2435 et
462 2356 534 2434 luit
562 2357 747 2434 adductus
776 2356 824 2433 ad
841 2356 1073 2462 presenciam
1104 2355 1346 2444 eorumdem,
1368 2374 1412 2434 ut
1440 2357 1648 2463 deponeret
1671 2359 1728 2436 di-

305 2505 409 2565 ctum
428 2516 559 2576 suum,
572 2487 788 2595 Baldoynus
801 2486 849 2563 de
871 2502 998 2564 sancto
1011 2485 1117 2563 Justo
1133 2501 1331 2590 preceptor
1351 2485 1399 2562 de
1414 2487 1570 2565 Pontivo
1583 2486 1731 2567 Ambia-

305 2620 430 2696 nensis
451 2619 627 2707 diocesis,
648 2618 729 2696 sine
759 2615 938 2694 mantello
962 2632 1001 2693 et
1025 2615 1158 2706 habitu
1177 2615 1343 2721 Templi,
1368 2644 1485 2724 quem
1506 2618 1728 2697 mantellum

305 2749 398 2827 dixit
423 2777 461 2827 se
492 2749 677 2826 dimisisse
700 2746 905 2825 volontarie
935 2747 1007 2825 isto
1037 2772 1135 2823 anno
1163 2745 1260 2822 circa
1290 2746 1455 2825 mediam
1480 2748 1729 2856 Quadragesi-

305 2908 425 2971 mam,
448 2896 486 2957 et
511 2878 643 2957 rasisse
661 2876 836 2966 barbam,
854 2876 960 2955 etatis
983 2902 1091 2955 xxxiv
1107 2902 1310 2969 annorum,
1326 2894 1370 2955 ut
1389 2878 1492 2955 dixit.
1514 2879 1729 2985 Requisitus

305 3012 336 3089 si
356 3009 479 3088 suerat
494 3009 583 3086 alias
603 3002 834 3086 examinatus
852 3008 892 3084 in
907 3006 1063 3115 negocio
1078 3007 1399 3113 Templariorum,
1416 3009 1611 3114 respondit
1624 3011 1729 3117 quod

306 3143 374 3228 sic,
395 3140 589 3218 Ambianis
615 3166 684 3245 per
710 3136 843 3216 fratres
866 3138 1137 3230 Predicatores,
1164 3155 1203 3215 et
1227 3138 1390 3216 Parisius
1418 3166 1487 3245 per
1511 3140 1729 3247 episcopum

306 3271 569 3359 Parisiensem,
586 3287 627 3347 et
651 3269 743 3347 dixit
761 3268 867 3376 quod
885 3267 1007 3347 suerat
1022 3268 1218 3377 subjectus
1236 3269 1500 3376 questionibus
1518 3270 1726 3362 Ambianis‚

305 3403 392 3493 ubi,
408 3421 453 3481 ut
471 3403 579 3489 dixit,
595 3401 718 3508 primo
737 3429 807 3508 per
820 3398 953 3478 fratres
971 3401 1228 3479 Prcdicatores
1249 3401 1496 3491 omninum,
1512 3401 1626 3508 paulo
1645 3421 1730 3509 post

305 3523 608 3640 Templariorum
627 3531 979 3640 capcionem,vi·et
1001 3548 1107 3609 metu
1131 3530 1320 3609 dictorum
1339 3548 1618 3610 tormentorum
1642 3560 1731 3609 con-

303 3663 422 3742 sessus
452 3664 525 3742 suit
551 3664 661 3771 plura
685 3692 810 3742 coram
835 3662 926 3769 ipsis
946 3661 1249 3740 Predicatoribus
1272 3692 1388 3769 quam
1411 3681 1542 3770 postea
1568 3664 1730 3743 Parisius

306 3820 431 3870 coram
451 3794 606 3880 domino
632 3795 805 3900 episcopo
830 3793 1045 3886 Parisiensi,
1065 3819 1136 3900 per
1158 3821 1275 3899 quem
1299 3822 1422 3901 nuper
1445 3795 1542 3871 circa
1565 3795 1728 3871 mediam

306 3922 640 4030 Quadrngesimam
664 3923 894 3999 examinatus
917 3920 1007 4014 fuit,
1030 3942 1068 4002 et
1084 3923 1172 4028 plus
1191 3952 1306 4029 quam
1328 3953 1406 4001 non
1426 3924 1591 4030 deponat
1605 3952 1730 4002 coram

307 4046 471 4130 dominis
490 4050 766 4129 commissariis.
787 4050 1004 4156 Requisitus
1028 4069 1156 4129 autem
1181 4079 1296 4157 super
1315 4053 1493 4130 omnibus
1514 4070 1553 4130 et
1575 4054 1731 4161 singulis

307 4182 472 4261 articulis
490 4181 749 4288 suprapositis,
769 4179 839 4257 sibi
855 4181 921 4288 qui
940 4182 1115 4259 [utinum
1126 4179 1360 4288 intelligebat
1377 4182 1570 4288 expositis,
1583 4212 1731 4292 respon·

308 4315 364 4393 dit
390 4330 433 4391 ut
460 4313 642 4420 sequitur.
664 4313 706 4389 ln
730 4310 877 4418 primis,
905 4339 1020 4418 super
1041 4338 1078 4391 1v
1100 4310 1285 4401 articulis,
1311 4313 1508 4418 respondit
1528 4316 1633 4421 quod
1651 4315 1729 4423 ipse

303 4447 411 4524 testis
432 4446 538 4522 etatis
557 4461 648 4521 tunc
668 4444 814 4520 circiter
833 4444 964 4522 decem
984 4460 1024 4521 et
1042 4441 1126 4523 octo
1146 4469 1349 4534 annorum,
1365 4444 1439 4522 fuit
1456 4462 1628 4551 receptus
1641 4463 1731 4524 tunc

307 4579 346 4653 in
367 4574 500 4652 ordine
520 4574 668 4681 Templi
693 4574 733 4650 in
757 4573 871 4651 domo
896 4574 1058 4681 Templi·
1071 4574 1119 4652 de
1145 4574 1350 4653 Somorens
1369 4574 1630 4655 Ambianensis
1649 4576 1731 4655 dio-

308 4708 417 4795 cesis,
438 4735 508 4813 per
531 4705 682 4785 fratrem
707 4705 916 4784 Robertum
942 4707 990 4785 de
1020 4723 1146 4784 sancto
1170 4708 1277 4785 Justo
1302 4706 1581 4816 presbyterum,
1604 4736 1733 4815 prece-

309 4857 456 4946 ptorem
475 4838 611 4916 bellive
632 4839 680 4915 de
700 4838 920 4927 Somorens,
942 4838 1263 4946 consanguineum
1282 4838 1371 4917 dicti
1390 4840 1511 4931 testis,
1534 4858 1573 4918 et
1590 4841 1630 4917 in
1650 4842 1732 4949 ejus
1779 4878 1782 4885 ·

396 4976 500 5046 ruscis
522 4998 573 5039 nrs
595 4996 763 5038 reuertens.
777 5009 817 5023 -
829 4995 849 5035 r.
1100 5042 1104 5049 ,
1585 4978 1622 5038 31
