4080 6052
704 542 899 637 rnocns
923 560 1019 635 ons
1045 557 1344 633 rnnrmnss.
1656 556 1728 632 aar

320 730 425 780 mere
446 703 632 808 predicte,
654 721 693 779 et
710 703 845 780 levavit
863 704 966 779 idern
985 699 1097 777 buter
1113 698 1298 806 Georgius
1317 698 1605 805 aliquantullum
1625 728 1732 775 man-

317 833 450 908 tellum
470 849 508 907 et
525 832 707 919 tunicam,
729 850 767 908 et
787 834 878 910 dixit
897 831 1021 907 eidem
1040 830 1126 905 testi
1144 829 1248 935 quod
1267 828 1426 934 fingeret
1440 854 1479 903 se
1497 827 1677 916 osculari,
1694 845 1731 902 et

318 961 459 1036 diceret
486 988 526 1037 se
559 960 768 1037 osculatum
804 961 919 1038 luisse
950 987 1050 1036 eum
1082 957 1196 1034 Aliud
1220 957 1410 1043 illicitum,
1437 956 1562 1060 quoad
1589 956 1728 1031 crimen

316 1089 583 1171 sodomiticum
602 1089 660 1166 vel
684 1089 849 1169 alienon
876 1090 949 1167 luit
972 1106 1097 1165 actum
1117 1086 1175 1163 val
1199 1087 1372 1163 dictum
1364 1114 1403 1161 m
1421 1086 1638 1190 recepcione
1663 1116 1729 1162 sua

315 1221 499 1325 predicta,
514 1236 558 1298 ut
574 1219 678 1299 dixit.

371 1353 481 1439 Item,
514 1350 562 1427 de
595 1352 779 1427 contentis
811 1352 851 1427 in
879 1364 915 1425 ν’)
943 1350 1098 1427 articulo
1126 1366 1164 1425 et
1191 1348 1367 1424 omnibus
1397 1347 1644 1453 sequentibus
1671 1376 1729 1423 re-

315 1481 469 1585 spondit
487 1506 527 1557 se
544 1477 659 1555 nichil
672 1480 766 1556 scire
780 1480 878 1557 ultra
897 1508 972 1585 que
992 1505 1105 1584 supra
1117 1478 1349 1582 deposuerit,
1367 1476 1438 1551 hoc
1455 1494 1607 1580 excepto
1624 1479 1731 1584 quod

314 1611 393 1715 ipse
421 1610 519 1687 bene
550 1609 726 1687 credebat
755 1611 1010 1689 ecclesiasticis
1038 1610 1294 1695 sacramentis,
1324 1625 1361 1685 et
1389 1609 1508 1686 credit
1536 1609 1641 1714 quod
1666 1608 1729 1685 alii

314 1740 445 1816 fratres
469 1739 612 1816 ordinis
632 1743 844 1832 crederent,
865 1759 904 1818 et
924 1742 1023 1818 bene
1043 1740 1113 1817 scit
1132 1740 1235 1844 quod
1257 1739 1350 1844 layci
1375 1767 1450 1816 non
1469 1756 1643 1843 poterant
1661 1740 1727 1815 ab·

313 1869 456 1947 solvere
474 1898 495 1946 a
512 1870 689 1974 peccatis,
705 1869 773 1947 sed
792 1871 967 1975 Magister
985 1885 1023 1945 et
1041 1884 1213 1945 tenentes
1233 1868 1407 1973 capitulis
1423 1868 1652 1974 quandoque
1670 1896 1728 1943 re-

314 1997 497 2077 nitebant
523 2027 637 2104 penas
659 2000 700 2075 in
722 1999 856 2077 ordine
882 2015 1036 2076 statutas
1054 2028 1123 2105 pro
1149 1999 1358 2075 excessibus
1379 2026 1525 2074 eorum.
1548 1998 1729 2074 durabant

314 2129 487 2205 ordinem
505 2155 583 2205 non
600 2130 699 2207 exire
719 2155 788 2233 pro
808 2128 954 2206 meliori
969 2129 1027 2205 vel
1042 2129 1177 2234 pejori3
1199 2129 1323 2205 statim
1337 2156 1406 2234 pro
1424 2127 1599 2235 professis
1612 2128 1727 2203 habe-

312 2259 463 2350 bantur,
472 2257 714 2336 clamdestine
726 2258 1201 2364 recipiebantur.Cordulis
1211 2259 1456 2363 cingebantur
1465 2286 1727 2363 superpannos

312 2387 450 2477 lineos,
465 2389 668 2493 insignum
684 2389 874 2465 castitatis.
889 2388 1106 2465 Revelantes
1122 2405 1263 2464 secreta
1282 2387 1440 2464 luissent
1451 2387 1590 2492 puniti,
1610 2387 1729 2462 nescit

312 2517 490 2621 qualiter;
510 2545 586 2594 non
605 2517 746 2594 audivit
770 2518 933 2595 inhiberi
951 2517 1056 2624 quod
1077 2545 1153 2593 non
1175 2514 1444 2594 confiterentur
1460 2517 1532 2593 nisi
1551 2514 1727 2592 iratribus

313 2646 470 2735 ordinis,
488 2664 526 2723 et
541 2649 619 2753 ipse
639 2649 745 2746 testis
762 2648 949 2754 predictos
965 2674 1111 2725 errores
1128 2646 1318 2723 confessus
1338 2646 1459 2722 fuerat
1470 2649 1604 2734 Rome,
1617 2647 1657 2722 in
1676 2675 1729 2723 ec-

312 2774 422 2851 clesia
441 2776 557 2852 sancti
575 2777 756 2855 lobannis
781 2777 828 2853 de
856 2778 1033 2867 Latrano,
1053 2776 1204 2853 cuidam
1226 2776 1329 2853 fratri
1356 2776 1498 2853 ordinis
1517 2776 1632 2852 sancti
1651 2776 1728 2852 Au-

311 2904 585 3010 gustini,cujus
599 2926 739 2989 nomen
758 2907 919 3012 ignorat,
937 2905 1102 3012 generali
1118 2906 1385 3011 penitenciario
1402 2906 1546 2982 domini
1561 2907 1675 3010 Pape,
1689 2921 1726 2979 et

311 3032 469 3111 absolvit
485 3061 596 3122 eum,
619 3052 657 3110 et
675 3035 770 3111 dixit
789 3037 824 3112 ei
844 3036 951 3141 quod
968 3037 1137 3142 predicta
1155 3035 1337 3113 revelaret
1356 3036 1455 3112 dicto
1480 3035 1635 3110 domino
1658 3036 1726 3111 Be·

311 3162 460 3239 nedicto
480 3190 590 3267 pape,
613 3165 748 3269 etipse
768 3166 963 3270 respondit
981 3166 1087 3270 quod
1107 3193 1183 3241 non
1203 3165 1376 3254 auderet,
1396 3193 1466 3240 nec
1484 3165 1519 3240 ei
1538 3162 1723 3250 revelavit,

311 3309 348 3367 et
367 3292 530 3397 injunxit
549 3293 583 3369 ei
603 3294 854 3398 penitenciam
875 3296 979 3400 quod
1000 3296 1208 3372 diceretur
1226 3295 1401 3400 psalmos,
1418 3297 1526 3371 Pater
1543 3312 1670 3370 noster
1686 3308 1725 3369 et

308 3422 428 3499 multa
450 3423 522 3499 alia
537 3422 635 3501 talia.
657 3423 871 3503 Elemosine
891 3442 931 3503 et
949 3424 1181 3531 hospitalitas
1198 3426 1238 3501 in
1258 3425 1448 3532 aliquibus
1471 3425 1561 3501 locis
1580 3423 1725 3500 fiebant

307 3549 462 3659 largiuS,
479 3571 517 3630 et
538 3553 577 3628 in
603 3554 792 3661 aliquibus
812 3557 993 3644 strictius,
1017 3555 1085 3633 sed
1110 3584 1186 3632 non
1211 3556 1352 3632 audivit
1376 3555 1516 3660 precipi
1535 3554 1640 3659 quod
1663 3581 1722 3627 re·

308 3682 595 3785 stringerentum
615 3683 646 3759 si
664 3685 944 3788 acquisivissent
958 3714 1026 3791 per
1040 3684 1159 3771 nefas,
1173 3683 1340 3761 fuissent
1352 3686 1492 3793 puniti,
1482 3683 1603 3759 ·clam
1617 3700 1722 3759 tene-

307 3810 445 3886 bantur
472 3811 646 3915 capitulis
670 3813 913 3901 eorumdem,
932 3813 1024 3889 ordo
1049 3813 1217 3889 servabat
1244 3814 1348 3919 quod
1370 3842 1526 3922 magnus
1546 3815 1723 3920 Magister

308 3967 395 4015 cum
414 3955 600 4015 conventu
615 3940 811 4019 statuebat

355 4069 635 4174 Requisitus
608 4097 637 4144 ει
665 4069 717 4146 sic
746 4070 971 4175 deposuerat
1000 4099 1132 4176 prece,
1160 4089 1352 4177 precepto,
1384 4074 1535 4163 timore,
1566 4100 1717 4162 amore,

306 4199 412 4285 odio,
435 4200 493 4276 vel
521 4199 684 4277 comodo
710 4198 908 4304 temporali
933 4200 1063 4279 habito
1091 4201 1149 4279 vel
1174 4202 1365 4290 habendo,
1392 4202 1586 4307 respondit
1613 4203 1722 4307 quod

305 4355 401 4418 non,
425 4329 494 4407 sed
511 4330 601 4434 quia
629 4328 814 4408 adductus
838 4329 959 4409 fuerat
982 4349 1026 4409 ut
1050 4332 1164 4410 ferret
1184 4334 1446 4412 testimonium
1474 4334 1636 4422 veritati3
1660 4333 1720 4409 cui

304 4457 410 4533 luit
401 4458 612 4562 injunctum
638 4486 707 4564 per
730 4460 850 4539 dictos
875 4461 1051 4541 dominos
1075 4464 1365 4555 commissarios,
1385 4465 1491 4570 quod
1514 4491 1591 4541 non
1615 4489 1719 4539 reve-

305 4586 401 4663 laret
416 4588 512 4665 hauc
530 4616 637 4665 suam
663 4590 960 4696 deposicionem,
982 4621 1181 4765 quousque
1205 4596 1464 4672 attestaciones
1480 4592 1625 4672 luerint
1649 4622 1719 4698 pu·

304 4718 451 4795 blicate.

359 4848 450 4925 Acta
462 4847 619 4931 luerunt
636 4852 705 4929 hae
719 4851 830 4930 dictis
845 4784 908 4931 die
923 4871 964 4931 et
978 4854 1063 4935 loco
1076 4853 1270 4960 predictis,
1283 4856 1519 4959 presentibus
1536 4856 1714 4961 magistro

1521 4992 1571 5058 54
