4080 6052
314 531 386 605 aaa
700 509 897 603 ruccas
923 527 1017 601 nas
1044 526 1345 602 usurarum.

310 670 540 752 Guillelmus
569 670 664 750 dixit
688 671 723 747 ei
746 671 910 778 qualiter
938 686 1158 775 receperant
1182 697 1271 745 eum
1309 685 1349 747 et
1371 665 1570 775 quomodo
1592 669 1740 747 fueram

311 834 399 882 eum
425 802 580 882 osculati
608 802 647 879 in
668 829 754 892 ore,
785 819 824 880 et
844 816 1088 909 preceperant
1112 800 1147 877 ei
1170 799 1276 907 quod
1301 799 1507 908 abnegaret
1533 800 1680 891 Deum,
1702 820 1738 879 et

309 952 463 1042 spueret
482 961 594 1041 supra
618 960 789 1023 erucem,
813 949 850 1010 et
870 931 977 1039 quod
994 932 1074 1038 ipse
1094 928 1325 1010 Guillelmus
1345 930 1587 1039 abnegaverat
1603 933 1734 1011 Deum

310 1087 348 1144 et
367 1083 518 1175 spueret
541 1094 619 1142 non
639 1092 753 1171 supra
772 1065 841 1143 sed
852 1065 958 1172 juxta
978 1090 1146 1151 erucem,
1168 1079 1207 1139 et
1229 1060 1383 1140 dolebat
1403 1062 1569 1140 multum
1589 1064 1636 1140 de
1656 1065 1732 1142 hiis

309 1225 384 1303 quc
403 1196 542 1274 lecerat
561 1194 684 1273 dictus
696 1193 942 1287 Guillelmus,
958 1210 1003 1270 ut
1018 1192 1182 1286 dicebat3
1199 1210 1238 1270 et
1254 1191 1449 1298 predictus
1462 1193 1572 1270 testis
1589 1194 1681 1271 dixit
1694 1197 1731 1271 ei

309 1328 414 1433 quod
431 1328 509 1435 ipse
528 1324 668 1403 lecerat
686 1324 801 1401 idem.
819 1322 878 1402 Ab
897 1323 1025 1430 aliquo
1044 1322 1119 1401 alio
1136 1324 1183 1399 de
1200 1322 1332 1400 ordine
1349 1350 1428 1400 non
1449 1321 1646 1402 audiverat
1662 1325 1732 1401 dici

308 1458 413 1562 quod
424 1455 643 1562 abnegasset
654 1453 694 1529 in
709 1453 928 1560 recepcione
941 1480 1009 1530 sua
1020 1452 1165 1544 Deum,
1180 1451 1239 1530 vel
1251 1453 1415 1568 spuisset
1427 1468 1559 1529 contra
1570 1481 1729 1531 crucem.

365 1588 486 1676 Item,
517 1611 632 1689 super
663 1609 724 1660 ιιι
750 1600 790 1658 et
824 1582 1001 1660 omnibus
1035 1582 1284 1690 sequentibus
1317 1583 1517 1689 respondit
1545 1611 1586 1660 se
1618 1584 1730 1661 nichil

310 1717 404 1793 scire
421 1714 521 1793 ultra
537 1712 691 1822 illaque
711 1741 825 1820 supra
842 1713 1037 1820 deposuit,
1051 1712 1126 1790 hoc
1140 1730 1294 1820 excepto
1309 1711 1416 1821 quod
1433 1712 1517 1819 ipse
1528 1714 1725 1822 juraverat,

309 1866 348 1927 et
362 1846 539 1925 credebat
552 1845 659 1953 quod
676 1844 738 1921 alii
751 1845 924 1952 jurarent
942 1871 1020 1921 non
1036 1844 1136 1922 exire
1155 1843 1347 1937 ordinem,
1362 1861 1401 1922 et
1413 1844 1544 1922 statim
1557 1872 1626 1950 pro
1642 1872 1728 1950 pro-

307 1979 414 2056 fessis
433 1976 689 2066 habebantur;
704 2003 774 2052 nec
792 1991 898 2053 erant
913 1974 1100 2052 seculares
1114 1976 1154 2052 in
1167 1974 1455 2081 recepcionibus
1473 2002 1628 2067 eornm,
1643 2002 1729 2080 quas

306 2105 492 2183 faciebant
511 2105 639 2213 januis
663 2103 816 2194 clausis3
843 2102 1090 2214 cingebantur
1109 2104 1156 2182 de
1183 2107 1359 2184 mandato
1379 2105 1626 2212 superiorum
1649 2134 1729 2183 suo-

310 2251 396 2315 rnm
417 2234 584 2315 cordulis
599 2265 713 2343 supra
728 2236 899 2315 camisias
918 2266 1007 2313 cum
1018 2236 1159 2344 quibus
1172 2236 1361 2346 jacebant.
1380 2237 1594 2315 luhibitum
1607 2236 1679 2313 luit
1696 2239 1724 2315 ei

307 2368 413 2477 quod
435 2397 513 2446 non
540 2368 722 2446 revelaret
750 2386 891 2446 secreta
921 2368 1172 2475 capitulorum
1198 2397 1270 2447 nec
1295 2369 1455 2447 modum
1479 2369 1726 2476 recepcionis‚

308 2502 375 2578 sed
398 2496 518 2580 nescit
541 2500 571 2577 si
595 2498 826 2578 revelassent
844 2528 892 2577 an
912 2499 1071 2577 luissent
1088 2499 1233 2606 puniti,
1258 2500 1327 2579 sed
1344 2517 1474 2578 tamen
1493 2500 1658 2579 faiissent
1674 2501 1728 2576 in·

212 2655 214 2660 ’
306 2633 456 2739 crepati.
482 2630 763 2738 Precipiebatur
787 2631 893 2739 quod
916 2658 995 2707 non
1023 2631 1294 2708 confiterentur
1320 2631 1394 2709 nisi
1424 2630 1728 2738 presbiterisor·

306 2764 405 2840 dinis
419 2763 499 2840 sine
517 2789 651 2840 eorum
663 2760 829 2839 licencia.
848 2761 892 2838 ln
904 2760 1004 2839 dicta
1021 2759 1136 2838 domo
1150 2760 1197 2837 de
1215 2761 1342 2849 Buris,
1359 2762 1400 2837 in
1419 2790 1494 2869 qua
1509 2762 1586 2867 ipse
1604 2788 1726 2845 morae

305 2894 427 2979 batur,
445 2893 710 2971 convenienter
726 2892 932 2971 elemosine
949 2909 988 2971 et
1001 2891 1234 2998 hospitalitas
1248 2891 1506 2981 servabantur;
1520 2891 1724 2999 aliquando

306 3038 390 3126 post
408 3023 635 3099 matutinum
651 3023 698 3100 de
716 3042 826 3101 nocte
845 3023 1026 3102 tenebant
1042 3023 1233 3129 capitalia,
1248 3039 1294 3102 ut
1310 3024 1456 3101 audivit
1468 3023 1557 3112 diei,
1573 3022 1724 3129 quaudo

306 3150 496 3227 habebant
516 3151 683 3257 equitare
694 3152 752 3229 vel
769 3153 840 3229 alia
853 3152 995 3246 facere,
1012 3171 1050 3230 et
1063 3153 1291 3231 tenebantur
1305 3155 1402 3230 clam
1416 3154 1535 3232 nullis
1548 3154 1728 3261 presenti·

305 3283 377 3358 bus
392 3282 463 3358 nisi
478 3280 656 3360 fratribus
670 3282 824 3360 ordinis.
843 3285 881 3361 Si
898 3312 1057 3390 maguus
1079 3286 1256 3394 Magister
1277 3287 1403 3393 aliqua
1417 3285 1523 3397 'bona
1541 3286 1726 3391 precepis-

307 3429 364 3488 set
386 3429 424 3487 et
444 3413 671 3503 ordinasset,
700 3413 820 3489 credit
838 3412 944 3520 qu'od
967 3413 1128 3491 fuissent
1146 3434 1287 3492 servata
1310 3417 1350 3492 in
1373 3433 1457 3494 toto
1481 3417 1630 3501 ordine,
1656 3416 1723 3489 sed

304 3543 401 3619 mala
425 3571 514 3619 non.
537 3543 701 3622 Grandia
722 3544 893 3622 scandala
913 3561 1043 3621 contra
1062 3546 1235 3623 ordinem
1260 3565 1349 3623 sunt
1366 3566 1499 3624 exorta.
1521 3547 1720 3650 Postquam

217 3680 219 3688 “
304 3674 376 3750 suit
391 3691 540 3779 captus,
558 3675 701 3752 audivit
716 3676 788 3752 dici
802 3677 907 3783 quod
924 3704 1082 3782 maguus
1097 3678 1272 3782 Magister
1283 3678 1392 3754 etalii
1408 3676 1565 3755 conlessi
1576 3674 1722 3756 lucrant

305 3805 451 3911 aliquos
472 3834 635 3898 errores,
657 3808 778 3884 nescit
795 3835 907 3913 quos,
930 3823 1058 3884 contra
1078 3808 1261 3885 ordinem.

361 3938 577 4042 Requisitus
592 3938 622 4014 si
639 3937 691 4014 sic
707 3937 932 4045 deposuerat
947 3965 1075 4043 prece,
1089 3957 1282 4046 precepto,
1297 3939 1451 4027 timore,
1467 3966 1613 4024 amore,
1626 3937 1720 4026 odio,

303 4067 361 4143 vel
382 4052 761 4174 temporali'comodo
781 4068 908 4145 habito
925 4069 986 4145 vel
1005 4068 1198 4160 habendo,
1211 4072 1406 4177 respondit
1421 4071 1528 4177 quod
1546 4098 1641 4157 non,
1662 4067 1721 4145 sed

302 4227 371 4302 pro
385 4201 537 4279 veritate
551 4200 721 4278 dicenda.
736 4201 808 4278 Cui
825 4200 899 4276 luit
918 4201 1130 4308 injunctum
1143 4232 1210 4308 per
1225 4204 1345 4279 dictos
1360 4202 1538 4280 dominos
1554 4201 1722 4280 commis-

304 4328 434 4420 sarios,
450 4328 490 4407 in
504 4331 641 4407 virtute
649 4330 853 4438 juramenti
872 4331 1018 4436 prestiti
1036 4360 1105 4438 per
1119 4335 1314 4420 eumdem,
1331 4333 1437 4439 quod
1453 4361 1531 4409 non
1548 4333 1721 4410 revelaret

302 4459 399 4536 hanc
418 4489 524 4538 suam
541 4461 839 4567 deposicionem,
858 4489 1059 4568 quousque
1080 4465 1336 4541 attestaciones
1356 4462 1497 4539 luerint
1520 4463 1717 4568 publicata.

360 4588 449 4664 Acta
476 4590 630 4667 luerunt
661 4593 732 4710 bec
767 4590 841 4695 die·
864 4578 902 4668 et
933 4591 1018 4669 loco
1050 4594 1245 4699 predictis,
1274 4592 1514 4701 presentibus
1550 4593 1719 4700 magistro

304 4717 461 4807 Amisia,
475 4748 536 4794 mc
551 4722 802 4799 Floriamonte
818 4724 1033 4816 Dondedei,
1051 4742 1088 4803 et
1103 4725 1184 4802 aliis
1202 4727 1356 4803 notariis
1369 4754 1482 4830 supra
1501 4725 1639 4802 ultimo
1658 4749 1716 4798 no·

303 4864 463 4924 minatrs.
