4080 6052
310 527 381 599 sos
568 541 577 557 ·
693 504 886 597 procas
912 522 1006 594 ons
1032 518 1332 593 rnnrmsas.

302 683 421 752 teret,
448 664 570 740 dictus
592 663 697 740 testis
726 665 828 741 venit
851 664 891 739 in
920 659 1061 768 capella
1090 659 1130 736 in
1156 688 1230 767 qua
1249 662 1328 766 ipse
1351 677 1390 737 et
1408 658 1471 736 alii
1491 660 1668 766 predicti
1688 690 1743 740 re·

303 797 400 903 cepti
421 795 590 882 luerunt,
612 810 763 899 petens,
783 795 880 872 sicut
899 792 1103 870 instructus
1119 788 1262 878 fuerat,
1281 818 1418 897 panem
1440 807 1481 868 et
1499 818 1665 898 aquam,
1684 822 1740 872 so-

303 926 474 1003 cietatem
502 942 539 1001 et
563 952 767 1030 pauperem
790 924 966 1002 vestitum
987 920 1151 1010 ordinisa
1180 939 1218 999 el
1243 950 1330 1005 cum
1350 920 1476 1000 <lictus
1497 918 1621 1001 irater
1640 924 1735 1002 Ltu-

303 1056 454 1133 rencius
480 1071 650 1160 tangeret
676 1056 710 1131 ei
738 1053 843 1160 quod
874 1051 1071 1159 oportebat
1094 1080 1184 1128 eum
1209 1079 1341 1130 vovere
1371 1051 1610 1144 castitatem,
1636 1055 1731 1133 idem

304 1187 409 1265 testis
436 1185 528 1262 dixit
552 1183 661 1291 quod
688 1213 885 1292 nunquam
909 1183 983 1260 hoc
1001 1180 1158 1271 faceret,
1185 1210 1254 1259 nec
1278 1183 1436 1259 intraret
1455 1183 1641 1261 ordinem
1666 1186 1730 1264 nisi

305 1324 516 1393 remaneret
536 1314 607 1391 sibi
637 1343 730 1392 uror
757 1344 840 1402 sua,
873 1329 911 1390 et
931 1313 983 1389 ita
1012 1327 1091 1390 erat
1114 1311 1186 1389 sibi
1208 1311 1461 1417 permissum
1489 1329 1531 1390 et
1556 1315 1732 1393 recedens

305 1447 351 1523 ab
379 1445 461 1553 ejus
487 1419 694 1551 presencia,
716 1445 826 1521 exivit
843 1442 1034 1548 capellam.
1055 1441 1188 1521 Dictus
1206 1468 1293 1519 vero
1313 1441 1429 1519 frater
1446 1443 1683 1524 Laurencius
1698 1464 1732 1526 et

304 1575 460 1682 quidam
474 1574 652 1667 alius,.de
668 1575 775 1682 cujus
791 1574 946 1651 nomine
966 1599 1044 1649 non
1066 1571 1214 1664 recolit,
1236 1573 1353 1650 secuti
1374 1570 1536 1652 luerunt
1551 1576 1726 1653 eumdem

307 1723 344 1782 et
368 1704 695 1810 reprehenderunt
721 1732 826 1791 eum,
855 1703 1022 1781 dicentes
1044 1702 1249 1809 quoderat
1275 1700 1403 1779 laturre
1421 1706 1513 1812 quia
1530 1705 1725 1783 recusabat

305 1832 418 1915 talem
433 1853 473 1914 et
486 1853 634 1913 tantum
650 1834 854 1923 bonorem,
871 1832 1072 1911 suadentes
1085 1833 1211 1911 eidem
1229 1833 1333 1941 quod
1347 1833 1513 1922 rediret,
1528 1835 1724 1941 quiabene

307 1984 403 2043 esset
427 1965 515 2054 sibi,
543 1983 581 2042 et
602 1966 681 2071 ipse
703 1982 740 2041 et
767 1964 861 2041 uxor
885 1993 950 2041 sua
978 1981 1215 2070 ponerentur
1246 1982 1284 2043 et
1308 1980 1436 2045 essent
1460 1964 1578 2042 simul
1596 1966 1638 2047 in
1656 1996 1728 2044 una

307 2096 433 2171 domo.
455 2096 536 2199 lpse
559 2123 664 2185 vero,
686 2095 740 2172 sic
760 2093 938 2172 inductus
960 2121 1029 2200 per
1053 2121 1135 2185 eos,
1158 2122 1328 2174 reversus
1350 2112 1407 2171 est
1431 2123 1523 2171 cum
1543 2096 1597 2172 eis
1610 2096 1664 2173 -ad
1677 2095 1728 2172 di-

307 2242 404 2301 ctam
428 2223 620 2331 capellam.
643 2226 753 2303 Tunc
777 2241 903 2302 autem
934 2222 1056 2302 dictus
1079 2223 1193 2301 frater
1213 2224 1463 2317 laurencius,
1492 2253 1585 2302 cum
1613 2225 1727 2303 dictus

306 2353 411 2431 testis
434 2370 473 2431 et
491 2353 554 2433 alii
575 2354 640 2460 qui
658 2351 814 2432 fuerunt
834 2355 973 2459 recepti
996 2383 1084 2431 cum
1102 2382 1150 2431 eo
1167 2370 1339 2459 peterent
1358 2382 1499 2461 panem
1522 2373 1562 2433 et
1580 2385 1725 2463 aquam,

305 2485 522 2562 societatem
547 2499 585 2562 et
610 2513 816 2590 pauperem
835 2485 1016 2563 vestitum.
1045 2484 1205 2573 ordinis,
1234 2484 1323 2562 lecit
1352 2512 1443 2561 eum
1463 2487 1597 2593 jurare
1622 2515 1728 2594 super

305 2615 497 2720 quendam
518 2614 660 2692 librum
678 2632 851 2721 apertum
864 2616 1093 2703 castitatem,
1110 2614 1390 2707 obedienciam,
1409 2615 1537 2693 vivere
1554 2617 1632 2696 sine
1647 2646 1729 2723 pro-

305 2746 402 2850 prio,
426 2764 464 2821 et
482 2773 626 2823 servare
648 2729 738 2825 usus
756 2763 794 2824 et
813 2744 1105 2824 consuetudines
1127 2745 1289 2834 ordinis,
1306 2763 1345 2822 et
1362 2746 1471 2852 quod
1490 2765 1589 2826 esset
1604 2775 1725 2826 servus

307 2876 471 2952 esclavus
479 2876 549 2954 Dei
564 2894 601 2953 et
612 2894 735 2955 sancte
745 2879 862 2956 Terre
878 2875 976 2953 ultra
989 2876 1151 2965 marine,
1166 2892 1204 2953 et
1213 2874 1437 2981 specialiter,
1453 2894 1498 2954 ut
1512 2876 1599 2954 dixit
1607 2877 1725 2955 dictus

306 3007 427 3096 testis,
450 3007 553 3111 quod
573 3035 651 3084 non
667 3007 880 3085 habitarent
899 3034 987 3083 cum
1006 3005 1166 3084 muliere
1187 3033 1257 3081 nec
1283 3004 1548 3084 oscularentur
1564 3035 1662 3099 eam,
1690 3025 1727 3086 et

307 3135 411 3238 quod
423 3148 618 3239 nunquam
636 3136 859 3213 interessent
873 3136 913 3212 in
933 3136 1017 3214 loco
1036 3137 1075 3212 in
1095 3163 1172 3242 quo
1193 3134 1328 3242 aliquis
1349 3164 1448 3240 puer
1467 3136 1725 3244 baptizaretur,

308 3293 376 3340 nec
397 3264 581 3342 haberent
606 3295 734 3343 secum
761 3268 960 3373 pecuniam
988 3267 1087 3344 ultra
1110 3293 1164 3344 1111
1185 3265 1375 3354 denarios,
1398 3296 1469 3344 nec
1484 3268 1618 3345 darent
1636 3269 1727 3375 patri

306 3396 361 3470 vel
389 3397 496 3470 matri
524 3398 581 3474 vel
611 3398 692 3474 aliis
717 3398 763 3474 de
788 3399 900 3475 bonis
925 3398 1068 3475 ordinis
1093 3398 1190 3475 ultra
1206 3397 1372 3475 valorem
1387 3400 1497 3476 unius
1511 3400 1673 3487 denarii,
1692 3418 1728 3476 et

307 3525 410 3631 quod
438 3555 513 3602 non
536 3527 771 3606 dimitterent
796 3529 970 3607 ordinem
992 3557 1060 3636 pro
1085 3527 1231 3605 meliori
1259 3528 1317 3603 vel
1345 3529 1471 3637 pejori.
1493 3528 1578 3620 Quo
1603 3526 1719 3618 facto,

307 3658 487 3760 imposuit
511 3659 564 3733 eis
589 3659 803 3748 mantellos,
836 3678 874 3736 et
903 3661 989 3738 testi
1019 3659 1190 3766 loquenti
1214 3658 1373 3746 ulrim0;
1401 3675 1437 3736 et
1453 3674 1582 3765 postca
1600 3656 1723 3734 dictus

307 3805 477 3891 receptor
498 3805 535 3863 et
553 3787 614 3863 alii
636 3807 795 3867 astantes
812 3790 968 3867 luerunt
987 3818 1051 3866 eos
1069 3789 1222 3867 osculati
1234 3790 1278 3864 in
1300 3819 1381 3868 ore.
1406 3789 1654 3868 Postmodum
1680 3791 1729 3865 in·

307 3920 441 3993 struxit
466 3947 530 3996 eos
553 3937 647 4026 quot
665 3922 777 4000 Pater
790 3939 904 4000 noster
923 3921 1090 3997 dicerent
1108 3949 1176 4026 pro
1195 3921 1298 3998 horis
1315 3923 1411 4013 suis,
1441 3940 1479 3999 et
1498 3922 1662 4028 qualiter
1673 3921 1726 4027 ja-

306 4068 432 4125 cerent
447 4079 532 4126 cum
554 4050 679 4158 caligis
699 4070 736 4130 et
755 4054 888 4157 pannis
907 4053 1016 4130 lineis
1036 4053 1143 4129 cincti
1163 4052 1348 4144 cordulis,
1368 4081 1562 4158 exponens
1582 4054 1636 4129 eis
1653 4081 1724 4129 cer-

307 4179 385 4253 cius
413 4179 541 4283 plures
571 4201 723 4288 propter
752 4211 847 4289 quos
876 4201 1047 4290 poterant
1073 4183 1231 4289 perdere
1261 4183 1448 4261 ordinem.
1481 4184 1725 4262 Postmodum

307 4335 392 4381 vero
414 4309 536 4387 dictus
556 4331 727 4418 receptor
747 4314 853 4390 duxit
867 4315 991 4420 ipsum
1010 4332 1161 4406 testem,
1179 4333 1217 4390 et
1232 4315 1322 4391 alios
1338 4316 1404 4422 qui
1422 4316 1564 4422 recepti
1583 4314 1726 4392 fuerant

307 4466 391 4512 cum
421 4467 480 4528 eo,
510 4441 556 4517 ad
586 4444 789 4549 quamdam
816 4473 966 4549 parvam
994 4473 1178 4521 cameram
1205 4444 1302 4520 dicte
1328 4444 1471 4549 capelle
1492 4445 1724 4552 contiguam,

307 4571 437 4645 ceteris
459 4572 524 4697 qui
546 4572 743 4651 adfuerant
761 4575 1026 4653 recedentibus
1046 4575 1103 4651 vel
1126 4576 1163 4650 in
1187 4574 1326 4681 capella
1346 4574 1513 4679 predicta
1534 4602 1726 4653 remanen-

306 4695 423 4779 tibus,
440 4715 477 4772 et
491 4705 656 4806 precepit
674 4704 773 4780 dicto
788 4705 874 4781 testi
890 4722 927 4782 et
942 4706 1024 4783 aliis
1043 4706 1148 4814 quod
1166 4704 1366 4813 abnegaret
1385 4705 1531 4796 Deum;
1555 4722 1594 4784 et
1614 4735 1723 4815 quum

306 4825 682 4937 ipsi'adrnirarentur
711 4853 748 4909 et
772 4854 896 4913 essent
921 4835 1132 4941 stupefacti,
1160 4836 1282 4913 dictus
1310 4852 1483 4941 receptor
1509 4836 1607 4915 dixit
1629 4834 1721 4944 quod
