4080 6052
485 575 681 667 rnoets
708 595 802 666 nas
828 594 1130 669 rnupmnns.
1445 599 1514 669 115

24 709 35 728 '
99 755 289 832 rencourt,
304 742 344 816 r.
362 739 408 814 ue
430 738 596 826 saunis,
617 740 656 815 r.
677 738 713 815 ie
735 738 868 828 neas,
888 740 1077 816 ioannes
1094 740 1141 814 aa
1157 738 1332 826 eos-vste,
1350 740 1516 817 roumez

100 875 146 950 de
173 870 401 980 Legnoville,
425 870 615 946 Jobannes
638 870 685 946 de
710 850 886 960 Lavione,
907 872 1094 948 lohannes
1122 871 1169 947 de
1195 872 1310 946 Ponte
1328 869 1515 977 Episcopi,

97 1008 139 1081 R.
159 1004 207 1082 de
230 1002 394 1109 Treploy
420 1002 626 1108 presbyter,
657 1000 884 1107 Reginaldus
908 1001 954 1077 de
979 1002 1179 1090 Larchent,
1202 999 1445 1078 Theobaldus
1471 1002 1518 1077 de

98 1134 326 1221 basimonte,
344 1131 565 1236 Radulphus
581 1131 628 1206 de
647 1131 822 1217 Senonis,
837 1146 875 1206 et
890 1131 1062 1208 Nicolaus
1077 1132 1125 1208 de
1136 1131 1279 1218 Trecis,
1298 1130 1361 1236 qui
1379 1129 1466 1206 alias
1480 1158 1518 1207 se

99 1266 145 1341 ad
163 1263 418 1341 defensionem
440 1246 582 1338 ordinis
602 1259 833 1350 obtulerant,
856 1279 894 1337 et
911 1261 1081 1351 fuerunt,
1101 1262 1163 1337 die
1183 1260 1307 1338 Sabati
1326 1260 1517 1366 preterita,

101 1420 226 1471 coram
243 1393 351 1470 dictis
369 1392 531 1469 dominis
547 1391 809 1468 commissariis
821 1391 860 1467 in
870 1409 976 1497 prato
996 1392 1139 1467 domini
1158 1391 1321 1496 episcopi
1341 1391 1522 1479 Parisien-

101 1527 165 1612 sis,
186 1541 224 1601 et
243 1522 397 1601 fuerunt
415 1548 484 1627 per
504 1549 573 1599 nos
595 1522 827 1627 supradictos
851 1521 1014 1597 notarios
1038 1519 1251 1625 interrogati
1276 1537 1408 1595 utrum
1430 1519 1523 1596 deli-

99 1653 291 1731 berassent
315 1678 428 1759 super
447 1644 754 1756 procuratoribus
779 1677 848 1758 per
872 1677 936 1727 eos
963 1650 1241 1727 constituendis
1260 1667 1297 1725 et
1325 1648 1519 1737 faciendis,
1598 1640 1601 1645 ¹

66 1818 71 1829 ·
99 1785 309 1860 secundum
327 1800 366 1859 et
380 1798 495 1888 prout
517 1782 660 1858 dietum
684 1782 756 1858 fuit
778 1783 937 1869 eisdem,
963 1781 1058 1856 dicta
1081 1779 1142 1856 die
1168 1779 1292 1855 Sabati
1311 1807 1380 1884 per
1402 1779 1523 1857 domi-

99 1941 167 1990 nos
185 1913 459 1991 commissarios
479 1913 694 1988 antedictos.
1455 1941 1457 1944 ⁴

157 2045 232 2137 Qui
249 2043 542 2149 responderunt,
564 2059 602 2120 et
617 2042 727 2119 nobis
747 2039 1012 2128 scribentibus,
1033 2068 1101 2146 per
1118 2041 1188 2117 hos
1202 2038 1276 2147 [sic]
1293 2039 1463 2116 fratrisP.
1476 2040 1522 2115 de

102 2175 270 2249 Bononia
280 2173 455 2278 predicti,
470 2172 702 2247 dictaverunt
716 2199 783 2247 seu
799 2171 927 2246 dictari
944 2170 1113 2246 fecerunt
1126 2169 1375 2274 infrascripta:
1392 2169 1522 2263 Quod,

103 2303 191 2408 quia
220 2318 331 2408 caput
354 2300 558 2386 habebant,
585 2301 659 2375 hoc
682 2300 762 2375 sine
788 2300 905 2403 ipsius
928 2300 1082 2375 licencia
1110 2299 1229 2375 facere
1254 2324 1331 2375 non
1354 2317 1527 2404 poterant

104 2458 173 2509 nec
197 2430 403 2517 debebant,
429 2427 597 2505 dicentes
621 2428 726 2533 quod
753 2445 1012 2531 procuratores
1034 2429 1081 2503 ad
1105 2428 1178 2503 hoc
1199 2429 1424 2517 constituere
1450 2455 1526 2504 non

103 2561 349 2638 intendebant
369 2585 439 2635 nec
460 2558 655 2645 volebant,
680 2558 880 2634 offerentes
899 2585 939 2634 se
963 2576 1110 2662 paratos
1132 2584 1256 2633 coram
1279 2557 1387 2633 (botis
1409 2556 1530 2633 domi-

104 2694 161 2769 nis
190 2690 453 2768 commissariis
477 2715 693 2793 comparere
721 2705 758 2764 et
785 2687 987 2764 defendere
1018 2688 1159 2764 dictum
1190 2686 1383 2777 ordinem,
1416 2708 1529 2793 prout

102 2821 217 2898 fuerit
240 2820 409 2897 racionis.
436 2820 621 2897 Dixerunt
645 2834 831 2925 preterea,
861 2835 899 2894 et
920 2817 1051 2894 dicunt
1075 2835 1113 2893 et
1141 2835 1312 2895 asserunt
1333 2819 1380 2894 ad
1401 2818 1530 2896 defen-

103 2952 248 3029 sionem
266 2951 409 3027 ordinis
431 2949 649 3056 supradicti,
676 2948 780 3055 quod
804 2975 936 3025 omnes
954 2948 1097 3024 articuli
1120 2948 1224 3024 missi
1245 2973 1315 3052 per
1331 2947 1528 3024 dominum

105 3085 242 3188 Papam
261 3082 333 3159 sub
351 3080 455 3158 bulla
472 3081 606 3186 ipsius,
627 3079 680 3157 eis
698 3079 784 3156 lecti
808 3095 846 3155 et
862 3079 1035 3186 expositi,
1060 3079 1199 3156 scilicet
1218 3079 1423 3167 inhonesti,
1450 3097 1530 3156 tur-

105 3210 266 3315 pissimi,
284 3227 322 3286 et
336 3209 636 3298 inracionabiles,
651 3226 689 3285 et
700 3209 957 3297 detestabiles,
975 3226 1013 3285 et
1028 3210 1198 3297 orrendi,
1213 3226 1302 3286 sunt
1313 3210 1527 3298 mendaces,
1612 3286 1613 3289 ,

108 3340 203 3427 falsi,
224 3340 302 3417 imo
316 3340 518 3431 falsissimi,
538 3357 576 3417 et
593 3340 729 3446 iniqui,
747 3357 865 3446 etper
880 3356 1011 3428 testes,
1029 3367 1096 3416 seu
1119 3366 1342 3417 sursurones
1365 3355 1405 3414 et
1423 3366 1532 3444 suge-

107 3489 224 3549 stores
240 3472 412 3549 inimicos
429 3488 467 3549 et
483 3463 611 3560 falsos,
630 3468 810 3559 fabricati,
830 3471 1017 3547 adinventi
1036 3487 1073 3547 et
1088 3470 1135 3546 de
1151 3498 1246 3547 novo
1259 3470 1358 3558 facti,
1378 3486 1415 3545 et
1427 3471 1531 3575 quod

106 3603 237 3709 religio
253 3603 403 3710 Templi
421 3603 564 3680 munda
581 3618 619 3679 et
636 3601 871 3678 immaculata
888 3618 959 3692 est,
974 3618 1011 3679 et
1028 3601 1099 3677 fuit
1116 3628 1275 3708 semper,
1291 3601 1336 3677 ab
1355 3600 1531 3677 omnibus

108 3731 181 3808 illis
201 3732 519 3820 articullis,-viciis
538 3748 578 3808 et
600 3730 760 3837 peccatis
777 3731 974 3837 predictis;
996 3747 1034 3808 et
1052 3731 1284 3837 quicumque
1304 3731 1531 3807 contrarium

110 3861 286 3935 dixerunt
301 3860 364 3934 vel
379 3860 529 3950 dicunt,
549 3878 741 3967 tamquam
760 3862 934 3938 infideles
951 3876 989 3938 et
1006 3862 1161 3938 heretici
1179 3861 1367 3951 locuntur,
1387 3860 1534 3965 cupien

109 4007 165 4064 tes
189 3987 229 4062 in
246 3984 323 4063 fide
341 3986 480 4064 Christi
496 3965 721 4068 heresinfet
735 3992 990 4096 turpissimam
1014 3991 1244 4067 zinzanniam
1267 3991 1471 4077 seminare,
1497 4008 1534 4066 et

110 4120 180 4195 beo
195 4115 313 4223 parati
331 4132 420 4192 sunt
444 4116 572 4204 corde,
596 4145 661 4194 ore
685 4136 723 4196 et
738 4145 874 4225 opere,
888 4120 1020 4196 modis
1044 4120 1222 4196 omnibus
1238 4117 1378 4224 quibus
1398 4120 1533 4198 melius

109 4247 192 4324 fieri
209 4261 333 4353 potest
349 4261 388 4322 et
402 4243 533 4334 debet,
553 4245 758 4325 defendere
777 4265 815 4324 et
831 4250 1028 4326 sustinere.
1047 4250 1186 4326 Petunt
1202 4266 1328 4325 tamen
1344 4250 1466 4355 quod,
1485 4248 1533 4326 ad

111 4377 183 4453 hoc
213 4372 449 4462 faciendum,
484 4375 649 4456 habeant
680 4395 900 4485 potestatem
934 4376 1091 4477 liberam
1126 4405 1389 4487 personarum3
1424 4380 1531 4469 item,

111 4505 216 4613 quod
230 4504 478 4612 personaliter
498 4509 643 4614 possint
659 4536 740 4588 esse
759 4511 798 4587 in
816 4509 973 4589 concilio
996 4510 1177 4619 generali,
1197 4528 1236 4588 et
1251 4511 1317 4617 qui
1335 4536 1412 4587 non
1428 4527 1533 4616 pute-

107 4653 202 4714 runt
219 4635 412 4725 interesse,
432 4639 576 4742 possint
592 4639 674 4719 aliis
692 4640 871 4720 fratribus
888 4643 1067 4721 euntibus
1084 4643 1132 4719 ad
1151 4628 1351 4720 concilium
1366 4642 1554 4720 commit·

105 4784 190 4846 tere
214 4764 313 4845 vices
336 4790 437 4854 suas,
464 4768 747 4879 quodquidam
773 4772 936 4863 facient,
949 4774 1043 4851 dum
1067 4800 1107 4851 se
1132 4772 1294 4850 viderint
1316 4772 1356 4849 in
1383 4773 1534 4879 propria

103 4914 294 5001 potestate
312 4917 350 4978 et
368 4925 389 4975 a
408 4901 625 4981 carceribus·
634 4903 803 4983 totaliter
815 4903 1003 4983 liberatos.
1023 4903 1266 4983 ltemdicunt
1282 4902 1387 5009 quod
1403 4928 1536 4980 omnes

1339 5040 1386 5099 15.
