4148 6052
342 567 389 639 ss
727 539 919 632 rnocts
944 555 1039 629 nus
1064 550 1365 624 rsurmsns.

339 704 386 780 de
408 702 519 780 Mallo
548 727 657 807 passu
681 697 886 776 Aniciensis
912 693 1084 783 diocesis,
1111 707 1149 767 et
1172 689 1283 765 lrater
1304 686 1479 763 Clemens
1504 690 1552 764 de
1577 692 1766 773 Branecio

338 832 522 909 Eduensis
543 828 717 916 diocesis,
732 827 863 904 fratres
882 822 1098 910 servientes,
1114 816 1391 922 responderunt
1410 845 1449 893 se
1463 816 1560 900 velle
1581 822 1766 904 ordinem

339 959 554 1038 deffendere
572 957 857 1063 supradictum
891 970 929 1028 et
956 949 1069 1027 frater
1095 947 1284 1025 Jobannes
1314 945 1361 1023 de
1391 946 1545 1055 Cisseyo
1570 950 1766 1032 Eduensis

340 1091 512 1182 diocesis,
534 1088 711 1178 serviens,
731 1086 833 1163 idem
852 1108 921 1187 pro
941 1107 1052 1187 posse
1071 1105 1153 1155 suo.

395 1223 521 1299 Frater
542 1218 713 1297 Matheus
738 1216 786 1294 de
813 1212 989 1292 Corbono
1014 1206 1277 1314 lingonensis,
1303 1204 1416 1282 frater
1434 1207 1547 1313 Hugo
1574 1211 1620 1287 de
1640 1211 1761 1292 Same

339 1351 473 1430 Cricon
495 1347 696 1437 Eduensis,
722 1345 835 1422 frater
859 1341 1048 1420 Jobannes
1072 1340 1120 1416 de
1148 1338 1275 1416 Monte
1299 1336 1432 1413 Belleti
1456 1339 1761 1433 Matisconensis,

338 1501 375 1558 et
394 1481 507 1558 frater
525 1481 635 1586 Hugo
655 1478 703 1555 de
717 1475 827 1553 Buris
845 1470 1090 1580 Lingonensis
1115 1468 1338 1558 diocesim,
1352 1469 1579 1562 servientes,
1600 1500 1743 1580 respon

339 1613 477 1687 derunt
497 1609 602 1717 quod
623 1602 1032 1711 volebant-deffendere
1053 1599 1226 1678 ordinem
1248 1599 1515 1703 supradictum.

392 1742 522 1817 Frater
544 1738 735 1818 Gerardus
758 1735 794 1814 le
819 1733 982 1812 Lorinhe
1007 1730 1196 1809 Tulleusis
1226 1730 1383 1806 diocesis
1410 1733 1622 1838 respondit,
1648 1742 1760 1844 quod

336 1870 489 1947 nolebat
507 1869 678 1948 ordinem
699 1865 916 1945 deffendere
938 1862 1210 1970 supradictum,
1225 1860 1316 1967 quia
1334 1860 1440 1938 valde
1462 1862 1584 1942 malus
1604 1885 1701 1960 erat,
1719 1887 1760 1948 et

335 2002 453 2078 multa
472 2001 568 2078 mala
586 2016 724 2106 puncta
744 2014 850 2073 erant
870 1997 909 2071 in
930 2022 986 2071 eo.

390 2130 480 2207 Acta
498 2129 652 2208 fuerunt
672 2129 742 2205 hec
761 2128 799 2202 in
819 2124 984 2231 predicta
1008 2150 1168 2213 camera,
1189 2119 1365 2227 predictis
1383 2120 1461 2211 die,
1488 2139 1575 2215 etc.,
1598 2153 1758 2229 presen.

333 2259 436 2336 tibus
461 2289 522 2337 me
546 2259 797 2337 Floriamonte
830 2271 869 2332 et
902 2255 982 2331 aliis
1008 2251 1160 2330 notariis
1191 2279 1303 2357 supra
1334 2251 1503 2356 proximo
1531 2255 1753 2352 nominatis,

333 2409 484 2496 excepto
509 2391 658 2469 Nicolao
679 2385 969 2467 Constanciensi.

384 2650 455 2728 Die
469 2651 595 2729 Sabati
610 2648 800 2753 sequenti,
812 2645 969 2750 septima
978 2641 1151 2719 videlicet
1161 2641 1221 2718 die
1230 2641 1584 2738 mensisFebruarii,
1593 2644 1752 2730 fuerunt

329 2780 539 2857 adducti‘in
559 2778 724 2885 predicta
743 2803 890 2854 camera
907 2801 1032 2850 coram
1049 2773 1156 2850 dietis
1171 2774 1335 2850 dominis
1349 2775 1630 2865 commissoriis,
1647 2808 1753 2858 exce-

327 2909 402 3014 ptis
421 2908 584 2985 dominis
599 2907 850 2985 Lemoviceusi
869 2922 907 2984 et
926 2903 1185 2981 archidiacono
1205 2903 1447 2996 Tridentino,
1462 2907 1552 3013 quia
1574 2912 1750 2989 nondum

329 3038 472 3115 ibidem
486 3056 677 3127 venerant,
693 3038 845 3115 insimul
860 3034 1079 3142 infrascripti
1089 3034 1305 3141 Templarii,
1318 3034 1383 3142 qui
1400 3036 1620 3116 dicebantur
1631 3038 1748 3118 fuisse

329 3167 479 3245 adducti
501 3169 548 3246 de
570 3168 709 3246 diocesi
734 3165 1049 3258 claromontensi,
1072 3164 1244 3243 videlicet
1264 3166 1396 3243 iratres
1420 3167 1589 3247 Andreas
1610 3171 1746 3265 lacoti,

328 3299 540 3404 Stephanus
567 3298 802 3390 Labossilha,
832 3296 1049 3374 Bernardus
1079 3294 1290 3389 Cbarnerii,
1321 3296 1509 3375 Jobannes
1549 3301 1598 3377 de
1634 3301 1746 3394 Orto,
1774 3375 1779 3385 .

326 3430 530 3509 Durandus
550 3427 806 3517 audebertus,
827 3430 960 3504 Petrus
981 3428 1028 3504 de
1047 3428 1208 3503 Bre'tona
1227 3424 1358 3505 fratres
1383 3428 1601 3524 servientes,
1622 3432 1747 3511 Clam-

326 3562 534 3637 montensis
555 3559 730 3654 diocesis3
757 3562 889 3637 Petrus
914 3560 1028 3636 Bossa
1053 3557 1258 3664 presbyter,
1289 3558 1480 3638 Gerardus
1504 3563 1635 3654 Besso,
1657 3566 1748 3642 Ber

326 3690 482 3767 trandus
515 3689 726 3782 Amblardi,
765 3690 898 3767 Petrus
934 3688 981 3764 de
1021 3688 1261 3778 Mantubaco,
1302 3691 1468 3768 Bonetus
1504 3693 1744 3787 Sansauboli,

325 3820 492 3898 Bonetus
515 3818 746 3926 Cassagnoli,
771 3820 959 3895 lohannes
978 3818 1145 3895 Lemosis
1169 3816 1300 3894 iratres
1328 3821 1545 3910 servientes,
1573 3821 1745 3930 ejusdem

326 3949 500 4045 diocesin
515 3952 707 4030 Jobannes
727 3948 774 4025 de
788 3946 1037 4039 Mallamorte,
1053 3947 1242 4025 lohannes
1261 3948 1309 4025 de
1325 3949 1472 4043 Zelzils,
1487 3951 1678 4031 lohannes
1697 3955 1745 4031 de

326 4081 508 4188 Bellasage
527 4100 564 4161 et
581 4081 775 4162 Gilbertus
792 4077 908 4157 Lafon
926 4077 1057 4157 fratres
1083 4079 1298 4169 servientes,
1324 4081 1597 4161 Lemovicensis
1618 4084 1746 4162 dioce-

327 4208 387 4286 sis.
409 4211 483 4304 Qui
511 4240 642 4290 omnes
669 4211 907 4319 singulariter
935 4228 973 4289 et
1000 4210 1222 4318 segregatim
1250 4212 1465 4319 interrogati
1490 4243 1511 4290 a
1535 4212 1642 4291 dictis
1673 4214 1744 4291 do-

324 4340 436 4420 minis
458 4344 735 4434 commissariis,
759 4342 790 4418 si
815 4342 990 4419 volebant
1013 4341 1186 4419 ordinem
1208 4343 1441 4432 deffendere,
1466 4345 1745 4451 responderunt

325 4474 430 4578 quod
448 4475 511 4551 sic.

380 4601 469 4677 Acta
491 4600 646 4677 luerunt
667 4601 739 4676 hec
757 4599 819 4677 die
840 4614 878 4675 et
897 4598 982 4677 loeo
1002 4601 1193 4706 predictis,
1218 4604 1455 4707 presentibus
1476 4605 1656 4685 omnibus
1674 4635 1744 4686 no-

323 4729 426 4805 tariis
452 4758 564 4836 supra
583 4729 753 4836 proximo
779 4729 995 4823 nominatis,
1017 4760 1078 4810 me
1107 4751 1144 4812 et
1169 4736 1359 4813 Bernardo
1386 4735 1537 4813 Filbioli
1563 4739 1744 4844 exceptis,

323 4877 436 4967 prout
454 4876 583 4966 postea
603 4859 827 4937 retulerunt.
