4080 6052
327 533 400 603 ιιι
712 507 908 635 esoces
934 527 1030 599 nus
1057 527 1358 602 reuertens.

324 688 381 748 rat
400 670 560 748 Parisius
577 685 748 775 tempore
770 669 868 746 dicte
890 667 1136 773 recepcionis,
1161 669 1358 775 respondit
1376 666 1481 774 quod
1504 667 1753 745 associaverat

322 818 582 908 preceptorem
591 803 871 887 Treverensem,
887 799 956 906 qui
964 816 1116 875 venerat
1125 799 1288 878 Parisius
1298 800 1345 875 ad
1356 799 1577 904 capitulum,
1590 816 1631 876 et
1642 799 1750 907 quod

322 934 526 1010 mitebatur
550 933 599 1009 ad
623 931 782 1008 domum
801 928 951 1034 Templi
978 928 1025 1006 de
1045 928 1232 1037 Valloysa,
1254 928 1450 1009 Vienensis
1474 929 1747 1017 diocesis‚.illo

320 1082 491 1170 tempore
512 1091 588 1170 quo
611 1061 704 1139 dixit
728 1079 770 1138 se·
792 1058 1007 1136 interfuisse
1030 1059 1240 1165 recepcioni
1265 1059 1358 1136 lacte
1383 1059 1487 1166 apud
1504 1058 1744 1138 Cabilonem.

320 1195 536 1301 Requisitus
555 1193 586 1270 si
606 1193 646 1268 in
666 1191 776 1269 dictis
800 1189 1086 1296 recepcionibus
1110 1204 1189 1266 uir*
1208 1190 1267 1266 vel
1286 1189 1456 1296 quinque
1481 1187 1641 1266 fratrum
1659 1192 1746 1298 qui-

316 1323 390 1402 bus
408 1325 502 1402 dixit
519 1353 558 1401 se
576 1320 788 1401 interfuisse
811 1320 963 1398 fuerunt
979 1320 1104 1427 aliqua
1119 1320 1190 1398 alia
1206 1321 1304 1398 dicta
1317 1320 1376 1397 vel
1393 1319 1487 1398 lacta
1500 1349 1618 1429 quam
1632 1320 1745 1429 depo

319 1455 395 1533 suit
415 1457 461 1532 de
482 1483 521 1531 se
542 1455 640 1560 ipso,
660 1452 854 1560 respondit
873 1452 979 1558 quod
998 1480 1075 1530 non
1095 1453 1199 1558 quod
1218 1453 1296 1558 ipse
1316 1452 1453 1529 viderit
1469 1451 1527 1529 vel
1543 1451 1740 1531 audiverit

374 1587 487 1674 Item,
507 1582 711 1691 requisitus
727 1598 821 1690 quot
838 1582 923 1657 anni
938 1597 1028 1663 suut
1042 1582 1149 1688 quod
1162 1583 1240 1688 ipse
1254 1582 1398 1660 dimisit
1411 1582 1585 1660 habitum
1598 1583 1742 1662 ordinis

316 1715 483 1822 Templi,
503 1714 696 1821 respondit
713 1713 818 1820 quod
835 1710 987 1789 infesto
1007 1711 1107 1789 beati
1129 1713 1278 1790 Martini
1299 1741 1421 1820 nuper
1440 1713 1566 1820 elapso
1585 1711 1743 1792 fuerunt

316 1846 487 1952 quinque
500 1847 588 1923 anni
603 1844 716 1951 elapsi
731 1874 846 1951 quam
866 1842 1060 1921 dimiserat
1074 1843 1114 1919 in
1130 1843 1228 1920 dicta
1248 1844 1364 1921 domo
1385 1845 1433 1922 de
1451 1845 1637 1936 Treveris,
1649 1873 1740 1950 pro-

315 1996 398 2083 pter
411 1978 608 2084 pravitates
622 2005 716 2083 quas
725 1976 867 2053 viderat
880 1992 919 2052 et
930 1991 1136 2052 servaverat
1156 1975 1195 2050 in
1210 1975 1310 2052 dicto
1325 1974 1470 2053 ordine.
1487 1977 1739 2084 Interrogatus

315 2134 389 2213 que
411 2124 517 2184 erant
535 2107 599 2183 ille
619 2107 831 2212 pravitates,
851 2105 1046 2212 respondit
1063 2105 1168 2211 quod
1186 2105 1249 2182 ille
1269 2106 1316 2182 de
1336 2106 1477 2214 quibus
1495 2134 1609 2213 supra
1628 2106 1739 2214 dopo

314 2238 399 2314 suit,
426 2239 680 2344 Interrogatus
700 2237 731 2314 si
751 2235 891 2314 sciebat
914 2236 953 2311 in
979 2234 1080 2312 dicto
1106 2235 1241 2313 ordine
1266 2236 1409 2344 aliquas
1433 2237 1522 2315 elias
1541 2238 1737 2344 pravitates

311 2369 383 2447 nisi
404 2369 486 2448 illas
506 2370 553 2447 de
572 2368 712 2476 quihus
729 2396 841 2474 supra
859 2367 1050 2473 deposuit,
1071 2367 1269 2472 respondit
1285 2369 1392 2474 quod
1410 2397 1499 2446 non.
1521 2370 1737 2477 Requisitus

311 2500 342 2576 si
362 2517 617 2607 resumpserat
639 2498 813 2577 habitum
839 2527 884 2575 ex
910 2525 988 2604 quo
1016 2497 1210 2574 dimiserat
1236 2498 1378 2604 ipsum,
1405 2500 1603 2606 respondit
1631 2500 1738 2608 quod

311 2660 405 2719 non,
421 2649 459 2708 et
474 2630 580 2737 quod
598 2630 730 2706 eadem
749 2629 811 2705 die
829 2628 916 2704 lecit
932 2628 1003 2705 sibi
1020 2628 1100 2704 radi
1119 2627 1276 2705 barbam
1294 2646 1332 2706 et
1351 2632 1502 2707 extunc
1517 2629 1592 2707 luit
1609 2629 1737 2737 profu-

309 2791 378 2868 gus
403 2760 449 2836 ab
474 2761 555 2866 ipso
581 2760 713 2836 ordine
744 2777 783 2837 et
809 2775 979 2836 moratus
1001 2759 1041 2834 in
1067 2760 1279 2867 Lotaringia
1309 2760 1348 2835 in
1374 2760 1489 2838 domo
1514 2762 1662 2839 comitis
1686 2762 1734 2838 de

310 2889 525 2995 Bleymont,
548 2891 587 2966 in
607 2919 682 2996 qua
701 2889 864 2968 habebat
884 2888 982 2966 duos
1001 2888 1148 2978 fratres,
1172 2907 1210 2966 et
1229 2908 1316 2996 post
1334 2892 1494 2969 modum
1513 2890 1588 2969 luit
1607 2912 1734 2999 captus

310 3019 349 3094 in
363 3019 448 3095 villa
455 3021 570 3096 sancti
578 3019 718 3098 Nicolai
730 3021 778 3097 de
791 3023 920 3110 Portu,
936 3018 1004 3096 ubi
1015 3037 1189 3097 tenuerat
1200 3049 1289 3097 eum
1302 3022 1732 3129 causaperegrinacionis

310 3178 537 3256 perannum
559 3179 646 3226 cum
668 3150 852 3238 dimedio,
877 3167 914 3226 et
933 3150 1067 3228 solutis
1088 3151 1258 3257 expensis
1278 3153 1435 3230 carceris
1454 3171 1493 3230 et
1510 3171 1640 3261 postea
1663 3154 1733 3233 fuit

308 3281 512 3388 permissus
538 3281 657 3372 abire,
680 3281 748 3357 sed
773 3281 946 3373 demum,
973 3310 1060 3357 cum
1088 3285 1283 3361 recederet
1308 3302 1345 3360 et
1368 3284 1480 3361 vellet
1504 3287 1732 3392 peregrinari

308 3443 394 3491 cum
415 3413 669 3519 Hospitalariis
693 3412 791 3490 ultra
810 3441 930 3518 mare,
952 3411 1024 3489 fuit
1043 3431 1171 3519 captus
1191 3420 1401 3523 pergentes
1416 3415 1557 3492 domini
1576 3418 1698 3522 Regis.

364 3546 474 3632 Item,
489 3545 692 3651 requisitus
713 3573 827 3650 super
846 3571 888 3636 11,
908 3572 947 3620 111
969 3561 1006 3620 et
1019 3559 1086 3622 1111⁰
1106 3547 1288 3638 articulis,
1305 3544 1498 3652 respondit
1514 3573 1553 3622 se
1573 3546 1728 3624 credere

307 3673 412 3780 quod
432 3674 684 3750 communiter
703 3672 834 3750 fratres
855 3674 998 3752 ordinis
1018 3692 1055 3751 et
1074 3677 1195 3784 major
1214 3705 1298 3783 pars
1319 3677 1436 3783 ipsius
1453 3675 1595 3753 ordinis
1620 3675 1729 3754 lacie-

305 3803 395 3881 bant
414 3805 572 3912 illaque
591 3806 670 3912 ipse
693 3805 867 3913 deposuit
886 3833 925 3882 se
946 3804 1095 3896 fecisse,
1119 3825 1156 3884 et
1176 3808 1307 3886 hocin
1327 3808 1406 3914 ipsa
1425 3808 1645 3915 recepcione
1666 3838 1730 3887 sua

308 3954 344 4012 et
364 3965 441 4013 non
462 3954 559 4043 post.

361 4068 475 4156 Item,
494 4069 700 4176 requisitus
718 4098 833 4176 super
847 4095 880 4158 v,
899 4096 952 4157 vr,
971 4097 1020 4149 vu
1032 4088 1069 4148 et
1080 4099 1142 4148 ιιιι
1161 4071 1337 4157 articulis,
1356 4072 1403 4148 de
1419 4071 1726 4180 dogmatizatione

304 4198 410 4300 quod
428 4200 602 4277 Christus
623 4229 700 4277 non
722 4218 819 4277 esset
842 4229 954 4278 verus
965 4201 1086 4289 Deus,
1110 4220 1192 4294 etc,
1214 4203 1410 4308 respondit
1428 4229 1468 4279 se
1489 4202 1607 4280 nichil
1627 4202 1726 4281 aliud

305 4326 396 4403 scire
417 4358 531 4435 quam
551 4360 664 4437 supra
685 4331 873 4437 deposuit.

359 4460 465 4553 Item,
479 4462 685 4567 requisitus
702 4491 816 4567 super
832 4488 925 4553 vuu,
943 4490 983 4555 x,
1000 4490 1052 4552 ιιι,
1072 4491 1122 4555 ru
1140 4481 1178 4542 et
1195 4491 1258 4541 ιιιι
1277 4463 1455 4551 articulis,
1473 4464 1521 4541 de
1535 4464 1725 4571 spuicione

254 4635 261 4643 -
305 4605 343 4662 et
359 4590 642 4669 conculcacione
664 4611 702 4670 et
721 4593 897 4669 mictione
924 4594 1061 4685 crucis,
1083 4596 1279 4702 respondit
1298 4624 1336 4673 se
1362 4594 1480 4671 nichil
1504 4595 1612 4672 aliud
1636 4596 1725 4673 scire

302 4742 417 4823 quam
434 4746 545 4824 supra
563 4720 738 4827 deposuit
755 4723 849 4802 facta
865 4723 980 4802 fuisse
999 4725 1040 4801 in
1056 4728 1276 4834 recepcione
1295 4755 1361 4804 sua
1379 4743 1416 4803 et
1433 4754 1473 4804 se
1490 4727 1627 4804 vidisse
1643 4723 1722 4801 fieri

302 4847 342 4923 in
359 4847 579 4954 recepcione
596 4850 758 4929 aliorum
775 4855 1045 4960 predictorum,
1064 4884 1134 4935 nec
1151 4857 1270 4935 credit
1287 4883 1357 4934 nec
1374 4855 1518 4934 audivit
1533 4857 1637 4966 quod
1653 4854 1723 4931 alis
