4080 6052
527 579 573 648 aa
915 550 1110 643 Procas
1135 567 1230 640 nus
1256 568 1553 673 raupmaas.

581 716 692 801 Item,
715 712 819 817 quod
839 712 909 788 hec
926 709 1073 786 licitum
1093 724 1173 786 erat
1192 707 1246 783 eis
1262 706 1396 785 Iacere.

583 847 692 931 Item,
715 842 819 949 quod
838 839 1026 918 debebant
1043 841 1114 918 heo
1133 838 1252 915 lacere
1273 837 1320 912 ad
1339 837 1498 915 invicem
1518 855 1555 914 et
1573 841 1661 945 pati.

583 976 694 1064 Item,
716 973 822 1079 quod
840 972 911 1048 hec
930 970 1049 1047 Iacere
1069 997 1147 1045 non
1167 982 1246 1044 erat
1265 967 1318 1044 eis
1337 985 1544 1073 peccatum.

583 1106 692 1192 Item,
716 1103 820 1209 quod
838 1103 910 1180 hec
932 1099 1115 1177 faciebant
1134 1096 1221 1203 ipsi,
1241 1096 1299 1173 vel
1318 1097 1446 1202 plures
1466 1124 1611 1175 eorum.
1633 1147 1689 1158 -
1710 1102 1820 1193 Item,
1842 1108 1946 1211 quod

529 1234 643 1340 aliqui
665 1261 809 1309 eorum.

584 1365 694 1453 Item,
721 1361 825 1469 quod
850 1361 920 1465 ipsi
943 1387 1013 1465 per
1036 1356 1199 1465 singulae
1222 1356 1428 1462 provincias
1451 1355 1640 1433 habebant
1662 1359 1790 1466 ydola,
1816 1363 1945 1443 videli-

528 1512 587 1570 cet
611 1493 728 1596 capita
753 1518 918 1597 quorum
943 1489 1067 1595 aliqua
1091 1487 1279 1564 habebant
1300 1504 1377 1563 tres
1401 1484 1528 1575 facies,
1552 1504 1589 1563 et
1608 1488 1732 1595 aliqua
1755 1520 1888 1581 unam,
1910 1513 1945 1572 et

529 1625 653 1730 aliqua
673 1649 849 1698 craneum
868 1622 1079 1699 humanum
1098 1616 1298 1693 habebant.

585 1753 696 1838 Item,
717 1751 821 1857 quod
838 1749 902 1825 illa
918 1747 1029 1854 ydola
1046 1747 1104 1822 vel
1125 1746 1222 1822 illud
1239 1744 1397 1853 ydolum
1418 1745 1663 1839 adhorabant,
1683 1766 1721 1827 et
1740 1752 1946 1856 specialiter

530 1888 569 1961 in
591 1911 723 1962 eorum
744 1881 886 1990 magnis
907 1878 1076 1983 capitulis
1097 1895 1134 1954 et
1154 1875 1518 1985 congregacionibus.

585 2015 695 2104 Item,
717 2011 822 2118 quod
840 2008 1123 2087 venerabantur.

584 2145 694 2229 Item,
717 2142 820 2246 quod
839 2158 883 2216 ut
900 2140 1036 2218 Deum.

583 2275 692 2361 Item,
714 2271 818 2378 quod
837 2287 881 2346 ut
899 2268 1127 2347 salvatorem
1145 2294 1268 2344 suum.

585 2404 695 2493 Item,
717 2402 822 2508 quod
840 2400 954 2507 aliqui
975 2384 1120 2476 eorum.

584 2537 694 2622 Item,
716 2535 820 2641 quod
839 2532 958 2638 major
977 2559 1061 2637 pars
1080 2529 1232 2606 illorum
1253 2529 1318 2634 qui
1339 2544 1443 2604 erant
1462 2528 1500 2604 in
1520 2528 1702 2634 capitulis,

584 2666 696 2750 Item,
718 2662 823 2767 quod
842 2660 1016 2736 dicebant
1034 2658 1139 2764 quod
1157 2657 1254 2734 illud
1274 2658 1395 2764 capud
1414 2676 1560 2764 poterat
1579 2686 1644 2738 eos
1663 2659 1811 2738 salvare.

583 2794 694 2877 Item,
715 2790 821 2896 quod
840 2789 971 2865 divites
989 2788 1120 2865 facere.

450 3004 454 3013 ,
584 2921 694 3005 Item,
715 2919 819 3025 quod
839 2947 970 2995 omnes
990 2918 1138 2995 divicias
1158 2919 1299 2995 ordinis
1320 2918 1430 2996 dabat
1449 2919 1512 2994 eis.

582 3046 691 3136 Item,
714 3048 818 3153 quod
837 3046 922 3123 lacit
941 3046 1092 3123 arbores
1111 3048 1258 3125 llorere.

583 3179 691 3268 Item,
714 3177 818 3282 quod
835 3195 973 3252 terram
991 3177 1210 3284 germinare.

582 3308 694 3397 Item,
716 3306 820 3413 quod
840 3305 993 3413 aliquod
1013 3306 1135 3409 capud
1158 3306 1359 3412 ydolorum
1383 3306 1638 3411 predictorum
1663 3312 1860 3419 cingebant
1875 3341 1941 3389 seu

526 3437 726 3545 tangebant
755 3436 933 3522 cordulis,
955 3436 1093 3542 quibus
1121 3464 1159 3513 se
1189 3437 1289 3542 ipsos
1318 3437 1514 3543 cingebant
1543 3440 1632 3515 citra
1661 3442 1846 3518 camisiam
1872 3471 1940 3518 seu

525 3595 685 3643 carnem.

581 3698 691 3786 Item,
713 3697 817 3803 quod
836 3698 875 3773 in
894 3726 962 3774 sua
980 3698 1197 3803 recepcione
1217 3697 1374 3803 singulis
1397 3697 1571 3776 iratribus
1592 3697 1757 3803 predicte
1783 3701 1938 3778 cordule

525 3828 778 3920 tradebantur,
800 3827 857 3904 vel
878 3828 948 3904 alie
968 3827 1221 3934 longitudines
1242 3856 1382 3904 earum.

581 3960 691 4048 Item,
714 3958 818 4064 quod
837 3958 876 4033 in
897 3957 1138 4034 veneracione
1158 3957 1260 4064 ydoli
1280 3958 1353 4034 hoc
1372 3957 1565 4036 iaciebant.

580 4089 813 4194 lten1,qu0d
836 4087 1103 4195 injungebatur
1125 4089 1178 4164 eis
1198 4087 1304 4194 quod
1333 4088 1454 4184 dictis,
1467 4090 1630 4168 cordulis
1658 4108 1702 4166 ut
1727 4091 1938 4196 premititur

525 4244 563 4290 se
600 4219 804 4325 cingerent,
837 4236 874 4296 et
905 4219 1080 4297 continue
1116 4236 1325 4327 portarent,
1360 4238 1397 4297 et
1429 4221 1500 4296 hoc
1536 4219 1719 4297 faciebant
1741 4221 1858 4297 eciam
1891 4221 1936 4295 de

523 4364 641 4424 nocte.

457 4513 467 4529 ·
555 4509 557 4513 ³
577 4479 688 4562 Item,
707 4479 811 4582 quod
832 4477 1082 4554 communiter
1100 4476 1230 4555 lratres
1251 4478 1338 4555 dicti
1360 4479 1503 4556 ordinis
1521 4479 1797 4586 recipiebantur
1817 4479 1934 4556 modis

524 4604 708 4705 predictis.

578 4731 687 4821 Item,
710 4733 813 4837 quod
832 4733 986 4842 ubique.

438 4851 467 4952 Q
577 4861 686 4951 Item,
710 4862 813 4968 quod
832 4891 901 4968 pro
921 4866 1051 4971 majori
1075 4884 1189 4971 parte.
