4080 6052
694 507 889 598 procus
915 525 1010 596 ons
1037 527 1336 602 munimus.
1647 539 1721 609 265

310 668 365 745 dit
389 695 428 744 se
453 665 633 742 audivisse
660 666 761 770 apud
788 668 962 745 Castrum
993 668 1171 744 Bemardi
1203 671 1452 747 Xantonensis
1478 671 1652 764 diocesis,
1684 677 1722 751 in

309 799 423 874 domo
443 795 585 872 ordinis
605 796 770 901 Templi,
793 813 992 902 antequam
1013 814 1111 874 esset
1129 797 1243 875 frater
1263 799 1351 876 dicti
1373 800 1531 889 ordinis,
1553 818 1641 876 sunt
1660 805 1724 878 cir-

307 929 398 1004 citer
418 954 551 1003 novem
572 926 677 1015 anni3
698 955 776 1004 non
795 945 920 1002 tamen
942 926 1119 1004 credebat
1137 945 1228 1006 tunc
1247 931 1352 1036 quod
1372 930 1527 1036 illaque
1549 930 1722 1009 diceban·
1764 910 1769 919 ⁵

304 1074 368 1134 tur
384 1073 508 1135 essent
521 1086 617 1148 vera,
634 1084 703 1132 nec
718 1056 841 1133 adhuc
856 1057 986 1146 credit,
1004 1076 1041 1134 et
1055 1060 1160 1164 quod
1175 1058 1302 1137 nullus
1316 1060 1389 1144 [uit
1402 1089 1554 1166 presens
1569 1063 1721 1167 quando

306 1189 429 1264 dictus
447 1187 561 1265 frater
579 1188 866 1266 Bartholomeus
886 1188 979 1264 dixit
1002 1188 1074 1265 sibi
1096 1191 1273 1295 predicta.
1293 1192 1508 1297 Requisitus
1527 1194 1720 1297 quomodo

306 1319 557 1394 intervenerat
578 1317 732 1393 materia
762 1318 809 1393 ad
836 1318 1070 1424 loquendum
1102 1319 1148 1394 de
1176 1319 1369 1424 predictis,
1396 1321 1591 1426 respondit
1616 1323 1722 1427 quod

308 1448 428 1525 dictus
451 1447 564 1523 frater
582 1446 870 1524 Bartholomeus
893 1446 1040 1524 volebat
1064 1449 1169 1552 quod
1189 1448 1267 1552 ipse
1289 1451 1392 1525 testis
1418 1467 1514 1526 esset
1531 1449 1644 1526 frater
1665 1453 1721 1527 di-

306 1577 354 1651 cti
376 1577 535 1662 ordinis,
557 1577 623 1682 qui
647 1593 725 1652 erat
749 1577 1048 1683 consanguineus
1075 1605 1165 1653 suus
1189 1604 1405 1681 germanus,
1428 1595 1466 1652 et
1486 1577 1587 1653 idem
1607 1578 1721 1656 frater

304 1706 591 1783 Bartholomeus
618 1705 761 1781 dixerat
780 1706 815 1782 ei
835 1735 874 1782 se
900 1706 1083 1809 audivisse
1109 1705 1181 1781 dici
1202 1705 1306 1810 quod
1325 1706 1484 1809 predicti
1511 1735 1656 1785 errores
1679 1711 1718 1784 in

304 1836 435 1913 ordine
454 1837 712 1923 servabantur,
732 1852 872 1912 etcum
890 1836 937 1912 de
955 1837 1028 1912 hoc
1045 1836 1267 1940 loqueretur
1284 1834 1354 1909 alia
1371 1836 1465 1925 vice,
1488 1836 1589 1911 idem
1608 1835 1720 1912 frater

304 1967 592 2042 Bartholomeus
626 1965 718 2041 dixit
745 1966 779 2040 ei
805 1966 911 2071 quod
943 1995 1019 2043 non
1050 1965 1221 2041 crederet
1249 1964 1471 2070 supradicta.
1503 1966 1718 2070 Requisitus

306 2092 388 2180 ubi,
410 2096 581 2199 quande,
602 2094 773 2200 qualiter,
796 2125 817 2170 a
841 2123 916 2201 quo
938 2112 976 2171 et
993 2094 1133 2200 quibus
1153 2094 1389 2200 presentibus
1413 2096 1492 2200 ipse
1516 2094 1638 2171 fuerat
1660 2125 1720 2172 re-

306 2240 435 2326 ceptus
460 2223 499 2297 in
525 2222 673 2311 ordine,
695 2223 889 2326 respondit
911 2223 1016 2326 quod
1038 2223 1160 2298 suerat
1183 2240 1356 2327 receptus
1375 2225 1415 2299 in
1436 2198 1550 2299 domo
1570 2227 1717 2331 Templi

306 2347 353 2427 de
369 2352 575 2455 Dompuho
590 2350 838 2442 xantonensis
859 2350 1035 2437 diocesis,
1054 2350 1094 2425 in
1111 2349 1248 2453 capella
1271 2349 1368 2424 dicte
1388 2350 1539 2441 domus,
1559 2357 1719 2429 auctori-

305 2498 379 2559 tate
406 2479 528 2557 fratris
554 2482 593 2556 P.
617 2480 664 2555 de
686 2478 887 2557 Villaribus
915 2478 1142 2583 preceptoris
1168 2477 1340 2568 Pictavie,
1369 2506 1389 2551 a
1416 2478 1526 2554 fratre
1554 2482 1716 2586 Symone

306 2611 465 2698 Picardi,
485 2626 573 2687 sunt
590 2609 735 2684 circiter
752 2625 835 2684 octo
854 2607 952 2694 anni,
967 2606 1204 2710 presentibus
1221 2605 1397 2682 fratribus
1414 2606 1619 2685 Guillelmo
1635 2611 1720 2687 Ber-

304 2741 407 2845 gerio
437 2738 637 2815 Pictavensi
667 2736 848 2814 avunculo
874 2735 991 2842 ipsius
1018 2736 1139 2823 testis,
1167 2753 1203 2811 et
1222 2734 1399 2812 Arnaudo
1424 2739 1556 2823 Berzo,
1582 2739 1717 2816 Enrico

305 2869 509 2947 Guillelmo
535 2868 582 2945 de
607 2867 704 2947 Villa
727 2868 882 2946 Vinossa
908 2865 1172 2954 Xanctonensi,
1201 2881 1238 2941 et
1261 2864 1524 2943 Bartholomeo
1549 2867 1714 2956 Merloti,

305 3000 371 3104 qui
399 2999 577 3075 obierunt
604 3024 750 3088 omnes,
778 2996 940 3101 exceptis
970 2994 1147 3071 fratribus
1175 2993 1439 3072 Bartholomeo
1474 3010 1512 3071 et
1539 2995 1716 3073 Amaudo
1745 3024 1751 3030 ·

305 3128 493 3231 predictis.
514 3127 603 3203 Fuit
626 3144 753 3203 autem
778 3140 964 3231 receptus,
986 3141 1030 3201 ut
1054 3124 1162 3215 dixit,
1183 3124 1223 3199 in
1247 3125 1349 3200 hunc
1371 3124 1541 3202 modum.

362 3255 502 3343 Primo,
519 3257 715 3363 pecierunt
733 3256 780 3332 ab
801 3283 847 3333 eo
865 3254 969 3362 quod
987 3254 1150 3332 lacerent
1167 3255 1303 3331 intrare
1324 3255 1512 3360 quandam
1532 3284 1716 3334 cameram

306 3386 544 3492 continguam
569 3385 708 3493 capelle
732 3386 915 3493 predicte,
943 3386 982 3461 in
1009 3412 1083 3493 qua
1106 3412 1251 3461 camera
1275 3382 1510 3461 recluserunt
1533 3409 1620 3459 eum
1645 3385 1716 3459 sub

305 3515 419 3605 clave,
434 3532 472 3592 et
482 3516 706 3616 dictumfuit
724 3517 794 3594 sibi
812 3517 842 3593 si
859 3515 1008 3593 volebat
1022 3541 1101 3592 esse
1116 3542 1243 3591 servus
1254 3531 1291 3590 et
1302 3513 1441 3590 sclavus
1459 3512 1595 3589 domus
1611 3513 1718 3586 Tem-

304 3643 375 3750 pli,
396 3662 434 3721 et
455 3674 540 3722 cum
564 3647 818 3751 respondisset
835 3646 941 3752 quod
963 3645 1032 3733 sic,
1053 3643 1222 3722 lecerunt
1246 3670 1334 3719 eum
1357 3643 1483 3719 venire
1509 3642 1557 3718 ad
1581 3641 1718 3717 dictam

303 3771 501 3879 capellam,
523 3792 562 3851 et
584 3805 671 3852 cum
696 3792 793 3853 esset
815 3775 957 3852 ibidem
982 3801 1106 3851 coram
1131 3775 1202 3861 eis,
1224 3773 1355 3849 iterato
1378 3772 1573 3877 pecieramt
1596 3771 1642 3846 ab
1672 3796 1716 3846 eo

306 3902 338 3994 si
361 3899 508 3976 volebat
531 3929 611 3978 esse
636 3930 763 3980 servus
788 3903 951 3980 e'sclavus
969 3902 1136 4009 Templi3
1158 3929 1234 4006 quo
1254 3901 1504 4007 respondente
1521 3899 1715 4005 ‘quod‘sic‚

306 4029 399 4106 dixit
418 4029 452 4105 ei
470 4030 660 4136 predictus
678 4030 799 4144 fnit&
810 4031 951 4138 Symon
970 4031 1074 4136 quod
1093 4030 1288 4136 oportebat
1299 4057 1395 4106 eum
1415 4045 1561 4105 mutare
1581 4045 1718 4105 statum

305 4187 434 4252 suum,
448 4176 486 4237 et
501 4159 595 4236 velle
613 4189 727 4237 suum
742 4188 811 4265 pro
829 4160 951 4237 alieno
969 4159 1174 4244 dimittere,
1186 4175 1225 4235 et
1241 4185 1321 4235 esse
1338 4158 1535 4235 subditum
1553 4156 1719 4234 inferiori

307 4313 345 4363 se
360 4287 599 4394 quandoque,
612 4305 650 4366 et
664 4289 805 4367 esurire
819 4288 971 4395 quando
985 4287 1099 4365 vellet
1112 4287 1322 4377 comedere,
1337 4304 1375 4364 et
1388 4284 1552 4392 vigillare
1567 4285 1719 4392 quando

305 4416 416 4495 vellet
440 4418 620 4507 dormire,
643 4436 681 4496 et
704 4416 875 4496 lecerunt
899 4446 987 4496 eum
1005 4418 1134 4525 jurare
1151 4445 1272 4523 wsuper
1294 4416 1442 4506 misale,
1462 4415 1568 4521 quod
1591 4414 1720 4493 misale

307 4543 428 4621 stabat
450 4548 498 4622 ad
521 4565 674 4637 terram,
695 4565 739 4625 ut
763 4549 872 4638 dixit,
895 4565 933 4625 et
959 4563 1037 4625 erat
1055 4574 1169 4653 super
1188 4573 1277 4623 eum
1300 4545 1464 4652 quedam
1484 4572 1574 4621 crux
1592 4571 1722 4651 argen-

304 4690 380 4761 tea,
401 4675 507 4781 quod
530 4695 626 4754 esset
650 4677 831 4756 obediens
855 4675 1114 4783 'superioribus
1138 4675 1231 4767 suis,
1253 4693 1291 4753 et
1314 4692 1453 4754 secreta
1469 4672 1620 4780 Templi
1644 4700 1722 4752 non

305 4802 514 4894 revelleret,
537 4823 575 4882 et
597 4806 701 4914 quod
724 4835 800 4885 non
825 4809 1021 4891 interesset
1039 4807 1078 4884 in
1102 4806 1185 4885 loco
1204 4803 1271 4885 ubi
1290 4805 1405 4883 homo
1426 4803 1723 4884 exheredaretur

401 4937 506 5002 rrocirs
527 4961 579 5004 nus
600 4962 845 5006 rauracius—1.
1534 4941 1574 5006 34
