<?xml version="1.0" encoding="UTF-8"?>
<!DOCTYPE html PUBLIC "-//W3C//DTD XHTML 1.0 Transitional//EN"
    "http://www.w3.org/TR/xhtml1/DTD/xhtml1-transitional.dtd">
<html xmlns="http://www.w3.org/1999/xhtml" xml:lang="en" lang="en">
 <head>
  <title>
</title>
<meta http-equiv="Content-Type" content="text/html;charset=utf-8" />
  <meta name='ocr-system' content='tesseract 3.04.00' />
  <meta name='ocr-capabilities' content='ocr_page ocr_carea ocr_par ocr_line ocrx_word'/>
</head>
<body>
  <div class='ocr_page' id='page_1' title='image "./procsdestemplie02defegoog_0066.png"; bbox 0 0 4148 6052; ppageno 0'>
   <div class='ocr_carea' id='block_1_1' title="bbox 320 506 1790 4938">
    <p class='ocr_par' dir='ltr' id='par_1_1' title="bbox 325 506 1356 599">
     <span class='ocr_line' id='line_1_1' title="bbox 325 506 1356 599; baseline -0.009 0"><span class='ocrx_word' id='word_1_1' title='bbox 325 529 372 599; x_wconf 78' lang='lat' dir='ltr'><strong>rs</strong></span> <span class='ocrx_word' id='word_1_2' title='bbox 625 576 633 587; x_wconf 93' lang='lat'><strong>.</strong></span> <span class='ocrx_word' id='word_1_3' title='bbox 710 506 907 598; x_wconf 73' lang='lat' dir='ltr'><strong>esoces</strong></span> <span class='ocrx_word' id='word_1_4' title='bbox 932 523 1027 594; x_wconf 82' lang='lat' dir='ltr'><strong>nus</strong></span> <span class='ocrx_word' id='word_1_5' title='bbox 1051 519 1356 594; x_wconf 71' lang='lat' dir='ltr'><strong>retinemus.</strong></span> 
     </span>
    </p>

    <p class='ocr_par' dir='ltr' id='par_1_2' title="bbox 320 654 1790 4938">
     <span class='ocr_line' id='line_1_2' title="bbox 321 654 1757 773; baseline -0.003 -32"><span class='ocrx_word' id='word_1_6' title='bbox 321 667 414 773; x_wconf 87' lang='lat' dir='ltr'><strong>guli,</strong></span> <span class='ocrx_word' id='word_1_7' title='bbox 437 695 553 773; x_wconf 87' lang='lat' dir='ltr'><strong>quarn</strong></span> <span class='ocrx_word' id='word_1_8' title='bbox 566 665 673 771; x_wconf 89' lang='lat' dir='ltr'><strong>prius</strong></span> <span class='ocrx_word' id='word_1_9' title='bbox 691 663 850 741; x_wconf 89' lang='lat' dir='ltr'><strong>comode</strong></span> <span class='ocrx_word' id='word_1_10' title='bbox 865 662 1039 768; x_wconf 85' lang='lat' dir='ltr'><strong>possetis,</strong></span> <span class='ocrx_word' id='word_1_11' title='bbox 1053 659 1221 737; x_wconf 86' lang='lat' dir='ltr'><strong>laceretis</strong></span> <span class='ocrx_word' id='word_1_12' title='bbox 1239 656 1405 764; x_wconf 78' lang='lat' dir='ltr'>predicte</span> <span class='ocrx_word' id='word_1_13' title='bbox 1419 654 1607 735; x_wconf 68' lang='lat' dir='ltr'><strong>citationis</strong></span> <span class='ocrx_word' id='word_1_14' title='bbox 1620 680 1757 745; x_wconf 75' lang='lat' dir='ltr'><strong>nostre</strong></span> 
     </span>
     <span class='ocr_line' id='line_1_3' title="bbox 322 782 1754 903; baseline 0 -30"><span class='ocrx_word' id='word_1_15' title='bbox 322 797 506 887; x_wconf 87' lang='lat' dir='ltr'><strong>edictum,</strong></span> <span class='ocrx_word' id='word_1_16' title='bbox 529 822 618 872; x_wconf 89' lang='lat' dir='ltr'><strong>cnm</strong></span> <span class='ocrx_word' id='word_1_17' title='bbox 636 794 767 872; x_wconf 89' lang='lat' dir='ltr'><strong>advos</strong></span> <span class='ocrx_word' id='word_1_18' title='bbox 785 793 1030 900; x_wconf 86' lang='lat' dir='ltr'><strong>pervenisset,</strong></span> <span class='ocrx_word' id='word_1_19' title='bbox 1049 788 1200 896; x_wconf 91' lang='lat' dir='ltr'><strong>publice</strong></span> <span class='ocrx_word' id='word_1_20' title='bbox 1221 817 1262 864; x_wconf 90' lang='lat' dir='ltr'><strong>ac</strong></span> <span class='ocrx_word' id='word_1_21' title='bbox 1280 782 1526 893; x_wconf 81' lang='lat' dir='ltr'><strong>solempniter</strong></span> <span class='ocrx_word' id='word_1_22' title='bbox 1542 788 1631 869; x_wconf 85' lang='lat' dir='ltr'><strong>fieri</strong></span> <span class='ocrx_word' id='word_1_23' title='bbox 1655 793 1754 903; x_wconf 87' lang='lat' dir='ltr'><strong>legi,</strong></span> 
     </span>
     <span class='ocr_line' id='line_1_4' title="bbox 320 916 1753 1031; baseline -0.003 -29"><span class='ocrx_word' id='word_1_24' title='bbox 320 927 469 1005; x_wconf 90' lang='lat' dir='ltr'><strong>recitari</strong></span> <span class='ocrx_word' id='word_1_25' title='bbox 493 954 535 1002; x_wconf 89' lang='lat' dir='ltr'><strong>ac</strong></span> <span class='ocrx_word' id='word_1_26' title='bbox 557 924 743 1031; x_wconf 88' lang='lat' dir='ltr'><strong>publicari</strong></span> <span class='ocrx_word' id='word_1_27' title='bbox 764 923 864 1002; x_wconf 91' lang='lat' dir='ltr'><strong>clero</strong></span> <span class='ocrx_word' id='word_1_28' title='bbox 877 979 879 983; x_wconf 92' lang='lat'>-</span> <span class='ocrx_word' id='word_1_29' title='bbox 894 940 932 1000; x_wconf 91' lang='lat' dir='ltr'><strong>et</strong></span> <span class='ocrx_word' id='word_1_30' title='bbox 955 920 1118 1029; x_wconf 89' lang='lat' dir='ltr'><strong>populo,</strong></span> <span class='ocrx_word' id='word_1_31' title='bbox 1143 920 1185 996; x_wconf 91' lang='lat' dir='ltr'><strong>in</strong></span> <span class='ocrx_word' id='word_1_32' title='bbox 1212 916 1506 1011; x_wconf 78' lang='lat' dir='ltr'><strong>cathedralibus,</strong></span> <span class='ocrx_word' id='word_1_33' title='bbox 1537 937 1579 999; x_wconf 91' lang='lat' dir='ltr'><strong>et</strong></span> <span class='ocrx_word' id='word_1_34' title='bbox 1602 927 1753 1031; x_wconf 73' lang='lat' dir='ltr'><strong>magnis</strong></span> 
     </span>
     <span class='ocr_line' id='line_1_5' title="bbox 323 1049 1752 1165; baseline -0.001 -29"><span class='ocrx_word' id='word_1_35' title='bbox 323 1057 525 1165; x_wconf 80' lang='lat' dir='ltr'><strong>collegiatis</strong></span> <span class='ocrx_word' id='word_1_36' title='bbox 538 1055 717 1147; x_wconf 88' lang='lat' dir='ltr'><strong>ecclesiis,</strong></span> <span class='ocrx_word' id='word_1_37' title='bbox 732 1072 770 1131; x_wconf 88' lang='lat' dir='ltr'><strong>et</strong></span> <span class='ocrx_word' id='word_1_38' title='bbox 781 1053 892 1131; x_wconf 88' lang='lat' dir='ltr'><strong>scolis</strong></span> <span class='ocrx_word' id='word_1_39' title='bbox 904 1052 973 1131; x_wconf 90' lang='lat' dir='ltr'><strong>ubi</strong></span> <span class='ocrx_word' id='word_1_40' title='bbox 985 1068 1043 1130; x_wconf 91' lang='lat' dir='ltr'><strong>est</strong></span> <span class='ocrx_word' id='word_1_41' title='bbox 1054 1051 1224 1129; x_wconf 90' lang='lat' dir='ltr'><strong>studium</strong></span> <span class='ocrx_word' id='word_1_42' title='bbox 1237 1049 1427 1157; x_wconf 89' lang='lat' dir='ltr'><strong>generale,</strong></span> <span class='ocrx_word' id='word_1_43' title='bbox 1439 1069 1479 1129; x_wconf 88' lang='lat' dir='ltr'><strong>et</strong></span> <span class='ocrx_word' id='word_1_44' title='bbox 1490 1051 1533 1129; x_wconf 89' lang='lat' dir='ltr'><strong>in</strong></span> <span class='ocrx_word' id='word_1_45' title='bbox 1545 1052 1656 1133; x_wconf 89' lang='lat' dir='ltr'><strong>curiis</strong></span> <span class='ocrx_word' id='word_1_46' title='bbox 1667 1055 1752 1139; x_wconf 88' lang='lat' dir='ltr'><strong>offi-</strong></span> 
     </span>
     <span class='ocr_line' id='line_1_6' title="bbox 323 1180 1752 1291; baseline -0.003 -26"><span class='ocrx_word' id='word_1_47' title='bbox 323 1189 475 1266; x_wconf 91' lang='lat' dir='ltr'><strong>cialium</strong></span> <span class='ocrx_word' id='word_1_48' title='bbox 499 1204 726 1278; x_wconf 87' lang='lat' dir='ltr'><strong>vestrorum,</strong></span> <span class='ocrx_word' id='word_1_49' title='bbox 747 1185 938 1263; x_wconf 89' lang='lat' dir='ltr'><strong>civitatum</strong></span> <span class='ocrx_word' id='word_1_50' title='bbox 964 1196 1004 1261; x_wconf 92' lang='lat' dir='ltr'><strong>et</strong></span> <span class='ocrx_word' id='word_1_51' title='bbox 1021 1180 1230 1260; x_wconf 91' lang='lat' dir='ltr'><strong>diocesium</strong></span> <span class='ocrx_word' id='word_1_52' title='bbox 1248 1197 1472 1274; x_wconf 88' lang='lat' dir='ltr'><strong>vestrarum,</strong></span> <span class='ocrx_word' id='word_1_53' title='bbox 1492 1198 1533 1259; x_wconf 90' lang='lat' dir='ltr'><strong>et</strong></span> <span class='ocrx_word' id='word_1_54' title='bbox 1553 1182 1593 1259; x_wconf 92' lang='lat' dir='ltr'><strong>in</strong></span> <span class='ocrx_word' id='word_1_55' title='bbox 1605 1183 1752 1291; x_wconf 86' lang='lat' dir='ltr'><strong>princi·</strong></span> 
     </span>
     <span class='ocr_line' id='line_1_7' title="bbox 322 1310 1751 1424; baseline 0 -30"><span class='ocrx_word' id='word_1_56' title='bbox 322 1317 470 1424; x_wconf 91' lang='lat' dir='ltr'><strong>palibus</strong></span> <span class='ocrx_word' id='word_1_57' title='bbox 487 1316 665 1394; x_wconf 89' lang='lat' dir='ltr'><strong>domibus</strong></span> <span class='ocrx_word' id='word_1_58' title='bbox 680 1315 853 1422; x_wconf 89' lang='lat' dir='ltr'><strong>ejusdem</strong></span> <span class='ocrx_word' id='word_1_59' title='bbox 879 1311 1022 1391; x_wconf 87' lang='lat' dir='ltr'><strong>ordinis</strong></span> <span class='ocrx_word' id='word_1_60' title='bbox 1040 1313 1079 1390; x_wconf 91' lang='lat' dir='ltr'><strong>in</strong></span> <span class='ocrx_word' id='word_1_61' title='bbox 1101 1311 1209 1390; x_wconf 87' lang='lat' dir='ltr'><strong>dictis</strong></span> <span class='ocrx_word' id='word_1_62' title='bbox 1226 1310 1357 1388; x_wconf 90' lang='lat' dir='ltr'><strong>vestris</strong></span> <span class='ocrx_word' id='word_1_63' title='bbox 1380 1310 1590 1391; x_wconf 89' lang='lat' dir='ltr'><strong>civitatibus</strong></span> <span class='ocrx_word' id='word_1_64' title='bbox 1607 1330 1647 1392; x_wconf 76' lang='lat' dir='ltr'><strong>tt</strong></span> <span class='ocrx_word' id='word_1_65' title='bbox 1664 1314 1751 1395; x_wconf 83' lang='lat' dir='ltr'><strong>dio·</strong></span> 
     </span>
     <span class='ocr_line' id='line_1_8' title="bbox 322 1439 1750 1553; baseline 0.001 -31"><span class='ocrx_word' id='word_1_66' title='bbox 322 1447 470 1524; x_wconf 87' lang='lat' dir='ltr'><strong>cesibus</strong></span> <span class='ocrx_word' id='word_1_67' title='bbox 489 1445 715 1537; x_wconf 87' lang='lat' dir='ltr'><strong>constitutis,</strong></span> <span class='ocrx_word' id='word_1_68' title='bbox 740 1473 782 1520; x_wconf 89' lang='lat' dir='ltr'><strong>ac</strong></span> <span class='ocrx_word' id='word_1_69' title='bbox 805 1444 845 1520; x_wconf 93' lang='lat' dir='ltr'><strong>in</strong></span> <span class='ocrx_word' id='word_1_70' title='bbox 864 1443 956 1520; x_wconf 91' lang='lat' dir='ltr'><strong>locis</strong></span> <span class='ocrx_word' id='word_1_71' title='bbox 976 1442 1014 1517; x_wconf 90' lang='lat' dir='ltr'><strong>in</strong></span> <span class='ocrx_word' id='word_1_72' title='bbox 1039 1440 1178 1549; x_wconf 91' lang='lat' dir='ltr'><strong>quibus</strong></span> <span class='ocrx_word' id='word_1_73' title='bbox 1196 1440 1328 1518; x_wconf 87' lang='lat' dir='ltr'><strong>fratres</strong></span> <span class='ocrx_word' id='word_1_74' title='bbox 1352 1439 1472 1548; x_wconf 91' lang='lat' dir='ltr'><strong>ipsius</strong></span> <span class='ocrx_word' id='word_1_75' title='bbox 1490 1441 1634 1521; x_wconf 84' lang='lat' dir='ltr'><strong>ordinis</strong></span> <span class='ocrx_word' id='word_1_76' title='bbox 1652 1448 1750 1553; x_wconf 86' lang='lat' dir='ltr'><strong>capti</strong></span> 
     </span>
     <span class='ocr_line' id='line_1_9' title="bbox 321 1570 1751 1679; baseline 0.001 -27"><span class='ocrx_word' id='word_1_77' title='bbox 321 1575 559 1666; x_wconf 91' lang='lat' dir='ltr'><strong>tenebantur,</strong></span> <span class='ocrx_word' id='word_1_78' title='bbox 576 1575 616 1651; x_wconf 92' lang='lat' dir='ltr'><strong>in</strong></span> <span class='ocrx_word' id='word_1_79' title='bbox 636 1574 689 1650; x_wconf 93' lang='lat' dir='ltr'><strong>eis</strong></span> <span class='ocrx_word' id='word_1_80' title='bbox 703 1590 817 1679; x_wconf 91' lang='lat' dir='ltr'><strong>prout</strong></span> <span class='ocrx_word' id='word_1_81' title='bbox 831 1574 902 1651; x_wconf 93' lang='lat' dir='ltr'><strong>hec</strong></span> <span class='ocrx_word' id='word_1_82' title='bbox 922 1589 961 1650; x_wconf 91' lang='lat' dir='ltr'><strong>et</strong></span> <span class='ocrx_word' id='word_1_83' title='bbox 974 1571 1044 1649; x_wconf 91' lang='lat' dir='ltr'><strong>alia</strong></span> <span class='ocrx_word' id='word_1_84' title='bbox 1062 1573 1102 1649; x_wconf 92' lang='lat' dir='ltr'><strong>in</strong></span> <span class='ocrx_word' id='word_1_85' title='bbox 1116 1572 1254 1649; x_wconf 91' lang='lat' dir='ltr'><strong>nostris</strong></span> <span class='ocrx_word' id='word_1_86' title='bbox 1266 1570 1402 1648; x_wconf 86' lang='lat' dir='ltr'><strong>litteris</strong></span> <span class='ocrx_word' id='word_1_87' title='bbox 1419 1601 1513 1679; x_wconf 90' lang='lat' dir='ltr'><strong>quas</strong></span> <span class='ocrx_word' id='word_1_88' title='bbox 1532 1573 1639 1657; x_wconf 88' lang='lat' dir='ltr'><strong>vobis</strong></span> <span class='ocrx_word' id='word_1_89' title='bbox 1656 1593 1751 1655; x_wconf 86' lang='lat' dir='ltr'><strong>tune</strong></span> 
     </span>
     <span class='ocr_line' id='line_1_10' title="bbox 323 1702 1747 1814; baseline -0.001 -32"><span class='ocrx_word' id='word_1_90' title='bbox 323 1734 437 1813; x_wconf 88' lang='lat' dir='ltr'><strong>super</strong></span> <span class='ocrx_word' id='word_1_91' title='bbox 467 1706 541 1783; x_wconf 88' lang='lat' dir='ltr'><strong>hiis</strong></span> <span class='ocrx_word' id='word_1_92' title='bbox 568 1703 873 1812; x_wconf 65' lang='lat' dir='ltr'><strong>[destinavimus]</strong></span> <span class='ocrx_word' id='word_1_93' title='bbox 899 1703 1048 1810; x_wconf 86' lang='lat' dir='ltr'><strong>plenius</strong></span> <span class='ocrx_word' id='word_1_94' title='bbox 1076 1703 1327 1782; x_wconf 86' lang='lat' dir='ltr'><strong>continentur.</strong></span> <span class='ocrx_word' id='word_1_95' title='bbox 1347 1702 1491 1782; x_wconf 89' lang='lat' dir='ltr'><strong>Verum</strong></span> <span class='ocrx_word' id='word_1_96' title='bbox 1518 1731 1608 1781; x_wconf 90' lang='lat' dir='ltr'><strong>cum</strong></span> <span class='ocrx_word' id='word_1_97' title='bbox 1632 1734 1747 1814; x_wconf 86' lang='lat' dir='ltr'><strong>quam</strong></span> 
     </span>
     <span class='ocr_line' id='line_1_11' title="bbox 323 1831 1748 1942; baseline 0.003 -31"><span class='ocrx_word' id='word_1_98' title='bbox 323 1837 450 1942; x_wconf 91' lang='lat' dir='ltr'><strong>plures</strong></span> <span class='ocrx_word' id='word_1_99' title='bbox 475 1865 519 1914; x_wconf 84' lang='lat' dir='ltr'><strong>ex</strong></span> <span class='ocrx_word' id='word_1_100' title='bbox 539 1835 645 1913; x_wconf 92' lang='lat' dir='ltr'><strong>vobis</strong></span> <span class='ocrx_word' id='word_1_101' title='bbox 671 1834 779 1912; x_wconf 91' lang='lat' dir='ltr'><strong>nullo</strong></span> <span class='ocrx_word' id='word_1_102' title='bbox 806 1835 939 1928; x_wconf 92' lang='lat' dir='ltr'><strong>modo,</strong></span> <span class='ocrx_word' id='word_1_103' title='bbox 962 1851 1000 1910; x_wconf 91' lang='lat' dir='ltr'><strong>et</strong></span> <span class='ocrx_word' id='word_1_104' title='bbox 1028 1832 1090 1910; x_wconf 89' lang='lat' dir='ltr'><strong>alii</strong></span> <span class='ocrx_word' id='word_1_105' title='bbox 1110 1831 1281 1911; x_wconf 88' lang='lat' dir='ltr'><strong>conlusse</strong></span> <span class='ocrx_word' id='word_1_106' title='bbox 1313 1849 1353 1910; x_wconf 86' lang='lat' dir='ltr'><strong>et</strong></span> <span class='ocrx_word' id='word_1_107' title='bbox 1369 1832 1497 1911; x_wconf 91' lang='lat' dir='ltr'><strong>minus</strong></span> <span class='ocrx_word' id='word_1_108' title='bbox 1512 1832 1640 1941; x_wconf 88' lang='lat' dir='ltr'><strong>plene,</strong></span> <span class='ocrx_word' id='word_1_109' title='bbox 1660 1836 1748 1915; x_wconf 89' lang='lat' dir='ltr'><strong>licet</strong></span> 
     </span>
     <span class='ocr_line' id='line_1_12' title="bbox 324 1962 1748 2074; baseline 0.003 -32"><span class='ocrx_word' id='word_1_110' title='bbox 324 1966 440 2074; x_wconf 89' lang='lat' dir='ltr'><strong>aliqui</strong></span> <span class='ocrx_word' id='word_1_111' title='bbox 460 1967 547 2044; x_wconf 88' lang='lat' dir='ltr'><strong>satis</strong></span> <span class='ocrx_word' id='word_1_112' title='bbox 565 1966 681 2058; x_wconf 88' lang='lat' dir='ltr'><strong>bene,</strong></span> <span class='ocrx_word' id='word_1_113' title='bbox 702 1964 811 2043; x_wconf 92' lang='lat' dir='ltr'><strong>nobis</strong></span> <span class='ocrx_word' id='word_1_114' title='bbox 828 1963 1091 2070; x_wconf 67' lang='lat' dir='ltr'><strong>rescripseritis</strong></span> <span class='ocrx_word' id='word_1_115' title='bbox 1110 1963 1158 2040; x_wconf 90' lang='lat' dir='ltr'><strong>de</strong></span> <span class='ocrx_word' id='word_1_116' title='bbox 1176 1962 1435 2069; x_wconf 88' lang='lat' dir='ltr'><strong>publieacione</strong></span> <span class='ocrx_word' id='word_1_117' title='bbox 1453 1963 1614 2069; x_wconf 87' lang='lat' dir='ltr'><strong>predicti</strong></span> <span class='ocrx_word' id='word_1_118' title='bbox 1630 1968 1748 2046; x_wconf 86' lang='lat' dir='ltr'><strong>nostri</strong></span> 
     </span>
     <span class='ocr_line' id='line_1_13' title="bbox 327 2092 1751 2202; baseline 0.001 -32"><span class='ocrx_word' id='word_1_119' title='bbox 327 2095 454 2183; x_wconf 90' lang='lat' dir='ltr'><strong>edicti,</strong></span> <span class='ocrx_word' id='word_1_120' title='bbox 477 2113 515 2172; x_wconf 89' lang='lat' dir='ltr'><strong>et</strong></span> <span class='ocrx_word' id='word_1_121' title='bbox 533 2094 706 2172; x_wconf 91' lang='lat' dir='ltr'><strong>nonnulli</strong></span> <span class='ocrx_word' id='word_1_122' title='bbox 726 2096 852 2173; x_wconf 90' lang='lat' dir='ltr'><strong>minus</strong></span> <span class='ocrx_word' id='word_1_123' title='bbox 873 2093 1106 2171; x_wconf 85' lang='lat' dir='ltr'><strong>advertentes</strong></span> <span class='ocrx_word' id='word_1_124' title='bbox 1123 2092 1284 2199; x_wconf 87' lang='lat' dir='ltr'><strong>qualiter</strong></span> <span class='ocrx_word' id='word_1_125' title='bbox 1308 2120 1379 2171; x_wconf 91' lang='lat' dir='ltr'><strong>nos</strong></span> <span class='ocrx_word' id='word_1_126' title='bbox 1401 2109 1528 2171; x_wconf 87' lang='lat' dir='ltr'><strong>eontra</strong></span> <span class='ocrx_word' id='word_1_127' title='bbox 1540 2094 1751 2202; x_wconf 82' lang='lat' dir='ltr'><strong>singulares</strong></span> 
     </span>
     <span class='ocr_line' id='line_1_14' title="bbox 324 2221 1752 2333; baseline 0.005 -33"><span class='ocrx_word' id='word_1_128' title='bbox 324 2223 456 2301; x_wconf 84' lang='lat' dir='ltr'><strong>fratres</strong></span> <span class='ocrx_word' id='word_1_129' title='bbox 482 2240 521 2300; x_wconf 89' lang='lat' dir='ltr'><strong>et</strong></span> <span class='ocrx_word' id='word_1_130' title='bbox 547 2251 725 2328; x_wconf 85' lang='lat' dir='ltr'><strong>personas</strong></span> <span class='ocrx_word' id='word_1_131' title='bbox 754 2224 843 2301; x_wconf 89' lang='lat' dir='ltr'><strong>dicti</strong></span> <span class='ocrx_word' id='word_1_132' title='bbox 866 2224 1024 2315; x_wconf 89' lang='lat' dir='ltr'><strong>ordinis,</strong></span> <span class='ocrx_word' id='word_1_133' title='bbox 1046 2240 1174 2302; x_wconf 88' lang='lat' dir='ltr'><strong>contra</strong></span> <span class='ocrx_word' id='word_1_134' title='bbox 1200 2251 1296 2330; x_wconf 90' lang='lat' dir='ltr'><strong>quos</strong></span> <span class='ocrx_word' id='word_1_135' title='bbox 1324 2249 1389 2301; x_wconf 91' lang='lat' dir='ltr'><strong>vos</strong></span> <span class='ocrx_word' id='word_1_136' title='bbox 1414 2221 1685 2333; x_wconf 81' lang='lat' dir='ltr'><strong>archiepiscopi</strong></span> <span class='ocrx_word' id='word_1_137' title='bbox 1713 2246 1752 2307; x_wconf 91' lang='lat' dir='ltr'><strong>et</strong></span> 
     </span>
     <span class='ocr_line' id='line_1_15' title="bbox 326 2351 1752 2462; baseline 0.005 -33"><span class='ocrx_word' id='word_1_138' title='bbox 326 2354 488 2462; x_wconf 88' lang='lat' dir='ltr'><strong>episcopi</strong></span> <span class='ocrx_word' id='word_1_139' title='bbox 512 2354 703 2460; x_wconf 88' lang='lat' dir='ltr'><strong>inquirere</strong></span> <span class='ocrx_word' id='word_1_140' title='bbox 729 2353 891 2441; x_wconf 87' lang='lat' dir='ltr'><strong>debetis,</strong></span> <span class='ocrx_word' id='word_1_141' title='bbox 911 2353 1128 2432; x_wconf 90' lang='lat' dir='ltr'><strong>nullatenus</strong></span> <span class='ocrx_word' id='word_1_142' title='bbox 1155 2354 1346 2460; x_wconf 89' lang='lat' dir='ltr'><strong>inquirere</strong></span> <span class='ocrx_word' id='word_1_143' title='bbox 1372 2351 1662 2441; x_wconf 80' lang='lat' dir='ltr'><strong>intendebamus</strong></span> <span class='ocrx_word' id='word_1_144' title='bbox 1678 2387 1752 2437; x_wconf 91' lang='lat' dir='ltr'><strong>uec</strong></span> 
     </span>
     <span class='ocr_line' id='line_1_16' title="bbox 324 2480 1749 2591; baseline 0.001 -29"><span class='ocrx_word' id='word_1_145' title='bbox 324 2501 556 2590; x_wconf 85' lang='lat' dir='ltr'><strong>poteramus,</strong></span> <span class='ocrx_word' id='word_1_146' title='bbox 567 2484 672 2591; x_wconf 82' lang='lat' dir='ltr'><strong>juxta</strong></span> <span class='ocrx_word' id='word_1_147' title='bbox 691 2482 851 2562; x_wconf 89' lang='lat' dir='ltr'><strong>sormam</strong></span> <span class='ocrx_word' id='word_1_148' title='bbox 868 2483 1141 2563; x_wconf 91' lang='lat' dir='ltr'><strong>commissionis</strong></span> <span class='ocrx_word' id='word_1_149' title='bbox 1159 2482 1270 2561; x_wconf 92' lang='lat' dir='ltr'><strong>nobis</strong></span> <span class='ocrx_word' id='word_1_150' title='bbox 1287 2482 1399 2573; x_wconf 81' lang='lat' dir='ltr'><strong>facte,</strong></span> <span class='ocrx_word' id='word_1_151' title='bbox 1416 2480 1483 2561; x_wconf 88' lang='lat' dir='ltr'><strong>sed</strong></span> <span class='ocrx_word' id='word_1_152' title='bbox 1499 2498 1626 2559; x_wconf 89' lang='lat' dir='ltr'><strong>contra</strong></span> <span class='ocrx_word' id='word_1_153' title='bbox 1643 2487 1749 2563; x_wconf 90' lang='lat' dir='ltr'><strong>ordi-</strong></span> 
     </span>
     <span class='ocr_line' id='line_1_17' title="bbox 324 2609 1749 2721; baseline 0.003 -31"><span class='ocrx_word' id='word_1_154' title='bbox 324 2641 429 2707; x_wconf 87' lang='lat' dir='ltr'><strong>nem,</strong></span> <span class='ocrx_word' id='word_1_155' title='bbox 445 2632 490 2690; x_wconf 90' lang='lat' dir='ltr'><strong>ut</strong></span> <span class='ocrx_word' id='word_1_156' title='bbox 510 2631 567 2691; x_wconf 88' lang='lat' dir='ltr'><strong>ost</strong></span> <span class='ocrx_word' id='word_1_157' title='bbox 587 2614 747 2705; x_wconf 90' lang='lat' dir='ltr'><strong>dietum,</strong></span> <span class='ocrx_word' id='word_1_158' title='bbox 764 2614 989 2690; x_wconf 82' lang='lat' dir='ltr'><strong>intellexisse</strong></span> <span class='ocrx_word' id='word_1_159' title='bbox 1010 2613 1163 2690; x_wconf 83' lang='lat' dir='ltr'><strong>forsitan</strong></span> <span class='ocrx_word' id='word_1_160' title='bbox 1182 2612 1390 2705; x_wconf 89' lang='lat' dir='ltr'><strong>videantur,</strong></span> <span class='ocrx_word' id='word_1_161' title='bbox 1410 2609 1513 2721; x_wconf 90' lang='lat' dir='ltr'><strong>quod</strong></span> <span class='ocrx_word' id='word_1_162' title='bbox 1528 2637 1597 2689; x_wconf 92' lang='lat' dir='ltr'><strong>nos</strong></span> <span class='ocrx_word' id='word_1_163' title='bbox 1616 2632 1749 2695; x_wconf 89' lang='lat' dir='ltr'><strong>contra</strong></span> 
     </span>
     <span class='ocr_line' id='line_1_18' title="bbox 325 2740 1747 2851; baseline 0.004 -33"><span class='ocrx_word' id='word_1_164' title='bbox 325 2742 531 2848; x_wconf 86' lang='lat' dir='ltr'><strong>singulares</strong></span> <span class='ocrx_word' id='word_1_165' title='bbox 557 2769 735 2847; x_wconf 90' lang='lat' dir='ltr'><strong>personas</strong></span> <span class='ocrx_word' id='word_1_166' title='bbox 759 2759 798 2817; x_wconf 90' lang='lat' dir='ltr'><strong>et</strong></span> <span class='ocrx_word' id='word_1_167' title='bbox 820 2741 952 2819; x_wconf 82' lang='lat' dir='ltr'><strong>fratres</strong></span> <span class='ocrx_word' id='word_1_168' title='bbox 975 2741 1163 2848; x_wconf 90' lang='lat' dir='ltr'><strong>predictos</strong></span> <span class='ocrx_word' id='word_1_169' title='bbox 1183 2743 1371 2851; x_wconf 90' lang='lat' dir='ltr'><strong>inquirere</strong></span> <span class='ocrx_word' id='word_1_170' title='bbox 1395 2740 1671 2822; x_wconf 85' lang='lat' dir='ltr'><strong>intenderemus</strong></span> <span class='ocrx_word' id='word_1_171' title='bbox 1694 2746 1747 2824; x_wconf 89' lang='lat' dir='ltr'><strong>de</strong></span> 
     </span>
     <span class='ocr_line' id='line_1_19' title="bbox 326 2868 1750 2980; baseline 0.007 -36"><span class='ocrx_word' id='word_1_172' title='bbox 326 2868 430 2945; x_wconf 88' lang='lat' dir='ltr'><strong>lactis</strong></span> <span class='ocrx_word' id='word_1_173' title='bbox 448 2869 699 2975; x_wconf 89' lang='lat' dir='ltr'><strong>singularibus</strong></span> <span class='ocrx_word' id='word_1_174' title='bbox 719 2871 959 2966; x_wconf 88' lang='lat' dir='ltr'><strong>eorumdem,</strong></span> <span class='ocrx_word' id='word_1_175' title='bbox 977 2888 1016 2949; x_wconf 92' lang='lat' dir='ltr'><strong>et</strong></span> <span class='ocrx_word' id='word_1_176' title='bbox 1034 2872 1139 2980; x_wconf 91' lang='lat' dir='ltr'><strong>quod</strong></span> <span class='ocrx_word' id='word_1_177' title='bbox 1165 2873 1214 2950; x_wconf 91' lang='lat' dir='ltr'><strong>ad</strong></span> <span class='ocrx_word' id='word_1_178' title='bbox 1236 2901 1306 2953; x_wconf 90' lang='lat' dir='ltr'><strong>nos</strong></span> <span class='ocrx_word' id='word_1_179' title='bbox 1322 2874 1451 2953; x_wconf 88' lang='lat' dir='ltr'><strong>venire</strong></span> <span class='ocrx_word' id='word_1_180' title='bbox 1468 2873 1672 2951; x_wconf 84' lang='lat' dir='ltr'><strong>necessario</strong></span> <span class='ocrx_word' id='word_1_181' title='bbox 1691 2892 1750 2954; x_wconf 89' lang='lat' dir='ltr'><strong>te-</strong></span> 
     </span>
     <span class='ocr_line' id='line_1_20' title="bbox 326 2998 1749 3108; baseline 0.007 -34"><span class='ocrx_word' id='word_1_182' title='bbox 326 3015 517 3089; x_wconf 88' lang='lat' dir='ltr'><strong>nerentur,</strong></span> <span class='ocrx_word' id='word_1_183' title='bbox 535 2998 640 3105; x_wconf 93' lang='lat' dir='ltr'><strong>quod</strong></span> <span class='ocrx_word' id='word_1_184' title='bbox 658 3029 896 3108; x_wconf 91' lang='lat' dir='ltr'><strong>nequaquam</strong></span> <span class='ocrx_word' id='word_1_185' title='bbox 915 3021 1040 3081; x_wconf 89' lang='lat' dir='ltr'><strong>nostre</strong></span> <span class='ocrx_word' id='word_1_186' title='bbox 1062 3003 1283 3081; x_wconf 78' lang='lat' dir='ltr'><strong>intensionis</strong></span> <span class='ocrx_word' id='word_1_187' title='bbox 1305 3006 1425 3084; x_wconf 85' lang='lat' dir='ltr'><strong>extitit</strong></span> <span class='ocrx_word' id='word_1_188' title='bbox 1442 3033 1513 3083; x_wconf 88' lang='lat' dir='ltr'><strong>nec</strong></span> <span class='ocrx_word' id='word_1_189' title='bbox 1527 3004 1662 3095; x_wconf 77' lang='lat' dir='ltr'><strong>existit,</strong></span> <span class='ocrx_word' id='word_1_190' title='bbox 1678 3007 1749 3084; x_wconf 90' lang='lat' dir='ltr'><strong>sed</strong></span> 
     </span>
     <span class='ocr_line' id='line_1_21' title="bbox 327 3127 1753 3241; baseline 0.008 -38"><span class='ocrx_word' id='word_1_191' title='bbox 327 3145 370 3204; x_wconf 90' lang='lat' dir='ltr'><strong>ut</strong></span> <span class='ocrx_word' id='word_1_192' title='bbox 389 3127 532 3216; x_wconf 92' lang='lat' dir='ltr'><strong>venire,</strong></span> <span class='ocrx_word' id='word_1_193' title='bbox 554 3129 584 3204; x_wconf 93' lang='lat' dir='ltr'><strong>si</strong></span> <span class='ocrx_word' id='word_1_194' title='bbox 608 3130 674 3237; x_wconf 91' lang='lat' dir='ltr'><strong>qui</strong></span> <span class='ocrx_word' id='word_1_195' title='bbox 696 3149 835 3221; x_wconf 89' lang='lat' dir='ltr'><strong>essent,</strong></span> <span class='ocrx_word' id='word_1_196' title='bbox 856 3133 923 3238; x_wconf 90' lang='lat' dir='ltr'><strong>qui</strong></span> <span class='ocrx_word' id='word_1_197' title='bbox 941 3132 1151 3211; x_wconf 86' lang='lat' dir='ltr'><strong>voluntarie</strong></span> <span class='ocrx_word' id='word_1_198' title='bbox 1169 3134 1310 3212; x_wconf 90' lang='lat' dir='ltr'><strong>vellent</strong></span> <span class='ocrx_word' id='word_1_199' title='bbox 1331 3163 1400 3241; x_wconf 87' lang='lat' dir='ltr'><strong>pro</strong></span> <span class='ocrx_word' id='word_1_200' title='bbox 1421 3135 1522 3213; x_wconf 91' lang='lat' dir='ltr'><strong>dicto</strong></span> <span class='ocrx_word' id='word_1_201' title='bbox 1539 3134 1672 3214; x_wconf 87' lang='lat' dir='ltr'><strong>ordine</strong></span> <span class='ocrx_word' id='word_1_202' title='bbox 1690 3164 1753 3215; x_wconf 88' lang='lat' dir='ltr'><strong>re·</strong></span> 
     </span>
     <span class='ocr_line' id='line_1_22' title="bbox 327 3256 1751 3373; baseline 0.008 -39"><span class='ocrx_word' id='word_1_203' title='bbox 327 3256 529 3363; x_wconf 91' lang='lat' dir='ltr'><strong>spondere,</strong></span> <span class='ocrx_word' id='word_1_204' title='bbox 552 3257 659 3365; x_wconf 82' lang='lat' dir='ltr'><strong>juxta</strong></span> <span class='ocrx_word' id='word_1_205' title='bbox 677 3259 836 3338; x_wconf 84' lang='lat' dir='ltr'><strong>sormam</strong></span> <span class='ocrx_word' id='word_1_206' title='bbox 855 3261 1065 3340; x_wconf 89' lang='lat' dir='ltr'><strong>litterarum</strong></span> <span class='ocrx_word' id='word_1_207' title='bbox 1090 3263 1378 3369; x_wconf 88' lang='lat' dir='ltr'><strong>apostolicarum</strong></span> <span class='ocrx_word' id='word_1_208' title='bbox 1402 3266 1512 3344; x_wconf 91' lang='lat' dir='ltr'><strong>nobis</strong></span> <span class='ocrx_word' id='word_1_209' title='bbox 1540 3295 1655 3373; x_wconf 89' lang='lat' dir='ltr'><strong>super</strong></span> <span class='ocrx_word' id='word_1_210' title='bbox 1678 3266 1751 3345; x_wconf 89' lang='lat' dir='ltr'><strong>hec</strong></span> 
     </span>
     <span class='ocr_line' id='line_1_23' title="bbox 327 3386 1749 3503; baseline 0.006 -38"><span class='ocrx_word' id='word_1_211' title='bbox 327 3386 553 3465; x_wconf 89' lang='lat' dir='ltr'><strong>directarum</strong></span> <span class='ocrx_word' id='word_1_212' title='bbox 566 3389 760 3478; x_wconf 79' lang='lat' dir='ltr'><strong>3-—adhuc</strong></span> <span class='ocrx_word' id='word_1_213' title='bbox 774 3421 819 3467; x_wconf 83' lang='lat' dir='ltr'><strong>ex</strong></span> <span class='ocrx_word' id='word_1_214' title='bbox 831 3391 1195 3498; x_wconf 88' lang='lat' dir='ltr'><strong>superhabundanti,</strong></span> <span class='ocrx_word' id='word_1_215' title='bbox 1213 3410 1251 3471; x_wconf 87' lang='lat' dir='ltr'><strong>et</strong></span> <span class='ocrx_word' id='word_1_216' title='bbox 1272 3411 1316 3472; x_wconf 93' lang='lat' dir='ltr'><strong>ut</strong></span> <span class='ocrx_word' id='word_1_217' title='bbox 1330 3396 1515 3474; x_wconf 90' lang='lat' dir='ltr'><strong>maturius</strong></span> <span class='ocrx_word' id='word_1_218' title='bbox 1527 3395 1749 3503; x_wconf 90' lang='lat' dir='ltr'><strong>procedere-</strong></span> 
     </span>
     <span class='ocr_line' id='line_1_24' title="bbox 327 3520 1748 3629; baseline 0.01 -39"><span class='ocrx_word' id='word_1_219' title='bbox 327 3543 428 3605; x_wconf 88' lang='lat' dir='ltr'><strong>mus,</strong></span> <span class='ocrx_word' id='word_1_220' title='bbox 444 3545 620 3596; x_wconf 86' lang='lat' dir='ltr'><strong>voeamus</strong></span> <span class='ocrx_word' id='word_1_221' title='bbox 634 3536 671 3596; x_wconf 90' lang='lat' dir='ltr'><strong>et</strong></span> <span class='ocrx_word' id='word_1_222' title='bbox 691 3520 848 3598; x_wconf 87' lang='lat' dir='ltr'><strong>citamus</strong></span> <span class='ocrx_word' id='word_1_223' title='bbox 863 3521 996 3600; x_wconf 89' lang='lat' dir='ltr'><strong>iterato</strong></span> <span class='ocrx_word' id='word_1_224' title='bbox 1019 3524 1287 3629; x_wconf 87' lang='lat' dir='ltr'><strong>peremptorie,</strong></span> <span class='ocrx_word' id='word_1_225' title='bbox 1309 3526 1526 3604; x_wconf 90' lang='lat' dir='ltr'><strong>auctoritate</strong></span> <span class='ocrx_word' id='word_1_226' title='bbox 1548 3524 1656 3604; x_wconf 91' lang='lat' dir='ltr'><strong>nobis</strong></span> <span class='ocrx_word' id='word_1_227' title='bbox 1664 3540 1748 3603; x_wconf 72' lang='lat' dir='ltr'><strong>tra·</strong></span> 
     </span>
     <span class='ocr_line' id='line_1_25' title="bbox 327 3644 1747 3763; baseline 0.007 -40"><span class='ocrx_word' id='word_1_228' title='bbox 327 3644 405 3723; x_wconf 91' lang='lat' dir='ltr'><strong>dite</strong></span> <span class='ocrx_word' id='word_1_229' title='bbox 427 3648 635 3752; x_wconf 82' lang='lat' dir='ltr'><strong>potestatis,</strong></span> <span class='ocrx_word' id='word_1_230' title='bbox 656 3678 725 3756; x_wconf 88' lang='lat' dir='ltr'><strong>per</strong></span> <span class='ocrx_word' id='word_1_231' title='bbox 746 3651 819 3728; x_wconf 92' lang='lat' dir='ltr'><strong>hoc</strong></span> <span class='ocrx_word' id='word_1_232' title='bbox 846 3652 1042 3758; x_wconf 89' lang='lat' dir='ltr'><strong>publicum</strong></span> <span class='ocrx_word' id='word_1_233' title='bbox 1062 3670 1188 3731; x_wconf 88' lang='lat' dir='ltr'><strong>nostre</strong></span> <span class='ocrx_word' id='word_1_234' title='bbox 1220 3654 1404 3734; x_wconf 90' lang='lat' dir='ltr'><strong>citationis</strong></span> <span class='ocrx_word' id='word_1_235' title='bbox 1424 3656 1606 3748; x_wconf 91' lang='lat' dir='ltr'><strong>edictum,</strong></span> <span class='ocrx_word' id='word_1_236' title='bbox 1625 3654 1747 3763; x_wconf 83' lang='lat' dir='ltr'><strong>prela·</strong></span> 
     </span>
     <span class='ocr_line' id='line_1_26' title="bbox 326 3776 1746 3885; baseline 0.011 -36"><span class='ocrx_word' id='word_1_237' title='bbox 326 3792 409 3853; x_wconf 93' lang='lat' dir='ltr'><strong>tum</strong></span> <span class='ocrx_word' id='word_1_238' title='bbox 425 3776 598 3853; x_wconf 88' lang='lat' dir='ltr'><strong>ordinem</strong></span> <span class='ocrx_word' id='word_1_239' title='bbox 614 3779 932 3885; x_wconf 84' lang='lat' dir='ltr'><strong>Templariorum,</strong></span> <span class='ocrx_word' id='word_1_240' title='bbox 948 3781 1077 3859; x_wconf 80' lang='lat' dir='ltr'><strong>fratres</strong></span> <span class='ocrx_word' id='word_1_241' title='bbox 1093 3782 1181 3859; x_wconf 91' lang='lat' dir='ltr'><strong>dicti</strong></span> <span class='ocrx_word' id='word_1_242' title='bbox 1197 3784 1339 3864; x_wconf 89' lang='lat' dir='ltr'><strong>ordinis</strong></span> <span class='ocrx_word' id='word_1_243' title='bbox 1348 3803 1387 3864; x_wconf 87' lang='lat' dir='ltr'><strong>et</strong></span> <span class='ocrx_word' id='word_1_244' title='bbox 1397 3814 1529 3865; x_wconf 88' lang='lat' dir='ltr'><strong>omnes</strong></span> <span class='ocrx_word' id='word_1_245' title='bbox 1542 3785 1746 3866; x_wconf 88' lang='lat' dir='ltr'><strong>evocandos</strong></span> 
     </span>
     <span class='ocr_line' id='line_1_27' title="bbox 325 3907 1790 4023; baseline 0.011 -41"><span class='ocrx_word' id='word_1_246' title='bbox 325 3933 490 4014; x_wconf 88' lang='lat' dir='ltr'><strong>quorum</strong></span> <span class='ocrx_word' id='word_1_247' title='bbox 516 3907 670 3985; x_wconf 90' lang='lat' dir='ltr'><strong>interest</strong></span> <span class='ocrx_word' id='word_1_248' title='bbox 697 3911 855 4002; x_wconf 87' lang='lat' dir='ltr'><strong>evocari,</strong></span> <span class='ocrx_word' id='word_1_249' title='bbox 876 3929 1062 4020; x_wconf 86' lang='lat' dir='ltr'><strong>quatenus</strong></span> <span class='ocrx_word' id='word_1_250' title='bbox 1089 3913 1210 4017; x_wconf 91' lang='lat' dir='ltr'><strong>prima</strong></span> <span class='ocrx_word' id='word_1_251' title='bbox 1229 3914 1289 3992; x_wconf 91' lang='lat' dir='ltr'><strong>die</strong></span> <span class='ocrx_word' id='word_1_252' title='bbox 1314 3916 1477 4023; x_wconf 88' lang='lat' dir='ltr'><strong>juridica</strong></span> <span class='ocrx_word' id='word_1_253' title='bbox 1500 3933 1587 4023; x_wconf 90' lang='lat' dir='ltr'><strong>post</strong></span> <span class='ocrx_word' id='word_1_254' title='bbox 1607 3917 1749 3997; x_wconf 84' lang='lat' dir='ltr'><strong>instans</strong></span> <span class='ocrx_word' id='word_1_255' title='bbox 1783 3962 1790 3975; x_wconf 81' lang='lat'><strong>·</strong></span> 
     </span>
     <span class='ocr_line' id='line_1_28' title="bbox 325 4034 1748 4153; baseline 0.009 -42"><span class='ocrx_word' id='word_1_256' title='bbox 325 4034 462 4113; x_wconf 87' lang='lat' dir='ltr'><strong>lestum</strong></span> <span class='ocrx_word' id='word_1_257' title='bbox 489 4038 767 4118; x_wconf 84' lang='lat' dir='ltr'><strong>Purificacionis</strong></span> <span class='ocrx_word' id='word_1_258' title='bbox 790 4039 898 4119; x_wconf 92' lang='lat' dir='ltr'><strong>beate</strong></span> <span class='ocrx_word' id='word_1_259' title='bbox 924 4042 1040 4122; x_wconf 85' lang='lat' dir='ltr'><strong>Mario</strong></span> <span class='ocrx_word' id='word_1_260' title='bbox 1064 4041 1225 4149; x_wconf 88' lang='lat' dir='ltr'><strong>Virginis</strong></span> <span class='ocrx_word' id='word_1_261' title='bbox 1252 4063 1490 4153; x_wconf 88' lang='lat' dir='ltr'><strong>compareant</strong></span> <span class='ocrx_word' id='word_1_262' title='bbox 1519 4044 1748 4125; x_wconf 89' lang='lat' dir='ltr'><strong>sufficienter</strong></span> 
     </span>
     <span class='ocr_line' id='line_1_29' title="bbox 327 4169 1746 4282; baseline 0.01 -43"><span class='ocrx_word' id='word_1_263' title='bbox 327 4190 452 4241; x_wconf 88' lang='lat' dir='ltr'><strong>coram</strong></span> <span class='ocrx_word' id='word_1_264' title='bbox 472 4169 581 4246; x_wconf 91' lang='lat' dir='ltr'><strong>nobis</strong></span> <span class='ocrx_word' id='word_1_265' title='bbox 596 4169 773 4263; x_wconf 89' lang='lat' dir='ltr'><strong>Parisius,</strong></span> <span class='ocrx_word' id='word_1_266' title='bbox 790 4172 830 4249; x_wconf 93' lang='lat' dir='ltr'><strong>in</strong></span> <span class='ocrx_word' id='word_1_267' title='bbox 850 4173 934 4251; x_wconf 90' lang='lat' dir='ltr'><strong>aula</strong></span> <span class='ocrx_word' id='word_1_268' title='bbox 955 4172 1169 4282; x_wconf 84' lang='lat' dir='ltr'><strong>episcopali,</strong></span> <span class='ocrx_word' id='word_1_269' title='bbox 1192 4175 1284 4255; x_wconf 88' lang='lat' dir='ltr'><strong>hora</strong></span> <span class='ocrx_word' id='word_1_270' title='bbox 1303 4176 1440 4282; x_wconf 89' lang='lat' dir='ltr'><strong>prime,</strong></span> <span class='ocrx_word' id='word_1_271' title='bbox 1461 4193 1507 4253; x_wconf 93' lang='lat' dir='ltr'><strong>ut</strong></span> <span class='ocrx_word' id='word_1_272' title='bbox 1526 4201 1636 4281; x_wconf 89' lang='lat' dir='ltr'><strong>super</strong></span> <span class='ocrx_word' id='word_1_273' title='bbox 1653 4201 1746 4253; x_wconf 89' lang='lat' dir='ltr'><strong>con-</strong></span> 
     </span>
     <span class='ocr_line' id='line_1_30' title="bbox 327 4289 1747 4414; baseline 0.011 -45"><span class='ocrx_word' id='word_1_274' title='bbox 327 4289 440 4370; x_wconf 89' lang='lat' dir='ltr'><strong>tentis</strong></span> <span class='ocrx_word' id='word_1_275' title='bbox 467 4294 504 4371; x_wconf 93' lang='lat' dir='ltr'><strong>in</strong></span> <span class='ocrx_word' id='word_1_276' title='bbox 537 4297 644 4375; x_wconf 91' lang='lat' dir='ltr'><strong>dictis</strong></span> <span class='ocrx_word' id='word_1_277' title='bbox 672 4300 805 4379; x_wconf 88' lang='lat' dir='ltr'><strong>litteris</strong></span> <span class='ocrx_word' id='word_1_278' title='bbox 825 4304 1035 4409; x_wconf 89' lang='lat' dir='ltr'><strong>apostolicis</strong></span> <span class='ocrx_word' id='word_1_279' title='bbox 1058 4321 1095 4383; x_wconf 91' lang='lat' dir='ltr'><strong>et</strong></span> <span class='ocrx_word' id='word_1_280' title='bbox 1119 4334 1162 4383; x_wconf 91' lang='lat' dir='ltr'><strong>ea</strong></span> <span class='ocrx_word' id='word_1_281' title='bbox 1193 4305 1447 4413; x_wconf 90' lang='lat' dir='ltr'><strong>tangentibus,</strong></span> <span class='ocrx_word' id='word_1_282' title='bbox 1467 4321 1582 4414; x_wconf 92' lang='lat' dir='ltr'><strong>prout</strong></span> <span class='ocrx_word' id='word_1_283' title='bbox 1598 4302 1747 4414; x_wconf 73' lang='lat' dir='ltr'><strong>iustum</strong></span> 
     </span>
     <span class='ocr_line' id='line_1_31' title="bbox 326 4420 1750 4544; baseline 0.013 -47"><span class='ocrx_word' id='word_1_284' title='bbox 326 4420 454 4515; x_wconf 89' lang='lat' dir='ltr'><strong>suerit,</strong></span> <span class='ocrx_word' id='word_1_285' title='bbox 468 4427 702 4533; x_wconf 85' lang='lat' dir='ltr'><strong>procedatur.</strong></span> <span class='ocrx_word' id='word_1_286' title='bbox 713 4430 890 4537; x_wconf 78' lang='lat' dir='ltr'><strong>Alioquin</strong></span> <span class='ocrx_word' id='word_1_287' title='bbox 907 4450 1052 4529; x_wconf 82' lang='lat' dir='ltr'><strong>extunc</strong></span> <span class='ocrx_word' id='word_1_288' title='bbox 1066 4433 1114 4511; x_wconf 91' lang='lat' dir='ltr'><strong>ad</strong></span> <span class='ocrx_word' id='word_1_289' title='bbox 1130 4451 1302 4513; x_wconf 88' lang='lat' dir='ltr'><strong>contenta</strong></span> <span class='ocrx_word' id='word_1_290' title='bbox 1323 4436 1360 4512; x_wconf 92' lang='lat' dir='ltr'><strong>in</strong></span> <span class='ocrx_word' id='word_1_291' title='bbox 1385 4437 1492 4516; x_wconf 91' lang='lat' dir='ltr'><strong>dictis</strong></span> <span class='ocrx_word' id='word_1_292' title='bbox 1510 4435 1645 4515; x_wconf 88' lang='lat' dir='ltr'><strong>litteris</strong></span> <span class='ocrx_word' id='word_1_293' title='bbox 1663 4464 1750 4544; x_wconf 89' lang='lat' dir='ltr'><strong>apo·</strong></span> 
     </span>
     <span class='ocr_line' id='line_1_32' title="bbox 327 4550 1745 4669; baseline 0.013 -44"><span class='ocrx_word' id='word_1_294' title='bbox 327 4550 466 4629; x_wconf 89' lang='lat' dir='ltr'><strong>stolicis</strong></span> <span class='ocrx_word' id='word_1_295' title='bbox 488 4556 636 4631; x_wconf 85' lang='lat' dir='ltr'><strong>racione</strong></span> <span class='ocrx_word' id='word_1_296' title='bbox 660 4560 785 4661; x_wconf 85' lang='lat' dir='ltr'><strong>previa</strong></span> <span class='ocrx_word' id='word_1_297' title='bbox 804 4560 1067 4669; x_wconf 88' lang='lat' dir='ltr'><strong>procedemus,</strong></span> <span class='ocrx_word' id='word_1_298' title='bbox 1102 4592 1234 4643; x_wconf 91' lang='lat' dir='ltr'><strong>eorum</strong></span> <span class='ocrx_word' id='word_1_299' title='bbox 1264 4564 1442 4645; x_wconf 86' lang='lat' dir='ltr'><strong>absencia·</strong></span> <span class='ocrx_word' id='word_1_300' title='bbox 1461 4596 1538 4646; x_wconf 92' lang='lat' dir='ltr'><strong>non</strong></span> <span class='ocrx_word' id='word_1_301' title='bbox 1564 4566 1745 4646; x_wconf 89' lang='lat' dir='ltr'><strong>obstante.</strong></span> 
     </span>
     <span class='ocr_line' id='line_1_33' title="bbox 330 4678 1747 4808; baseline 0.016 -55"><span class='ocrx_word' id='word_1_302' title='bbox 330 4678 471 4757; x_wconf 84' lang='lat' dir='ltr'><strong>Rursus</strong></span> <span class='ocrx_word' id='word_1_303' title='bbox 493 4680 665 4770; x_wconf 87' lang='lat' dir='ltr'><strong>citamus,</strong></span> <span class='ocrx_word' id='word_1_304' title='bbox 689 4702 726 4763; x_wconf 89' lang='lat' dir='ltr'><strong>et</strong></span> <span class='ocrx_word' id='word_1_305' title='bbox 748 4718 816 4795; x_wconf 89' lang='lat' dir='ltr'><strong>per</strong></span> <span class='ocrx_word' id='word_1_306' title='bbox 835 4720 899 4771; x_wconf 87' lang='lat' dir='ltr'><strong>vos</strong></span> <span class='ocrx_word' id='word_1_307' title='bbox 920 4690 1019 4769; x_wconf 83' lang='lat' dir='ltr'><strong>citeri</strong></span> <span class='ocrx_word' id='word_1_308' title='bbox 1042 4694 1263 4775; x_wconf 83' lang='lat' dir='ltr'><strong>ruumlomus</strong></span> <span class='ocrx_word' id='word_1_309' title='bbox 1284 4696 1321 4774; x_wconf 94' lang='lat' dir='ltr'><strong>in</strong></span> <span class='ocrx_word' id='word_1_310' title='bbox 1340 4698 1521 4808; x_wconf 90' lang='lat' dir='ltr'><strong>generali,</strong></span> <span class='ocrx_word' id='word_1_311' title='bbox 1543 4697 1616 4777; x_wconf 92' lang='lat' dir='ltr'><strong>sub</strong></span> <span class='ocrx_word' id='word_1_312' title='bbox 1641 4696 1747 4806; x_wconf 84' lang='lat' dir='ltr'><strong>penis</strong></span> 
     </span>
     <span class='ocr_line' id='line_1_34' title="bbox 330 4806 1746 4938; baseline 0.023 -54"><span class='ocrx_word' id='word_1_313' title='bbox 330 4806 515 4890; x_wconf 87' lang='lat' dir='ltr'><strong>canonicis</strong></span> <span class='ocrx_word' id='word_1_314' title='bbox 530 4810 848 4927; x_wconf 69' lang='lat' dir='ltr'><strong>(miliciamque,</strong></span> <span class='ocrx_word' id='word_1_315' title='bbox 866 4850 997 4903; x_wconf 78' lang='lat' dir='ltr'><strong>oiirnes</strong></span> <span class='ocrx_word' id='word_1_316' title='bbox 1018 4824 1279 4907; x_wconf 83' lang='lat' dir='ltr'><strong>ecclesiasticus</strong></span> <span class='ocrx_word' id='word_1_317' title='bbox 1298 4856 1338 4907; x_wconf 87' lang='lat' dir='ltr'><strong>uc</strong></span> <span class='ocrx_word' id='word_1_318' title='bbox 1353 4831 1538 4911; x_wconf 86' lang='lat' dir='ltr'><strong>seculares</strong></span> <span class='ocrx_word' id='word_1_319' title='bbox 1556 4856 1746 4938; x_wconf 64' lang='lat' dir='ltr'><strong>persenti,</strong></span> 
     </span>
    </p>
   </div>
   <div class='ocr_carea' id='block_1_2' title="bbox 0 0 2084 6052">
    <p class='ocr_par' dir='ltr' id='par_1_3' title="bbox 0 0 2084 6052">
     <span class='ocr_line' id='line_1_35' title="bbox 0 0 2084 6052; baseline 0 0"><span class='ocrx_word' id='word_1_320' title='bbox 0 0 2084 6052; x_wconf 95' lang='lat' dir='ltr'><strong> </strong></span> 
     </span>
    </p>
   </div>
  </div>
 </body>
</html>
