<?xml version="1.0" encoding="UTF-8"?>
<!DOCTYPE html PUBLIC "-//W3C//DTD XHTML 1.0 Transitional//EN"
    "http://www.w3.org/TR/xhtml1/DTD/xhtml1-transitional.dtd">
<html xmlns="http://www.w3.org/1999/xhtml" xml:lang="en" lang="en">
 <head>
  <title>
</title>
<meta http-equiv="Content-Type" content="text/html;charset=utf-8" />
  <meta name='ocr-system' content='tesseract 3.04.00' />
  <meta name='ocr-capabilities' content='ocr_page ocr_carea ocr_par ocr_line ocrx_word'/>
</head>
<body>
  <div class='ocr_page' id='page_1' title='image "./procsdestemplie02defegoog/procsdestemplie02defegoog_0412.png"; bbox 0 0 4080 6052; ppageno 0'>
   <div class='ocr_carea' id='block_1_1' title="bbox 329 506 1358 612">
    <p class='ocr_par' dir='ltr' id='par_1_1' title="bbox 329 506 1358 612">
     <span class='ocr_line' id='line_1_1' title="bbox 329 506 1358 612; baseline -0.017 -2"><span class='ocrx_word' id='word_1_1' title='bbox 329 532 402 612; x_wconf 80' lang='lat' dir='ltr'><strong>soc</strong></span> <span class='ocrx_word' id='word_1_2' title='bbox 714 506 1358 601; x_wconf 79' lang='lat' dir='ltr'><strong>anoctsnnsruurnrrns.</strong></span> 
     </span>
    </p>
   </div>
   <div class='ocr_carea' id='block_1_2' title="bbox 326 642 1758 1917">
    <p class='ocr_par' dir='ltr' id='par_1_2' title="bbox 326 642 1758 1917">
     <span class='ocr_line' id='line_1_2' title="bbox 327 642 1754 780; baseline -0.008 -28"><span class='ocrx_word' id='word_1_3' title='bbox 327 702 388 752; x_wconf 89' lang='lat' dir='ltr'><strong>ces</strong></span> <span class='ocrx_word' id='word_1_4' title='bbox 405 690 444 750; x_wconf 90' lang='lat' dir='ltr'><strong>et</strong></span> <span class='ocrx_word' id='word_1_5' title='bbox 460 669 596 780; x_wconf 77' lang='lat' dir='ltr'><strong>ydeote</strong></span> <span class='ocrx_word' id='word_1_6' title='bbox 615 642 816 745; x_wconf 79' lang='lat' dir='ltr'><strong>crederent</strong></span> <span class='ocrx_word' id='word_1_7' title='bbox 833 693 913 743; x_wconf 88' lang='lat' dir='ltr'><strong>esse</strong></span> <span class='ocrx_word' id='word_1_8' title='bbox 931 662 1093 740; x_wconf 88' lang='lat' dir='ltr'><strong>absoluti</strong></span> <span class='ocrx_word' id='word_1_9' title='bbox 1112 680 1267 770; x_wconf 80' lang='lat' dir='ltr'><strong>propter</strong></span> <span class='ocrx_word' id='word_1_10' title='bbox 1283 660 1451 768; x_wconf 85' lang='lat' dir='ltr'><strong>predicta</strong></span> <span class='ocrx_word' id='word_1_11' title='bbox 1466 689 1488 737; x_wconf 89' lang='lat' dir='ltr'><strong>a</strong></span> <span class='ocrx_word' id='word_1_12' title='bbox 1502 661 1754 771; x_wconf 80' lang='lat' dir='ltr'><strong>dictispecca·</strong></span> 
     </span>
     <span class='ocr_line' id='line_1_3' title="bbox 326 792 1752 913; baseline -0.004 -31"><span class='ocrx_word' id='word_1_13' title='bbox 326 807 398 883; x_wconf 87' lang='lat' dir='ltr'><strong>tis:</strong></span> <span class='ocrx_word' id='word_1_14' title='bbox 419 801 515 879; x_wconf 79' lang='lat' dir='ltr'><strong>dixit</strong></span> <span class='ocrx_word' id='word_1_15' title='bbox 533 801 611 906; x_wconf 88' lang='lat' dir='ltr'><strong>ipse</strong></span> <span class='ocrx_word' id='word_1_16' title='bbox 628 798 734 876; x_wconf 82' lang='lat' dir='ltr'><strong>testis</strong></span> <span class='ocrx_word' id='word_1_17' title='bbox 754 814 792 874; x_wconf 87' lang='lat' dir='ltr'><strong>et</strong></span> <span class='ocrx_word' id='word_1_18' title='bbox 808 797 1074 913; x_wconf 79' lang='lat' dir='ltr'><strong>interpretatus</strong></span> <span class='ocrx_word' id='word_1_19' title='bbox 1091 793 1360 900; x_wconf 83' lang='lat' dir='ltr'><strong>luitprcdicta‚</strong></span> <span class='ocrx_word' id='word_1_20' title='bbox 1383 792 1488 898; x_wconf 90' lang='lat' dir='ltr'><strong>quod</strong></span> <span class='ocrx_word' id='word_1_21' title='bbox 1508 792 1599 870; x_wconf 85' lang='lat' dir='ltr'><strong>dicti</strong></span> <span class='ocrx_word' id='word_1_22' title='bbox 1619 793 1752 876; x_wconf 60' lang='lat' dir='ltr'><strong>stanes</strong></span> 
     </span>
     <span class='ocr_line' id='line_1_4' title="bbox 327 923 1747 1039; baseline -0.004 -27"><span class='ocrx_word' id='word_1_23' title='bbox 327 933 515 1039; x_wconf 79' lang='lat' dir='ltr'><strong>s‘mtplices</strong></span> <span class='ocrx_word' id='word_1_24' title='bbox 536 948 573 1008; x_wconf 92' lang='lat' dir='ltr'><strong>et</strong></span> <span class='ocrx_word' id='word_1_25' title='bbox 594 930 729 1038; x_wconf 80' lang='lat' dir='ltr'><strong>ydeote</strong></span> <span class='ocrx_word' id='word_1_26' title='bbox 751 926 957 1007; x_wconf 86' lang='lat' dir='ltr'><strong>eredebant</strong></span> <span class='ocrx_word' id='word_1_27' title='bbox 975 926 1092 1032; x_wconf 83' lang='lat' dir='ltr'><strong>quod·</strong></span> <span class='ocrx_word' id='word_1_28' title='bbox 1104 926 1168 1003; x_wconf 89' lang='lat' dir='ltr'><strong>illa</strong></span> <span class='ocrx_word' id='word_1_29' title='bbox 1186 953 1262 1032; x_wconf 91' lang='lat' dir='ltr'><strong>qne</strong></span> <span class='ocrx_word' id='word_1_30' title='bbox 1283 923 1747 1006; x_wconf 81' lang='lat' dir='ltr'><strong>confitebantur&#39;tenendo</strong></span> 
     </span>
     <span class='ocr_line' id='line_1_5' title="bbox 328 1050 1758 1169; baseline -0.004 -29"><span class='ocrx_word' id='word_1_31' title='bbox 328 1062 533 1169; x_wconf 84' lang='lat' dir='ltr'><strong>capitulum</strong></span> <span class='ocrx_word' id='word_1_32' title='bbox 554 1060 728 1167; x_wconf 83' lang='lat' dir='ltr'><strong>generale</strong></span> <span class='ocrx_word' id='word_1_33' title='bbox 746 1087 824 1136; x_wconf 92' lang='lat' dir='ltr'><strong>non</strong></span> <span class='ocrx_word' id='word_1_34' title='bbox 842 1073 1063 1134; x_wconf 79' lang='lat' dir='ltr'><strong>tenerentur</strong></span> <span class='ocrx_word' id='word_1_35' title='bbox 1082 1056 1243 1162; x_wconf 80' lang='lat' dir='ltr'><strong>amplius</strong></span> <span class='ocrx_word' id='word_1_36' title='bbox 1262 1054 1373 1131; x_wconf 90' lang='lat' dir='ltr'><strong>alicui</strong></span> <span class='ocrx_word' id='word_1_37' title='bbox 1392 1053 1614 1162; x_wconf 82' lang='lat' dir='ltr'><strong>presbyten)</strong></span> <span class='ocrx_word' id='word_1_38' title='bbox 1631 1050 1758 1135; x_wconf 78' lang='lat' dir='ltr'><strong>conli-¹</strong></span> 
     </span>
     <span class='ocr_line' id='line_1_6' title="bbox 327 1183 1744 1297; baseline -0.005 -29"><span class='ocrx_word' id='word_1_39' title='bbox 327 1194 414 1279; x_wconf 91' lang='lat' dir='ltr'><strong>teri,</strong></span> <span class='ocrx_word' id='word_1_40' title='bbox 441 1208 480 1267; x_wconf 93' lang='lat' dir='ltr'><strong>et</strong></span> <span class='ocrx_word' id='word_1_41' title='bbox 503 1190 609 1297; x_wconf 87' lang='lat' dir='ltr'><strong>qnod</strong></span> <span class='ocrx_word' id='word_1_42' title='bbox 633 1189 830 1266; x_wconf 80' lang='lat' dir='ltr'><strong>crederent</strong></span> <span class='ocrx_word' id='word_1_43' title='bbox 851 1214 935 1264; x_wconf 88' lang='lat' dir='ltr'><strong>esse</strong></span> <span class='ocrx_word' id='word_1_44' title='bbox 958 1186 1006 1263; x_wconf 95' lang='lat' dir='ltr'><strong>ab</strong></span> <span class='ocrx_word' id='word_1_45' title='bbox 1031 1188 1134 1263; x_wconf 89' lang='lat' dir='ltr'><strong>omni</strong></span> <span class='ocrx_word' id='word_1_46' title='bbox 1157 1214 1255 1292; x_wconf 88' lang='lat' dir='ltr'><strong>pena</strong></span> <span class='ocrx_word' id='word_1_47' title='bbox 1278 1183 1463 1290; x_wconf 79' lang='lat' dir='ltr'><strong>spirituali</strong></span> <span class='ocrx_word' id='word_1_48' title='bbox 1488 1202 1527 1261; x_wconf 92' lang='lat' dir='ltr'><strong>et</strong></span> <span class='ocrx_word' id='word_1_49' title='bbox 1551 1188 1744 1293; x_wconf 82' lang='lat' dir='ltr'><strong>temporali</strong></span> 
     </span>
     <span class='ocr_line' id='line_1_7' title="bbox 327 1312 1747 1424; baseline -0.002 -25"><span class='ocrx_word' id='word_1_50' title='bbox 327 1321 500 1400; x_wconf 88' lang='lat' dir='ltr'><strong>absoluti.</strong></span> <span class='ocrx_word' id='word_1_51' title='bbox 523 1320 668 1424; x_wconf 80' lang='lat' dir='ltr'><strong>Scripta</strong></span> <span class='ocrx_word' id='word_1_52' title='bbox 687 1336 725 1395; x_wconf 92' lang='lat' dir='ltr'><strong>et</strong></span> <span class='ocrx_word' id='word_1_53' title='bbox 742 1316 929 1424; x_wconf 86' lang='lat' dir='ltr'><strong>completa</strong></span> <span class='ocrx_word' id='word_1_54' title='bbox 947 1315 1021 1392; x_wconf 87' lang='lat' dir='ltr'><strong>suit</strong></span> <span class='ocrx_word' id='word_1_55' title='bbox 1037 1316 1110 1393; x_wconf 90' lang='lat' dir='ltr'><strong>bec</strong></span> <span class='ocrx_word' id='word_1_56' title='bbox 1126 1314 1335 1422; x_wconf 88' lang='lat' dir='ltr'><strong>deposicio,</strong></span> <span class='ocrx_word' id='word_1_57' title='bbox 1357 1312 1495 1391; x_wconf 89' lang='lat' dir='ltr'><strong>diebus</strong></span> <span class='ocrx_word' id='word_1_58' title='bbox 1515 1315 1692 1395; x_wconf 85' lang='lat' dir='ltr'><strong>Mercurii</strong></span> <span class='ocrx_word' id='word_1_59' title='bbox 1710 1335 1747 1396; x_wconf 83' lang='lat' dir='ltr'><strong>et</strong></span> 
     </span>
     <span class='ocr_line' id='line_1_8' title="bbox 326 1442 1746 1554; baseline -0.004 -24"><span class='ocrx_word' id='word_1_60' title='bbox 326 1452 425 1530; x_wconf 82' lang='lat' dir='ltr'><strong>lovis</strong></span> <span class='ocrx_word' id='word_1_61' title='bbox 454 1446 715 1554; x_wconf 88' lang='lat' dir='ltr'><strong>sequentibus,</strong></span> <span class='ocrx_word' id='word_1_62' title='bbox 751 1448 791 1522; x_wconf 91' lang='lat' dir='ltr'><strong>in</strong></span> <span class='ocrx_word' id='word_1_63' title='bbox 820 1445 935 1537; x_wconf 85' lang='lat' dir='ltr'><strong>domo</strong></span> <span class='ocrx_word' id='word_1_64' title='bbox 965 1446 1147 1551; x_wconf 84' lang='lat' dir='ltr'><strong>predicta,</strong></span> <span class='ocrx_word' id='word_1_65' title='bbox 1182 1445 1334 1522; x_wconf 90' lang='lat' dir='ltr'><strong>absente</strong></span> <span class='ocrx_word' id='word_1_66' title='bbox 1368 1442 1469 1521; x_wconf 88' lang='lat' dir='ltr'><strong>dicto</strong></span> <span class='ocrx_word' id='word_1_67' title='bbox 1500 1444 1658 1524; x_wconf 88' lang='lat' dir='ltr'><strong>domino</strong></span> <span class='ocrx_word' id='word_1_68' title='bbox 1691 1475 1746 1524; x_wconf 84' lang='lat' dir='ltr'><strong>ar·</strong></span> 
     </span>
     <span class='ocr_line' id='line_1_9' title="bbox 327 1564 1744 1685; baseline -0.001 -29"><span class='ocrx_word' id='word_1_69' title='bbox 327 1564 581 1685; x_wconf 89' lang='lat' dir='ltr'><strong>chiepiscopo,</strong></span> <span class='ocrx_word' id='word_1_70' title='bbox 609 1576 691 1654; x_wconf 90' lang='lat' dir='ltr'><strong>aliis</strong></span> <span class='ocrx_word' id='word_1_71' title='bbox 724 1576 887 1653; x_wconf 90' lang='lat' dir='ltr'><strong>dominis</strong></span> <span class='ocrx_word' id='word_1_72' title='bbox 920 1575 1182 1652; x_wconf 88' lang='lat' dir='ltr'><strong>commissariis</strong></span> <span class='ocrx_word' id='word_1_73' title='bbox 1212 1574 1465 1680; x_wconf 81' lang='lat' dir='ltr'><strong>presentibus,</strong></span> <span class='ocrx_word' id='word_1_74' title='bbox 1496 1591 1537 1652; x_wconf 87' lang='lat' dir='ltr'><strong>et</strong></span> <span class='ocrx_word' id='word_1_75' title='bbox 1569 1576 1744 1682; x_wconf 78' lang='lat' dir='ltr'><strong>magistro</strong></span> 
     </span>
     <span class='ocr_line' id='line_1_10' title="bbox 328 1703 1739 1811; baseline -0.001 -24"><span class='ocrx_word' id='word_1_76' title='bbox 328 1709 487 1797; x_wconf 82' lang='lat' dir='ltr'><strong>Amisio,</strong></span> <span class='ocrx_word' id='word_1_77' title='bbox 517 1736 579 1784; x_wconf 88' lang='lat' dir='ltr'><strong>me</strong></span> <span class='ocrx_word' id='word_1_78' title='bbox 598 1707 850 1783; x_wconf 87' lang='lat' dir='ltr'><strong>Floriamonte</strong></span> <span class='ocrx_word' id='word_1_79' title='bbox 880 1704 1098 1796; x_wconf 85' lang='lat' dir='ltr'><strong>Dondedei,</strong></span> <span class='ocrx_word' id='word_1_80' title='bbox 1125 1723 1162 1782; x_wconf 91' lang='lat' dir='ltr'><strong>et</strong></span> <span class='ocrx_word' id='word_1_81' title='bbox 1185 1703 1267 1781; x_wconf 90' lang='lat' dir='ltr'><strong>aliis</strong></span> <span class='ocrx_word' id='word_1_82' title='bbox 1291 1704 1445 1782; x_wconf 79' lang='lat' dir='ltr'><strong>notariis</strong></span> <span class='ocrx_word' id='word_1_83' title='bbox 1470 1733 1578 1811; x_wconf 86' lang='lat' dir='ltr'><strong>supra</strong></span> <span class='ocrx_word' id='word_1_84' title='bbox 1605 1705 1739 1785; x_wconf 81' lang='lat' dir='ltr'><strong>tdtimo</strong></span> 
     </span>
     <span class='ocr_line' id='line_1_11' title="bbox 328 1856 1529 1917; baseline -0.004 -2"><span class='ocrx_word' id='word_1_85' title='bbox 328 1856 539 1917; x_wconf 76' lang='lat' dir='ltr'><strong>nominatis.</strong></span> <span class='ocrx_word' id='word_1_86' title='bbox 1520 1860 1529 1874; x_wconf 94' lang='lat'><strong>·</strong></span> 
     </span>
    </p>
   </div>
   <div class='ocr_carea' id='block_1_3' title="bbox 326 2092 1744 4932">
    <p class='ocr_par' dir='ltr' id='par_1_3' title="bbox 326 2092 1744 4932">
     <span class='ocr_line' id='line_1_12' title="bbox 384 2092 1742 2200; baseline 0.001 -26"><span class='ocrx_word' id='word_1_87' title='bbox 384 2101 472 2175; x_wconf 84' lang='lat' dir='ltr'><strong>Post</strong></span> <span class='ocrx_word' id='word_1_88' title='bbox 494 2101 582 2186; x_wconf 89' lang='lat' dir='ltr'><strong>hec,</strong></span> <span class='ocrx_word' id='word_1_89' title='bbox 605 2096 666 2171; x_wconf 87' lang='lat' dir='ltr'><strong>die</strong></span> <span class='ocrx_word' id='word_1_90' title='bbox 692 2093 848 2173; x_wconf 89' lang='lat' dir='ltr'><strong>Veneris</strong></span> <span class='ocrx_word' id='word_1_91' title='bbox 875 2092 1048 2198; x_wconf 75' lang='lat' dir='ltr'><strong>sequenti</strong></span> <span class='ocrx_word' id='word_1_92' title='bbox 1073 2111 1159 2198; x_wconf 91' lang='lat' dir='ltr'><strong>post</strong></span> <span class='ocrx_word' id='word_1_93' title='bbox 1183 2095 1329 2171; x_wconf 88' lang='lat' dir='ltr'><strong>octabas</strong></span> <span class='ocrx_word' id='word_1_94' title='bbox 1347 2094 1557 2200; x_wconf 86' lang='lat' dir='ltr'><strong>Epiphanio</strong></span> <span class='ocrx_word' id='word_1_95' title='bbox 1575 2096 1742 2187; x_wconf 85' lang='lat' dir='ltr'><strong>Domini,</strong></span> 
     </span>
     <span class='ocr_line' id='line_1_13' title="bbox 328 2206 1743 2334; baseline 0.004 -33"><span class='ocrx_word' id='word_1_96' title='bbox 328 2254 403 2334; x_wconf 91' lang='lat' dir='ltr'><strong>que</strong></span> <span class='ocrx_word' id='word_1_97' title='bbox 430 2225 502 2302; x_wconf 86' lang='lat' dir='ltr'><strong>suit</strong></span> <span class='ocrx_word' id='word_1_98' title='bbox 524 2251 572 2304; x_wconf 81' lang='lat' dir='ltr'><strong>xv</strong></span> <span class='ocrx_word' id='word_1_99' title='bbox 601 2206 685 2310; x_wconf 85' lang='lat' dir='ltr'><strong>dies¹</strong></span> <span class='ocrx_word' id='word_1_100' title='bbox 711 2222 799 2298; x_wconf 86' lang='lat' dir='ltr'><strong>dicti</strong></span> <span class='ocrx_word' id='word_1_101' title='bbox 826 2221 965 2298; x_wconf 86' lang='lat' dir='ltr'><strong>mensis</strong></span> <span class='ocrx_word' id='word_1_102' title='bbox 989 2222 1170 2311; x_wconf 73' lang='lat' dir='ltr'><strong>Ianuarii,</strong></span> <span class='ocrx_word' id='word_1_103' title='bbox 1194 2222 1487 2331; x_wconf 80' lang='lat' dir='ltr'><strong>[convenerunt]</strong></span> <span class='ocrx_word' id='word_1_104' title='bbox 1513 2226 1555 2303; x_wconf 94' lang='lat' dir='ltr'><strong>in</strong></span> <span class='ocrx_word' id='word_1_105' title='bbox 1583 2228 1743 2333; x_wconf 78' lang='lat' dir='ltr'><strong>predicta</strong></span> 
     </span>
     <span class='ocr_line' id='line_1_14' title="bbox 328 2345 1741 2457; baseline 0.002 -25"><span class='ocrx_word' id='word_1_106' title='bbox 328 2355 442 2432; x_wconf 89' lang='lat' dir='ltr'><strong>domo</strong></span> <span class='ocrx_word' id='word_1_107' title='bbox 469 2354 558 2431; x_wconf 88' lang='lat' dir='ltr'><strong>dicti</strong></span> <span class='ocrx_word' id='word_1_108' title='bbox 579 2351 722 2430; x_wconf 89' lang='lat' dir='ltr'><strong>domini</strong></span> <span class='ocrx_word' id='word_1_109' title='bbox 743 2349 1004 2441; x_wconf 82' lang='lat' dir='ltr'><strong>commissarii,</strong></span> <span class='ocrx_word' id='word_1_110' title='bbox 1026 2345 1299 2457; x_wconf 44' lang='lat' dir='ltr'><strong>excepto&#39;dicto</strong></span> <span class='ocrx_word' id='word_1_111' title='bbox 1321 2353 1477 2430; x_wconf 87' lang='lat' dir='ltr'><strong>domino</strong></span> <span class='ocrx_word' id='word_1_112' title='bbox 1496 2355 1741 2444; x_wconf 85' lang='lat' dir='ltr'><strong>Narbonensi,</strong></span> 
     </span>
     <span class='ocr_line' id='line_1_15' title="bbox 328 2460 1742 2591; baseline 0.001 -30"><span class='ocrx_word' id='word_1_113' title='bbox 328 2502 366 2561; x_wconf 91' lang='lat' dir='ltr'><strong>et</strong></span> <span class='ocrx_word' id='word_1_114' title='bbox 395 2482 469 2560; x_wconf 88' lang='lat' dir='ltr'><strong>suit</strong></span> <span class='ocrx_word' id='word_1_115' title='bbox 500 2482 685 2560; x_wconf 85' lang='lat' dir='ltr'><strong>adductus</strong></span> <span class='ocrx_word' id='word_1_116' title='bbox 714 2460 768 2555; x_wconf 34' lang='lat' dir='ltr'><strong>&#39;cd</strong></span> <span class='ocrx_word' id='word_1_117' title='bbox 795 2479 1029 2585; x_wconf 88' lang='lat' dir='ltr'><strong>presenciam</strong></span> <span class='ocrx_word' id='word_1_118' title='bbox 1053 2483 1277 2568; x_wconf 88' lang='lat' dir='ltr'><strong>eorumdem</strong></span> <span class='ocrx_word' id='word_1_119' title='bbox 1305 2480 1421 2557; x_wconf 84' lang='lat' dir='ltr'><strong>frater</strong></span> <span class='ocrx_word' id='word_1_120' title='bbox 1453 2482 1680 2591; x_wconf 87' lang='lat' dir='ltr'><strong>Radulpbus</strong></span> <span class='ocrx_word' id='word_1_121' title='bbox 1699 2485 1742 2564; x_wconf 90' lang='lat' dir='ltr'><strong>de</strong></span> 
     </span>
     <span class='ocr_line' id='line_1_16' title="bbox 326 2610 1743 2717; baseline 0.003 -26"><span class='ocrx_word' id='word_1_122' title='bbox 326 2613 405 2692; x_wconf 91' lang='lat' dir='ltr'><strong>Gisi</strong></span> <span class='ocrx_word' id='word_1_123' title='bbox 428 2614 611 2701; x_wconf 88' lang='lat' dir='ltr'><strong>serviens,</strong></span> <span class='ocrx_word' id='word_1_124' title='bbox 641 2627 839 2717; x_wconf 85' lang='lat' dir='ltr'><strong>preceptor</strong></span> <span class='ocrx_word' id='word_1_125' title='bbox 868 2610 1005 2687; x_wconf 90' lang='lat' dir='ltr'><strong>domus</strong></span> <span class='ocrx_word' id='word_1_126' title='bbox 1030 2611 1179 2716; x_wconf 86' lang='lat' dir='ltr'><strong>Templi</strong></span> <span class='ocrx_word' id='word_1_127' title='bbox 1206 2612 1254 2688; x_wconf 89' lang='lat' dir='ltr'><strong>de</strong></span> <span class='ocrx_word' id='word_1_128' title='bbox 1283 2611 1501 2690; x_wconf 86' lang='lat' dir='ltr'><strong>Latinihaco</strong></span> <span class='ocrx_word' id='word_1_129' title='bbox 1528 2614 1617 2693; x_wconf 85' lang='lat' dir='ltr'><strong>Sion</strong></span> <span class='ocrx_word' id='word_1_130' title='bbox 1638 2617 1743 2694; x_wconf 88' lang='lat' dir='ltr'><strong>etde</strong></span> 
     </span>
     <span class='ocr_line' id='line_1_17' title="bbox 327 2738 1740 2849; baseline 0.001 -28"><span class='ocrx_word' id='word_1_131' title='bbox 327 2745 531 2822; x_wconf 86' lang='lat' dir='ltr'><strong>Somorens</strong></span> <span class='ocrx_word' id='word_1_132' title='bbox 559 2739 789 2821; x_wconf 79' lang='lat' dir='ltr'><strong>belvacensis</strong></span> <span class='ocrx_word' id='word_1_133' title='bbox 816 2738 989 2829; x_wconf 88' lang='lat' dir='ltr'><strong>diocesis,</strong></span> <span class='ocrx_word' id='word_1_134' title='bbox 1017 2757 1055 2816; x_wconf 91' lang='lat' dir='ltr'><strong>ct</strong></span> <span class='ocrx_word' id='word_1_135' title='bbox 1077 2759 1250 2847; x_wconf 86' lang='lat' dir='ltr'><strong>receptor</strong></span> <span class='ocrx_word' id='word_1_136' title='bbox 1271 2742 1474 2848; x_wconf 83' lang='lat' dir='ltr'><strong>Campania</strong></span> <span class='ocrx_word' id='word_1_137' title='bbox 1497 2772 1570 2849; x_wconf 91' lang='lat' dir='ltr'><strong>pro</strong></span> <span class='ocrx_word' id='word_1_138' title='bbox 1592 2745 1740 2822; x_wconf 85' lang='lat' dir='ltr'><strong>dominu</strong></span> 
     </span>
     <span class='ocr_line' id='line_1_18' title="bbox 327 2870 1736 2982; baseline 0.002 -33"><span class='ocrx_word' id='word_1_139' title='bbox 327 2871 415 2982; x_wconf 78' lang='lat' dir='ltr'><strong>rege</strong></span> <span class='ocrx_word' id='word_1_140' title='bbox 440 2877 682 2961; x_wconf 86' lang='lat' dir='ltr'><strong>Francorum,</strong></span> <span class='ocrx_word' id='word_1_141' title='bbox 708 2870 815 2948; x_wconf 88' lang='lat' dir='ltr'><strong>testis</strong></span> <span class='ocrx_word' id='word_1_142' title='bbox 838 2870 1114 2976; x_wconf 85' lang='lat' dir='ltr'><strong>suprajuratus,</strong></span> <span class='ocrx_word' id='word_1_143' title='bbox 1140 2888 1183 2947; x_wconf 92' lang='lat' dir='ltr'><strong>ut</strong></span> <span class='ocrx_word' id='word_1_144' title='bbox 1209 2871 1415 2977; x_wconf 89' lang='lat' dir='ltr'><strong>deponeret</strong></span> <span class='ocrx_word' id='word_1_145' title='bbox 1439 2872 1585 2951; x_wconf 88' lang='lat' dir='ltr'><strong>dictum</strong></span> <span class='ocrx_word' id='word_1_146' title='bbox 1612 2902 1736 2965; x_wconf 89' lang='lat' dir='ltr'><strong>suum,</strong></span> 
     </span>
     <span class='ocr_line' id='line_1_19' title="bbox 328 3000 1739 3107; baseline 0.004 -30"><span class='ocrx_word' id='word_1_147' title='bbox 328 3029 406 3078; x_wconf 93' lang='lat' dir='ltr'><strong>non</strong></span> <span class='ocrx_word' id='word_1_148' title='bbox 438 3003 610 3080; x_wconf 86' lang='lat' dir='ltr'><strong>deserens</strong></span> <span class='ocrx_word' id='word_1_149' title='bbox 640 3001 882 3094; x_wconf 87' lang='lat' dir='ltr'><strong>mantellum,</strong></span> <span class='ocrx_word' id='word_1_150' title='bbox 913 3002 1002 3107; x_wconf 82' lang='lat' dir='ltr'><strong>quia</strong></span> <span class='ocrx_word' id='word_1_151' title='bbox 1029 3000 1155 3107; x_wconf 90' lang='lat' dir='ltr'><strong>ipsum</strong></span> <span class='ocrx_word' id='word_1_152' title='bbox 1176 3001 1371 3078; x_wconf 86' lang='lat' dir='ltr'><strong>dimiserat·</strong></span> <span class='ocrx_word' id='word_1_153' title='bbox 1385 3002 1426 3078; x_wconf 92' lang='lat' dir='ltr'><strong>in</strong></span> <span class='ocrx_word' id='word_1_154' title='bbox 1449 3003 1609 3082; x_wconf 88' lang='lat' dir='ltr'><strong>concilio</strong></span> <span class='ocrx_word' id='word_1_155' title='bbox 1627 3004 1739 3095; x_wconf 81' lang='lat' dir='ltr'><strong>Seno·</strong></span> 
     </span>
     <span class='ocr_line' id='line_1_20' title="bbox 328 3131 1743 3236; baseline 0.003 -29"><span class='ocrx_word' id='word_1_156' title='bbox 328 3132 436 3208; x_wconf 88' lang='lat' dir='ltr'><strong>nensi</strong></span> <span class='ocrx_word' id='word_1_157' title='bbox 458 3160 545 3208; x_wconf 86' lang='lat' dir='ltr'><strong>cum</strong></span> <span class='ocrx_word' id='word_1_158' title='bbox 570 3131 698 3207; x_wconf 89' lang='lat' dir='ltr'><strong>multis</strong></span> <span class='ocrx_word' id='word_1_159' title='bbox 717 3131 816 3219; x_wconf 93' lang='lat' dir='ltr'><strong>aliis,</strong></span> <span class='ocrx_word' id='word_1_160' title='bbox 836 3148 876 3207; x_wconf 91' lang='lat' dir='ltr'><strong>et</strong></span> <span class='ocrx_word' id='word_1_161' title='bbox 893 3132 1137 3236; x_wconf 90' lang='lat' dir='ltr'><strong>postmodum</strong></span> <span class='ocrx_word' id='word_1_162' title='bbox 1157 3133 1238 3208; x_wconf 85' lang='lat' dir='ltr'><strong>radi</strong></span> <span class='ocrx_word' id='word_1_163' title='bbox 1258 3131 1395 3208; x_wconf 86' lang='lat' dir='ltr'><strong>lecerat</strong></span> <span class='ocrx_word' id='word_1_164' title='bbox 1417 3134 1490 3212; x_wconf 88' lang='lat' dir='ltr'><strong>sibi</strong></span> <span class='ocrx_word' id='word_1_165' title='bbox 1509 3133 1683 3228; x_wconf 88' lang='lat' dir='ltr'><strong>barbam,</strong></span> <span class='ocrx_word' id='word_1_166' title='bbox 1710 3151 1743 3212; x_wconf 90' lang='lat' dir='ltr'><strong>et</strong></span> 
     </span>
     <span class='ocr_line' id='line_1_21' title="bbox 327 3261 1744 3369; baseline 0.003 -31"><span class='ocrx_word' id='word_1_167' title='bbox 327 3261 449 3338; x_wconf 82' lang='lat' dir='ltr'><strong>luerat</strong></span> <span class='ocrx_word' id='word_1_168' title='bbox 468 3261 690 3369; x_wconf 90' lang='lat' dir='ltr'><strong>inquisitum</strong></span> <span class='ocrx_word' id='word_1_169' title='bbox 705 3287 791 3335; x_wconf 91' lang='lat' dir='ltr'><strong>cum</strong></span> <span class='ocrx_word' id='word_1_170' title='bbox 812 3288 857 3336; x_wconf 94' lang='lat' dir='ltr'><strong>eo</strong></span> <span class='ocrx_word' id='word_1_171' title='bbox 878 3289 946 3366; x_wconf 91' lang='lat' dir='ltr'><strong>per</strong></span> <span class='ocrx_word' id='word_1_172' title='bbox 968 3262 1166 3337; x_wconf 83' lang='lat' dir='ltr'><strong>dominum</strong></span> <span class='ocrx_word' id='word_1_173' title='bbox 1188 3263 1404 3367; x_wconf 91' lang='lat' dir='ltr'><strong>episcopum</strong></span> <span class='ocrx_word' id='word_1_174' title='bbox 1424 3265 1687 3355; x_wconf 85' lang='lat' dir='ltr'><strong>Parisiensem,</strong></span> <span class='ocrx_word' id='word_1_175' title='bbox 1711 3281 1744 3342; x_wconf 90' lang='lat' dir='ltr'><strong>et</strong></span> 
     </span>
     <span class='ocr_line' id='line_1_22' title="bbox 329 3387 1737 3494; baseline 0.004 -29"><span class='ocrx_word' id='word_1_176' title='bbox 329 3392 521 3469; x_wconf 89' lang='lat' dir='ltr'><strong>absolutus</strong></span> <span class='ocrx_word' id='word_1_177' title='bbox 539 3409 577 3467; x_wconf 93' lang='lat' dir='ltr'><strong>et</strong></span> <span class='ocrx_word' id='word_1_178' title='bbox 593 3387 851 3467; x_wconf 87' lang='lat' dir='ltr'><strong>reconciliatus</strong></span> <span class='ocrx_word' id='word_1_179' title='bbox 865 3417 933 3494; x_wconf 90' lang='lat' dir='ltr'><strong>per</strong></span> <span class='ocrx_word' id='word_1_180' title='bbox 950 3416 1057 3479; x_wconf 85' lang='lat' dir='ltr'><strong>eum;</strong></span> <span class='ocrx_word' id='word_1_181' title='bbox 1078 3408 1116 3467; x_wconf 91' lang='lat' dir='ltr'><strong>et</strong></span> <span class='ocrx_word' id='word_1_182' title='bbox 1131 3408 1210 3467; x_wconf 88' lang='lat' dir='ltr'><strong>erat</strong></span> <span class='ocrx_word' id='word_1_183' title='bbox 1224 3393 1331 3467; x_wconf 90' lang='lat' dir='ltr'><strong>etatis</strong></span> <span class='ocrx_word' id='word_1_184' title='bbox 1348 3393 1524 3470; x_wconf 83' lang='lat' dir='ltr'><strong>circitern</strong></span> <span class='ocrx_word' id='word_1_185' title='bbox 1538 3422 1737 3480; x_wconf 88' lang='lat' dir='ltr'><strong>annorum,</strong></span> 
     </span>
     <span class='ocr_line' id='line_1_23' title="bbox 328 3519 1738 3628; baseline 0.001 -32"><span class='ocrx_word' id='word_1_186' title='bbox 328 3539 371 3596; x_wconf 91' lang='lat' dir='ltr'><strong>ut</strong></span> <span class='ocrx_word' id='word_1_187' title='bbox 392 3522 495 3597; x_wconf 85' lang='lat' dir='ltr'><strong>dixit.</strong></span> <span class='ocrx_word' id='word_1_188' title='bbox 517 3522 639 3598; x_wconf 86' lang='lat' dir='ltr'><strong>Lectis</strong></span> <span class='ocrx_word' id='word_1_189' title='bbox 658 3535 784 3595; x_wconf 91' lang='lat' dir='ltr'><strong>autem</strong></span> <span class='ocrx_word' id='word_1_190' title='bbox 804 3535 842 3594; x_wconf 87' lang='lat' dir='ltr'><strong>et</strong></span> <span class='ocrx_word' id='word_1_191' title='bbox 861 3519 1062 3625; x_wconf 86' lang='lat' dir='ltr'><strong>diligenter</strong></span> <span class='ocrx_word' id='word_1_192' title='bbox 1082 3523 1256 3626; x_wconf 87' lang='lat' dir='ltr'><strong>expositis</strong></span> <span class='ocrx_word' id='word_1_193' title='bbox 1273 3522 1345 3597; x_wconf 90' lang='lat' dir='ltr'><strong>sibi</strong></span> <span class='ocrx_word' id='word_1_194' title='bbox 1367 3520 1536 3599; x_wconf 88' lang='lat' dir='ltr'><strong>omnibus</strong></span> <span class='ocrx_word' id='word_1_195' title='bbox 1555 3538 1594 3596; x_wconf 92' lang='lat' dir='ltr'><strong>et</strong></span> <span class='ocrx_word' id='word_1_196' title='bbox 1612 3522 1738 3628; x_wconf 83' lang='lat' dir='ltr'><strong>singu·</strong></span> 
     </span>
     <span class='ocr_line' id='line_1_24' title="bbox 329 3649 1735 3761; baseline 0.001 -36"><span class='ocrx_word' id='word_1_197' title='bbox 329 3650 374 3726; x_wconf 90' lang='lat' dir='ltr'><strong>lis</strong></span> <span class='ocrx_word' id='word_1_198' title='bbox 394 3651 576 3736; x_wconf 85' lang='lat' dir='ltr'><strong>articulis,</strong></span> <span class='ocrx_word' id='word_1_199' title='bbox 596 3649 793 3754; x_wconf 87' lang='lat' dir='ltr'><strong>respondit</strong></span> <span class='ocrx_word' id='word_1_200' title='bbox 812 3651 859 3761; x_wconf 81' lang='lat' dir='ltr'><strong>ad</strong></span> <span class='ocrx_word' id='word_1_201' title='bbox 880 3677 944 3727; x_wconf 92' lang='lat' dir='ltr'><strong>eos</strong></span> <span class='ocrx_word' id='word_1_202' title='bbox 964 3667 1001 3726; x_wconf 93' lang='lat' dir='ltr'><strong>et</strong></span> <span class='ocrx_word' id='word_1_203' title='bbox 1018 3651 1142 3756; x_wconf 88' lang='lat' dir='ltr'><strong>primo</strong></span> <span class='ocrx_word' id='word_1_204' title='bbox 1164 3652 1211 3726; x_wconf 88' lang='lat' dir='ltr'><strong>ad</strong></span> <span class='ocrx_word' id='word_1_205' title='bbox 1230 3652 1373 3756; x_wconf 90' lang='lat' dir='ltr'><strong>primos</strong></span> <span class='ocrx_word' id='word_1_206' title='bbox 1392 3666 1467 3728; x_wconf 57' lang='lat'><em>1111*</em></span> <span class='ocrx_word' id='word_1_207' title='bbox 1471 3711 1480 3737; x_wconf 93' lang='lat'>‚</span> <span class='ocrx_word' id='word_1_208' title='bbox 1497 3668 1541 3727; x_wconf 89' lang='lat' dir='ltr'><strong>ut</strong></span> <span class='ocrx_word' id='word_1_209' title='bbox 1554 3652 1735 3757; x_wconf 85' lang='lat' dir='ltr'><strong>sequitur.</strong></span> 
     </span>
     <span class='ocr_line' id='line_1_25' title="bbox 328 3777 1742 3885; baseline 0.002 -29"><span class='ocrx_word' id='word_1_210' title='bbox 328 3780 556 3856; x_wconf 82' lang='lat' dir='ltr'><strong>Protestatus</strong></span> <span class='ocrx_word' id='word_1_211' title='bbox 575 3796 702 3855; x_wconf 89' lang='lat' dir='ltr'><strong>tamen</strong></span> <span class='ocrx_word' id='word_1_212' title='bbox 720 3777 793 3854; x_wconf 83' lang='lat' dir='ltr'><strong>suit</strong></span> <span class='ocrx_word' id='word_1_213' title='bbox 812 3796 896 3853; x_wconf 89' lang='lat' dir='ltr'><strong>ante</strong></span> <span class='ocrx_word' id='word_1_214' title='bbox 918 3780 1043 3855; x_wconf 83' lang='lat' dir='ltr'><strong>omnin</strong></span> <span class='ocrx_word' id='word_1_215' title='bbox 1062 3780 1167 3885; x_wconf 91' lang='lat' dir='ltr'><strong>quod</strong></span> <span class='ocrx_word' id='word_1_216' title='bbox 1193 3808 1269 3855; x_wconf 93' lang='lat' dir='ltr'><strong>non</strong></span> <span class='ocrx_word' id='word_1_217' title='bbox 1293 3781 1512 3858; x_wconf 83' lang='lat' dir='ltr'><strong>intendebat</strong></span> <span class='ocrx_word' id='word_1_218' title='bbox 1530 3782 1706 3860; x_wconf 89' lang='lat' dir='ltr'><strong>recedere</strong></span> <span class='ocrx_word' id='word_1_219' title='bbox 1724 3811 1742 3859; x_wconf 88' lang='lat' dir='ltr'><strong>a</strong></span> 
     </span>
     <span class='ocr_line' id='line_1_26' title="bbox 329 3906 1739 4019; baseline 0.004 -35"><span class='ocrx_word' id='word_1_220' title='bbox 329 3907 559 3986; x_wconf 83' lang='lat' dir='ltr'><strong>consessione</strong></span> <span class='ocrx_word' id='word_1_221' title='bbox 578 3936 647 4014; x_wconf 89' lang='lat' dir='ltr'><strong>per</strong></span> <span class='ocrx_word' id='word_1_222' title='bbox 671 3934 760 3982; x_wconf 92' lang='lat' dir='ltr'><strong>eum</strong></span> <span class='ocrx_word' id='word_1_223' title='bbox 783 3906 878 3982; x_wconf 85' lang='lat' dir='ltr'><strong>sacta</strong></span> <span class='ocrx_word' id='word_1_224' title='bbox 895 3936 1019 3984; x_wconf 87' lang='lat' dir='ltr'><strong>coram</strong></span> <span class='ocrx_word' id='word_1_225' title='bbox 1037 3909 1137 3985; x_wconf 89' lang='lat' dir='ltr'><strong>dicto</strong></span> <span class='ocrx_word' id='word_1_226' title='bbox 1158 3909 1313 3985; x_wconf 92' lang='lat' dir='ltr'><strong>domino</strong></span> <span class='ocrx_word' id='word_1_227' title='bbox 1336 3911 1533 3988; x_wconf 87' lang='lat' dir='ltr'><strong>Parisiensi</strong></span> <span class='ocrx_word' id='word_1_228' title='bbox 1554 3913 1739 4019; x_wconf 84' lang='lat' dir='ltr'><strong>episeopo,</strong></span> 
     </span>
     <span class='ocr_line' id='line_1_27' title="bbox 328 4036 1741 4144; baseline 0.005 -32"><span class='ocrx_word' id='word_1_229' title='bbox 328 4039 501 4115; x_wconf 82' lang='lat' dir='ltr'><strong>videlicet</strong></span> <span class='ocrx_word' id='word_1_230' title='bbox 523 4039 629 4144; x_wconf 90' lang='lat' dir='ltr'><strong>qnod</strong></span> <span class='ocrx_word' id='word_1_231' title='bbox 648 4036 778 4142; x_wconf 89' lang='lat' dir='ltr'><strong>religio</strong></span> <span class='ocrx_word' id='word_1_232' title='bbox 803 4037 951 4141; x_wconf 89' lang='lat' dir='ltr'><strong>Templi</strong></span> <span class='ocrx_word' id='word_1_233' title='bbox 975 4037 1073 4114; x_wconf 93' lang='lat' dir='ltr'><strong>bene</strong></span> <span class='ocrx_word' id='word_1_234' title='bbox 1098 4055 1135 4115; x_wconf 94' lang='lat' dir='ltr'><strong>et</strong></span> <span class='ocrx_word' id='word_1_235' title='bbox 1155 4057 1279 4114; x_wconf 89' lang='lat' dir='ltr'><strong>sancte</strong></span> <span class='ocrx_word' id='word_1_236' title='bbox 1304 4039 1350 4115; x_wconf 92' lang='lat' dir='ltr'><strong>ab</strong></span> <span class='ocrx_word' id='word_1_237' title='bbox 1371 4040 1484 4117; x_wconf 91' lang='lat' dir='ltr'><strong>inicio</strong></span> <span class='ocrx_word' id='word_1_238' title='bbox 1503 4041 1627 4118; x_wconf 85' lang='lat' dir='ltr'><strong>suerat</strong></span> <span class='ocrx_word' id='word_1_239' title='bbox 1645 4043 1741 4119; x_wconf 88' lang='lat' dir='ltr'><strong>insti·</strong></span> 
     </span>
     <span class='ocr_line' id='line_1_28' title="bbox 328 4167 1740 4275; baseline 0.004 -34"><span class='ocrx_word' id='word_1_240' title='bbox 328 4183 424 4259; x_wconf 89' lang='lat' dir='ltr'><strong>tuta,</strong></span> <span class='ocrx_word' id='word_1_241' title='bbox 446 4184 484 4244; x_wconf 91' lang='lat' dir='ltr'><strong>et</strong></span> <span class='ocrx_word' id='word_1_242' title='bbox 510 4167 729 4244; x_wconf 87' lang='lat' dir='ltr'><strong>confirmata</strong></span> <span class='ocrx_word' id='word_1_243' title='bbox 752 4168 881 4244; x_wconf 84' lang='lat' dir='ltr'><strong>Trecis</strong></span> <span class='ocrx_word' id='word_1_244' title='bbox 902 4169 1118 4245; x_wconf 82' lang='lat' dir='ltr'><strong>auctoritate</strong></span> <span class='ocrx_word' id='word_1_245' title='bbox 1142 4171 1355 4275; x_wconf 83' lang='lat' dir='ltr'><strong>apostolica,</strong></span> <span class='ocrx_word' id='word_1_246' title='bbox 1368 4171 1479 4249; x_wconf 89' lang='lat' dir='ltr'><strong>beato</strong></span> <span class='ocrx_word' id='word_1_247' title='bbox 1499 4173 1691 4250; x_wconf 89' lang='lat' dir='ltr'><strong>Bemardo</strong></span> <span class='ocrx_word' id='word_1_248' title='bbox 1708 4188 1740 4249; x_wconf 86' lang='lat' dir='ltr'><strong>et</strong></span> 
     </span>
     <span class='ocr_line' id='line_1_29' title="bbox 328 4293 1739 4408; baseline 0.007 -40"><span class='ocrx_word' id='word_1_249' title='bbox 328 4293 458 4371; x_wconf 91' lang='lat' dir='ltr'><strong>multis</strong></span> <span class='ocrx_word' id='word_1_250' title='bbox 488 4297 638 4401; x_wconf 89' lang='lat' dir='ltr'><strong>prelatis</strong></span> <span class='ocrx_word' id='word_1_251' title='bbox 675 4314 715 4375; x_wconf 88' lang='lat' dir='ltr'><strong>et</strong></span> <span class='ocrx_word' id='word_1_252' title='bbox 740 4297 946 4375; x_wconf 85' lang='lat' dir='ltr'><strong>bamnibus</strong></span> <span class='ocrx_word' id='word_1_253' title='bbox 973 4300 1196 4390; x_wconf 69' lang='lat' dir='ltr'><strong>astantibus,</strong></span> <span class='ocrx_word' id='word_1_254' title='bbox 1229 4318 1268 4377; x_wconf 88' lang='lat' dir='ltr'><strong>et</strong></span> <span class='ocrx_word' id='word_1_255' title='bbox 1291 4301 1474 4408; x_wconf 86' lang='lat' dir='ltr'><strong>quamdiu</strong></span> <span class='ocrx_word' id='word_1_256' title='bbox 1505 4299 1580 4379; x_wconf 84' lang='lat' dir='ltr'><strong>fuit</strong></span> <span class='ocrx_word' id='word_1_257' title='bbox 1607 4318 1739 4380; x_wconf 80' lang='lat' dir='ltr'><strong>servata</strong></span> 
     </span>
     <span class='ocr_line' id='line_1_30' title="bbox 328 4424 1738 4539; baseline 0.007 -40"><span class='ocrx_word' id='word_1_258' title='bbox 328 4424 458 4531; x_wconf 84' lang='lat' dir='ltr'><strong>regula</strong></span> <span class='ocrx_word' id='word_1_259' title='bbox 478 4427 531 4503; x_wconf 91' lang='lat' dir='ltr'><strong>eis</strong></span> <span class='ocrx_word' id='word_1_260' title='bbox 549 4425 701 4515; x_wconf 86' lang='lat' dir='ltr'><strong>tradita,</strong></span> <span class='ocrx_word' id='word_1_261' title='bbox 724 4427 817 4503; x_wconf 90' lang='lat' dir='ltr'><strong>ordo</strong></span> <span class='ocrx_word' id='word_1_262' title='bbox 837 4426 935 4505; x_wconf 92' lang='lat' dir='ltr'><strong>bene</strong></span> <span class='ocrx_word' id='word_1_263' title='bbox 954 4428 1122 4534; x_wconf 82' lang='lat' dir='ltr'><strong>profecit.</strong></span> <span class='ocrx_word' id='word_1_264' title='bbox 1140 4432 1385 4507; x_wconf 85' lang='lat' dir='ltr'><strong>Postmodum</strong></span> <span class='ocrx_word' id='word_1_265' title='bbox 1402 4431 1520 4508; x_wconf 88' lang='lat' dir='ltr'><strong>nescit</strong></span> <span class='ocrx_word' id='word_1_266' title='bbox 1539 4460 1561 4508; x_wconf 91' lang='lat' dir='ltr'><strong>a</strong></span> <span class='ocrx_word' id='word_1_267' title='bbox 1580 4461 1660 4539; x_wconf 75' lang='lat' dir='ltr'><strong>quo</strong></span> <span class='ocrx_word' id='word_1_268' title='bbox 1678 4459 1738 4511; x_wconf 88' lang='lat' dir='ltr'><strong>nec</strong></span> 
     </span>
     <span class='ocr_line' id='line_1_31' title="bbox 328 4554 1735 4656; baseline 0.008 -27"><span class='ocrx_word' id='word_1_269' title='bbox 328 4556 479 4656; x_wconf 90' lang='lat' dir='ltr'><strong>quando</strong></span> <span class='ocrx_word' id='word_1_270' title='bbox 503 4554 658 4633; x_wconf 87' lang='lat' dir='ltr'><strong>fuerunt</strong></span> <span class='ocrx_word' id='word_1_271' title='bbox 678 4556 885 4634; x_wconf 89' lang='lat' dir='ltr'><strong>introducti</strong></span> <span class='ocrx_word' id='word_1_272' title='bbox 916 4586 1060 4636; x_wconf 89' lang='lat' dir='ltr'><strong>errores</strong></span> <span class='ocrx_word' id='word_1_273' title='bbox 1085 4559 1133 4638; x_wconf 71' lang='lat' dir='ltr'><strong>in.</strong></span> <span class='ocrx_word' id='word_1_274' title='bbox 1149 4560 1282 4637; x_wconf 91' lang='lat' dir='ltr'><strong>ordine</strong></span> <span class='ocrx_word' id='word_1_275' title='bbox 1306 4561 1471 4638; x_wconf 90' lang='lat' dir='ltr'><strong>contenti</strong></span> <span class='ocrx_word' id='word_1_276' title='bbox 1495 4562 1536 4637; x_wconf 93' lang='lat' dir='ltr'><strong>in</strong></span> <span class='ocrx_word' id='word_1_277' title='bbox 1564 4562 1735 4650; x_wconf 85' lang='lat' dir='ltr'><strong>articulis,</strong></span> 
     </span>
     <span class='ocr_line' id='line_1_32' title="bbox 329 4674 1733 4796; baseline 0.009 -40"><span class='ocrx_word' id='word_1_278' title='bbox 329 4683 430 4758; x_wconf 91' lang='lat' dir='ltr'><strong>unde</strong></span> <span class='ocrx_word' id='word_1_279' title='bbox 450 4684 490 4757; x_wconf 91' lang='lat' dir='ltr'><strong>in</strong></span> <span class='ocrx_word' id='word_1_280' title='bbox 506 4686 789 4790; x_wconf 88' lang='lat' dir='ltr'><strong>recepcionibus</strong></span> <span class='ocrx_word' id='word_1_281' title='bbox 805 4686 928 4766; x_wconf 81' lang='lat' dir='ltr'><strong>fratris</strong></span> <span class='ocrx_word' id='word_1_282' title='bbox 938 4674 1090 4766; x_wconf 69' lang='lat' dir='ltr'><strong>&#39;ordinis</strong></span> <span class='ocrx_word' id='word_1_283' title='bbox 1114 4690 1377 4796; x_wconf 85' lang='lat' dir='ltr'><strong>apportabatur</strong></span> <span class='ocrx_word' id='word_1_284' title='bbox 1396 4721 1516 4770; x_wconf 90' lang='lat' dir='ltr'><strong>unum</strong></span> <span class='ocrx_word' id='word_1_285' title='bbox 1537 4692 1733 4772; x_wconf 82' lang='lat' dir='ltr'><strong>missaleia</strong></span> 
     </span>
     <span class='ocr_line' id='line_1_33' title="bbox 329 4816 1733 4932; baseline 0.009 -47"><span class='ocrx_word' id='word_1_286' title='bbox 329 4837 407 4916; x_wconf 88' lang='lat' dir='ltr'><strong>quo</strong></span> <span class='ocrx_word' id='word_1_287' title='bbox 428 4829 507 4888; x_wconf 87' lang='lat' dir='ltr'><strong>erat</strong></span> <span class='ocrx_word' id='word_1_288' title='bbox 525 4841 657 4919; x_wconf 84' lang='lat' dir='ltr'><strong>ymago</strong></span> <span class='ocrx_word' id='word_1_289' title='bbox 677 4816 870 4911; x_wconf 83' lang='lat' dir='ltr'><strong>Crucifixi,</strong></span> <span class='ocrx_word' id='word_1_290' title='bbox 888 4818 948 4897; x_wconf 90' lang='lat' dir='ltr'><strong>vel</strong></span> <span class='ocrx_word' id='word_1_291' title='bbox 966 4819 1037 4897; x_wconf 84' lang='lat' dir='ltr'><strong>alia</strong></span> <span class='ocrx_word' id='word_1_292' title='bbox 1056 4849 1159 4909; x_wconf 84' lang='lat' dir='ltr'><strong>crux,</strong></span> <span class='ocrx_word' id='word_1_293' title='bbox 1179 4838 1216 4899; x_wconf 90' lang='lat' dir='ltr'><strong>et</strong></span> <span class='ocrx_word' id='word_1_294' title='bbox 1229 4822 1507 4927; x_wconf 85' lang='lat' dir='ltr'><strong>precipiebatur</strong></span> <span class='ocrx_word' id='word_1_295' title='bbox 1522 4823 1597 4902; x_wconf 92' lang='lat' dir='ltr'><strong>illis</strong></span> <span class='ocrx_word' id='word_1_296' title='bbox 1611 4824 1674 4932; x_wconf 88' lang='lat' dir='ltr'><strong>qni</strong></span> <span class='ocrx_word' id='word_1_297' title='bbox 1687 4845 1733 4898; x_wconf 67' lang='lat' dir='ltr'><strong>re</strong></span> 
     </span>
    </p>
   </div>
   <div class='ocr_carea' id='block_1_4' title="bbox 0 0 2046 6052">
    <p class='ocr_par' dir='ltr' id='par_1_4' title="bbox 0 0 2046 6052">
     <span class='ocr_line' id='line_1_34' title="bbox 0 0 2046 6052; baseline 0 0"><span class='ocrx_word' id='word_1_298' title='bbox 0 0 2046 6052; x_wconf 95' lang='lat' dir='ltr'><strong> </strong></span> 
     </span>
    </p>
   </div>
  </div>
 </body>
</html>
