4080 6052
304 542 376 617 sca
688 527 883 619 anonas
909 546 1004 616 nas
1032 543 1331 617 inarmans.

304 715 389 763 cum
415 712 493 790 quo
517 684 639 761 luerat
660 685 901 793 inquisitum,
929 683 1124 763 absolutus
1150 701 1188 761 et
1214 683 1477 762 reconciliatus
1508 715 1578 792 per
1608 688 1731 767 domi-

304 846 395 893 num
416 816 632 922 episcopum
649 816 914 906 Parisiensem3
930 832 977 893 et
995 832 1052 892 est
1070 816 1376 924 septuagenarius
1397 815 1457 892 vel
1471 814 1584 893 circa.
1604 819 1729 898 Lectis

304 968 428 1026 autem
458 967 496 1025 et
521 947 722 1056 diligenter
751 947 925 1055 expositis
954 947 1026 1024 sibi
1055 946 1233 1025 omnibus
1273 964 1311 1024 et
1343 946 1508 1053 siugulis
1540 949 1720 1038 articulis,

305 1079 497 1186 respondit
516 1079 565 1155 ad
585 1108 660 1170 eos,
684 1096 722 1156 et
736 1080 860 1185 primo
880 1078 929 1157 ad
948 1079 1091 1186 primos
1111 1106 1190 1169 ιιιιι,
1211 1107 1251 1157 se
1272 1078 1416 1160 nescire
1437 1079 1470 1156 si
1491 1097 1661 1159 contenta
1679 1082 1720 1158 in

306 1212 414 1288 dictis
437 1209 602 1287 articulis
622 1228 727 1288 erant
745 1240 848 1299 vera,
870 1209 959 1317 quia
983 1237 1060 1286 non
1084 1209 1227 1287 viderat
1251 1209 1419 1315 predicta
1442 1209 1541 1287 lieri.
1563 1212 1719 1305 Quando

302 1363 429 1419 tamen
453 1343 531 1448 ipse
550 1340 623 1418 luit
642 1358 815 1448 receptus
835 1342 874 1418 in
898 1340 1051 1429 ordine,
1074 1340 1273 1418 Dominica
1292 1341 1462 1447 proxima
1481 1359 1572 1420 ante
1593 1344 1723 1422 Pente·

305 1492 432 1551 costen
457 1472 626 1578 proximo
646 1471 869 1579 preteritum
896 1470 1059 1548 luerunt·
1078 1471 1324 1579 quadraginta
1348 1472 1436 1548 anni
1463 1473 1523 1549 vel
1554 1475 1722 1583 cirea,in

305 1602 444 1709 capella
472 1604 607 1680 domus
626 1601 776 1707 Templi
803 1602 850 1679 de
874 1600 1098 1679 Colomeriis
1124 1599 1328 1680 Meldensis
1355 1584 1537 1695 diocesis,
1560 1633 1628 1709 per
1653 1604 1719 1681 lra-

304 1752 402 1811 trem
419 1734 630 1810 lohannem
650 1731 697 1808 de
718 1730 916 1810 Marcellis
935 1733 1128 1838 quondam
1143 1731 1326 1819 militem,
1349 1752 1609 1840 preceptorem
1630 1752 1717 1811 tunc

305 1865 351 1941 de
376 1865 475 1956 Bria,
498 1863 735 1970 presentibus
753 1861 931 1940 fratribus
950 1861 1117 1941 Gerardo
1136 1881 1353 1968 preceptore
1374 1864 1604 1942 Priminensi
1622 1893 1717 1971 pres·

304 1996 452 2103 bytom,
480 1994 645 2072 Roberto
668 1995 697 2069 F
700 1993 843 2071 risonre
866 2009 1083 2099 preceptore
1114 1992 1213 2069 dicte
1244 1993 1382 2071 domus
1405 1995 1456 2070 de
1483 1994 1718 2087 Colomeriis‚

305 2125 473 2202 Gerardo
510 2123 545 2199 la
571 2124 707 2202 Vinhie
741 2140 779 2201 et
810 2123 1011 2201 Lamberto
1044 2122 1080 2200 le
1114 2123 1295 2202 Gauheur
1335 2125 1607 2213 servientibus,
1648 2127 1719 2206 del·

305 2254 459 2339 lunctis,
489 2253 611 2330 dictus
638 2253 759 2340 testis,
789 2253 894 2331 flexis
922 2253 1100 2362 genibus,
1127 2253 1241 2358 peciit
1261 2282 1282 2328 a
1306 2252 1408 2331 dicto
1433 2274 1632 2362 receptore
1656 2256 1719 2335 sibi

306 2384 461 2463 concedi
477 2413 612 2489 panem
634 2401 672 2460 et
691 2412 826 2490 aquam
848 2402 886 2462 et
902 2385 1119 2462 societatem
1140 2401 1178 2460 et
1191 2384 1368 2462 vestitum
1378 2387 1546 2484 ordinis.
1566 2391 1654 2482 Quo
1667 2417 1721 2466 re·

305 2516 515 2622 spondente
545 2515 649 2621 quod
677 2516 859 2623 grandem
888 2544 970 2593 rem
996 2513 1150 2623 petebat
1168 2532 1207 2591 et
1226 2517 1331 2621 quod
1354 2517 1456 2595 bene
1484 2517 1718 2605 deliberaret,

305 2648 392 2754 quia
412 2663 603 2753 oporteret
623 2676 710 2725 eum
732 2645 850 2723 multa
870 2647 965 2725 dura
990 2664 1028 2724 et
1049 2675 1178 2752 aspera
1205 2648 1410 2736 sustinere,
1436 2648 1518 2754 ipse
1541 2651 1645 2727 testis
1668 2679 1720 2726 re

305 2778 458 2882 spondit
468 2776 573 2885 quod
586 2777 713 2856 omnia
722 2775 889 2883 predicta
897 2777 996 2854 bene
1006 2777 1220 2854 sustineret.
1233 2778 1321 2855 Post
1330 2808 1407 2885 que
1420 2779 1542 2857 dictus
1552 2797 1717 2886 receptor

307 2905 525 2984 deliberavit
541 2907 684 3013 pluries
701 2935 788 2985 cum
804 2906 981 2987 fratribus
999 2907 1207 2985 astantibus
1225 2908 1256 2985 si
1270 2910 1456 3013 reciperet
1472 2939 1570 2996 eum,
1586 2926 1623 2986 et
1641 2939 1715 3016 pre·

305 3037 403 3141 cepit
423 3037 456 3113 ei
476 3038 582 3141 quod
597 3055 744 3146 rogaret
761 3039 886 3116 Deum
901 3055 945 3117 ut
959 3038 1138 3146 dirigeret
1157 3066 1262 3130 eum,
1284 3055 1322 3117 et
1340 3059 1468 3119 oraret
1488 3069 1609 3119 coram
1627 3070 1718 3147 quo·

307 3166 392 3241 dam
414 3165 538 3254 altari;
561 3185 702 3243 etcum
725 3169 799 3245 hoc
821 3169 981 3261 fecisset,
1003 3169 1165 3247 finaliter
1184 3168 1272 3246 fecit
1286 3199 1373 3248 eum
1393 3201 1527 3249 vovere
1547 3190 1585 3248 et
1598 3173 1719 3280 jurare

307 3297 527 3387 castitatem,
542 3298 818 3387 obedienciam,
831 3301 951 3377 vivere
964 3301 1044 3378 sine
1057 3301 1210 3407 proprio
1225 3364 1233 3392 ,
1256 3319 1293 3378 et
1311 3304 1416 3410 quod
1433 3332 1509 3380 non
1528 3304 1721 3380 interesset

306 3428 388 3506 loco
404 3429 443 3503 in
460 3458 535 3535 quo
552 3429 687 3536 aliquis
701 3430 840 3506 nobilis
853 3433 970 3508 homo
984 3433 1041 3508 vel
1063 3432 1202 3509 nobilis
1218 3433 1357 3509 mulier
1377 3462 1443 3510 suo
1461 3433 1589 3509 studio
1609 3434 1719 3509 exlic-

304 3560 500 3637 redaretur
517 3561 664 3667 injuste.
682 3563 929 3639 Postmodum
951 3563 1132 3667 imposuit
1149 3564 1182 3639 ei
1199 3563 1433 3650 mantellum,
1448 3580 1484 3637 et
1501 3563 1578 3666 ipse
1596 3580 1633 3638 et
1652 3562 1718 3637 lra'-

304 3707 379 3766 tres
392 3708 551 3767 astantes
563 3689 718 3767 luerunt
730 3720 817 3768 enm
834 3691 988 3768 osculati
1004 3692 1042 3768 in
1061 3722 1142 3780 ore,
1160 3710 1197 3769 et
1211 3693 1388 3770 instruxit
1402 3721 1486 3768 eum
1505 3709 1599 3797 quot
1611 3693 1721 3768 Pater

304 3839 419 3899 noster
432 3822 594 3899 debebat
613 3823 735 3899 dicere
755 3852 823 3927 pro
838 3825 942 3901 horis
957 3826 1050 3915 suis,
1065 3843 1102 3902 et
1121 3824 1283 3930 qualiter
1298 3854 1337 3901 se
1357 3842 1503 3932 regeret
1517 3824 1556 3898 in
1576 3824 1718 3901 ordine.

304 3953 349 4027 Et
377 3953 623 4057 postmodum
642 3954 791 4030 iverunt
816 3955 862 4030 ad
885 3956 1104 4060 prandium3
1129 3983 1206 4062 qno
1229 3972 1439 4062 assumpto,
1459 3973 1630 4060 receptor
1645 3984 1721 4060 pre-

304 4083 426 4160 dictus
452 4084 593 4160 vocavit
618 4114 704 4160 eum
729 4083 852 4160 solum
884 4087 932 4161 ad
963 4086 1099 4162 dictam
1128 4085 1325 4191 capellam,
1353 4103 1391 4162 et
1412 4086 1583 4191 precepit
1605 4087 1640 4160 ei
1661 4086 1721 4160 eri·

304 4214 414 4289 stenti
439 4215 544 4321 juxta
570 4215 684 4295 altare
714 4217 816 4321 qnod
838 4218 1040 4325 abnegaret
1061 4219 1208 4302 Deun13
1236 4235 1272 4293 et
1292 4218 1415 4293 dictus
1437 4219 1544 4294 testis
1570 4217 1721 4294 eredidit

303 4346 407 4448 quod
424 4345 601 4422 trufando
624 4347 765 4423 diceret
786 4347 883 4423 dicta
902 4350 1029 4440 verba,
1052 4364 1090 4425 et
1112 4348 1307 4455 respondit
1323 4349 1428 4455 quod
1448 4349 1521 4424 hoc
1543 4376 1622 4425 non
1641 4348 1721 4425 lace·

302 4490 377 4562 ret;
397 4492 434 4550 et
455 4476 577 4552 dictus
597 4494 767 4583 receptor
787 4477 879 4554 dixit
896 4479 929 4555 ei
950 4479 1053 4584 quod
1073 4480 1145 4556 hoc
1164 4479 1361 4586 oportebat
1379 4509 1469 4555 enm
1489 4477 1633 4570 sacere;
1653 4505 1719 4584 quo

304 4604 448 4691 audito,
474 4608 669 4713 abnegavit
696 4608 819 4685 Deum
847 4638 910 4686 ore
937 4638 1013 4687 non
1040 4609 1163 4687 corde.
1195 4610 1342 4687 Deinde
1367 4612 1538 4715 precepit
1566 4613 1600 4687 ei
1627 4606 1718 4716 quod

303 4751 455 4834 spueret
482 4764 591 4839 supra
619 4740 822 4843 quamdam
849 4768 997 4818 cruceni
1027 4739 1208 4849 ligneam,
1230 4741 1268 4815 in
1295 4769 1369 4846 qna
1394 4770 1471 4818 non
1500 4759 1582 4818 erat
1607 4743 1717 4846 imago

303 4860 496 4950 Crucifixi,
531 4893 642 4970 quam
676 4869 775 4946 idern
808 4889 978 4983 receptor
1002 4888 1192 4977 receperat
1225 4870 1272 4948 de
1303 4871 1408 4949 altari
1437 4890 1475 4948 et
1497 4872 1656 4954 tenebat
1681 4869 1717 4942 in
