4080 6052
529 553 598 624 rae
910 531 1104 627 raucas
1131 553 1225 625 nas
1250 554 1554 627 Taurumue.

524 692 699 798 Magister
714 691 799 767 facit
818 720 905 767 euru
922 710 1111 788 conventu·
1123 720 1209 780 suo,
1230 709 1297 768 etc.
1321 693 1392 770 sibi
1411 695 1594 799 exposito,
1618 691 1710 767 dixit
1726 691 1832 796 quod
1848 691 1947 770 illud

525 824 630 929 quod
657 851 814 929 magnus
841 823 1015 930 Magister
1042 841 1080 900 et
1108 839 1312 900 conventus
1337 824 1560 901 ordinabant
1578 823 1676 900 ultra
1699 850 1820 913 mare,
1846 822 1945 900 bene

525 953 751 1030 mandabant
776 952 960 1030 observari
987 970 1025 1029 et
1051 952 1318 1031 observabatur
1341 953 1430 1030 citra
1455 982 1576 1040 mare,
1599 980 1794 1061 nunquam
1821 954 1945 1030 tamen

525 1084 664 1160 audivit
679 1083 785 1189 quod
802 1082 943 1189 aliquid
962 1111 1163 1160 erroneum
1182 1083 1367 1160 observari
1385 1085 1614 1162 mandarent.
1635 1085 1690 1160 De
1711 1083 1793 1159 aliis
1812 1085 1948 1161 articu-

525 1213 571 1291 lis
598 1213 844 1321 sequentibus
870 1242 991 1319 usque
1021 1214 1069 1290 ad
1095 1213 1313 1304 articulum,
1340 1217 1434 1291 ltem
1464 1216 1569 1321 quod
1601 1213 1710 1290 multi
1739 1211 1869 1291 fratres
1897 1215 1945 1290 de

525 1346 625 1422 dicto
652 1345 783 1421 ordine
806 1360 960 1449 propter
983 1342 1168 1434 feditates,
1196 1360 1265 1420 etc.
1287 1345 1524 1452 singulariter
1543 1344 1762 1450 requisitus,
1789 1344 1883 1422 dixit
1907 1373 1945 1421 se

526 1474 621 1551 nihil
641 1475 735 1549 scire
754 1473 852 1548 ultra
872 1473 912 1548 id
930 1473 1036 1578 quod
1056 1501 1167 1578 supra
1189 1475 1373 1579 deposuit

446 1647 449 1650 ·
582 1606 692 1693 ltem,
714 1629 826 1706 super
851 1601 1023 1687 articulo,
1046 1602 1160 1694 Quod
1185 1603 1296 1680 multi
1314 1603 1445 1682 fratres
1470 1605 1517 1683 de
1543 1604 1644 1681 dicto
1670 1605 1802 1681 ordine
1829 1605 1948 1682 exive-

526 1750 614 1808 runt
633 1749 787 1837 propter
805 1729 993 1823 feditates,
1011 1749 1081 1808 etc.
1099 1749 1137 1809 et
1151 1761 1264 1839 super
1280 1733 1362 1812 aliis
1376 1763 1498 1842 usque
1516 1735 1564 1811 ad
1579 1735 1695 1811 finem
1710 1733 1949 1840 singulariter

473 1949 476 1954 ,
526 1892 640 1969 super
658 1862 830 1969 quolibet
854 1862 1073 1969 requisitus,
1096 1862 1188 1939 dixit
1208 1865 1313 1970 quod
1336 1865 1449 1942 multi
1470 1866 1615 1942 dictum
1635 1863 1805 1941 ordinem
1825 1865 1947 1942 exive—

526 2011 630 2083 runt,
656 2021 732 2070 non
752 2008 906 2098 propter
925 1992 1097 2070 feditates
1117 2009 1155 2069 et
1175 2021 1320 2072 errores
1343 1995 1411 2101 qui
1439 1995 1572 2071 sintin
1592 1994 1741 2085 ordine,
1763 1994 1830 2070 sed
1848 1992 1945 2073 forte

526 2139 680 2229 propter
700 2150 800 2199 suos.
822 2124 916 2199 Item
938 2122 1030 2198 dixit
1053 2122 1158 2229 quod
1182 2124 1301 2201 multa
1321 2142 1359 2202 et
1377 2126 1499 2237 gravia
1519 2124 1689 2202 scandala
1713 2140 1802 2201 sunt
1821 2141 1945 2213 exorta

528 2270 655 2329 contra
673 2252 845 2330 ordinem
864 2281 908 2328 ex
923 2253 997 2330 hiis
1016 2282 1091 2359 que
1112 2253 1182 2329 sibi
1203 2254 1495 2361 imponebantur
1516 2274 1553 2333 et
1572 2272 1747 2364 generata
1766 2255 1806 2330 in
1826 2254 1944 2331 cordi-

526 2383 599 2459 bus
624 2382 822 2490 grandium
841 2410 1096 2487 personarum
1126 2400 1164 2460 et
1189 2384 1435 2489 populorum,
1465 2386 1532 2463 sed
1558 2385 1675 2463 nescit
1704 2384 1808 2460 aliud
1832 2413 1944 2491 quam

527 2542 638 2619 supra
662 2512 849 2618 deposuit.
873 2512 929 2588 De
955 2511 1252 2591 confessionibus
1275 2543 1367 2591 vero
1383 2514 1549 2621 Magistri
1570 2532 1608 2591 et
1633 2514 1793 2591 aliomm
1818 2543 1945 2618 prece-

526 2662 678 2748 ptorum
705 2671 928 2751 magnorum
953 2660 991 2720 et
1015 2644 1061 2719 de
1086 2641 1383 2722 confessionibus
1405 2643 1562 2720 fratrum
1581 2643 1770 2748 plurium,
1792 2674 1869 2749 que
1892 2645 1945 2722 di·

527 2792 664 2850 cuntur
692 2772 784 2849 facte
814 2774 852 2848 in
881 2773 1072 2878 presencia
1101 2774 1344 2852 dominorum
1373 2775 1471 2878 Papa
1502 2791 1540 2850 et
1568 2772 1812 2849 cardinalium
1846 2792 1885 2850 et
1910 2776 1944 2851 iu

527 2903 762 2988 consistorio,
784 2902 901 2979 nichil
920 2904 1003 2992 scit,
1024 2933 1094 2980 nec
1114 2903 1298 2994 interfuit,
1318 2904 1389 2981 nisi
1407 2919 1521 3010 prout
1542 2903 1683 2979 audivit
1705 2902 1889 2978 contineri
1908 2905 1944 2980 in

527 3032 689 3136 quadarn
708 3031 831 3107 littera
851 3033 1051 3136 apostolica
1070 3034 1159 3111 alias
1179 3034 1250 3111 sibi
1271 3035 1377 3111 lecta.

582 3161 718 3238 Actum
746 3161 842 3236 dicta
876 3161 936 3237 die
974 3165 1101 3251 Lune,
1132 3164 1233 3268 apud
1266 3183 1436 3241 sanetum
1470 3163 1739 3250 Glodoaldum,
1773 3165 1810 3238 in
1848 3164 1944 3240 dicta

528 3290 641 3367 domo
662 3290 876 3394 episcopali,
897 3318 965 3395 per
985 3291 1105 3368 dictos
1125 3293 1299 3369 dominos
1322 3295 1565 3400 Bajocensem
1586 3309 1623 3367 et
1642 3293 1943 3370 Lemovicensem

527 3423 720 3527 episcopos
746 3438 784 3497 et
807 3421 1110 3497 archidiaconum
1137 3422 1439 3530 Magalonensem
1465 3441 1503 3498 et
1527 3451 1651 3500 coram
1672 3423 1741 3512 eis,
1763 3422 1941 3527 presenti-

525 3553 597 3627 bus
623 3552 808 3658 magistris
832 3552 1021 3629 Bernardo
1041 3551 1182 3643 Filioh,
1209 3553 1359 3630 Nicolao
1385 3553 1431 3628 de
1458 3552 1689 3629 Constanciis
1716 3571 1753 3628 et
1776 3554 1944 3629 lohanne

526 3684 572 3757 do
593 3683 745 3758 Fellinis
765 3683 918 3759 notariis
938 3682 1115 3787 publicis,
1137 3701 1181 3758 ut
1201 3684 1270 3787 ipsi
1291 3683 1777 3786 postmodum-retulerunt.

580 3957 667 4031 Post
692 3985 766 4061 que
799 3955 886 4030 dicti
919 3955 1062 4031 domini
1095 3955 1305 4062 Bajocensis
1336 3971 1373 4029 et
1406 3954 1680 4030 Lemovicensis
1711 3954 1875 4059 episcopi
1903 3983 1942 4030 ac

525 4086 804 4162 archidiaconus
826 4087 1112 4192 Magalonensis‚
1135 4086 1182 4162 de
1203 4085 1303 4162 dicto
1323 4085 1407 4162 loco
1432 4086 1480 4161 de
1501 4104 1626 4162 sancto
1651 4084 1864 4162 Glodoaldo
1884 4113 1942 4161 re·

524 4217 709 4308 dcuntes,·
721 4219 852 4295 eadem
874 4219 951 4310 die,
973 4218 1150 4309 Pausias,
1169 4217 1216 4294 ad
1233 4217 1370 4294 dictam
1389 4217 1566 4321 capellam
1584 4215 1667 4291 aule
1683 4215 1850 4321 predicte
1868 4217 1942 4321 epi·

523 4347 658 4450 scopeli
682 4349 942 4439 adherentem,
961 4350 1185 4426 invenerunt
1202 4348 1344 4425 ibidem
1363 4347 1632 4453 alios-prefatos
1652 4346 1824 4423 dominos
1844 4375 1943 4423 com·

523 4479 709 4553 missarios
744 4496 1000 4585 congregatos;
1032 4507 1156 4555 coram
1191 4478 1331 4584 quibus
1365 4477 1541 4554 omnibus
1569 4477 1734 4583 prefatus
1766 4477 1942 4553 dominus

522 4605 777 4683 Guischardus
807 4609 854 4684 de
886 4609 1109 4695 Marchiaco,
1142 4610 1247 4685 testis
1277 4637 1387 4713 supra
1414 4609 1578 4713 juratus,
1609 4608 1785 4712 deposuit
1815 4627 1858 4684 ut
1886 4637 1940 4683 se·

523 4751 653 4838 quitur
671 4764 679 4808 ε

578 4835 762 4940 Dominus
800 4863 1056 4942 Guischardus
1092 4867 1139 4942 de
1176 4868 1381 4944 Marziacho
1420 4868 1528 4943 miles
1560 4869 1764 4972 predictus,
1792 4870 1937 4976 juratus
2008 4930 2011 4935 .

671 5128 701 5213 ‘il
