4080 6052
330 573 402 646 502
714 551 911 645 procus
938 570 1032 642 ons
1058 569 1359 643 rnurttnss.

330 717 438 820 Hugo
468 712 516 790 de
537 712 696 790 Peraldo
715 713 875 790 Parisius
898 713 938 788 in
957 708 1134 814 capitulio
1153 711 1341 817 generali3
1364 710 1413 787 de
1429 726 1608 818 tempore
1627 742 1755 825 reecp-

332 844 450 922 cionis
464 872 541 920 non
559 844 788 933 recordatur,
808 843 875 920 sed
889 841 1010 919 credit
1022 840 1132 947 quod.
1142 841 1217 919 sint
1234 843 1368 919 decem
1385 842 1475 923 anni
1492 842 1622 950 elapsi.
1633 847 1754 926 luter·

328 976 401 1053 luit
423 976 541 1054 eciam
567 975 734 1080 plurium
760 976 921 1052 aliorum
945 972 1249 1078 recepcionibus,
1268 974 1317 1050 de
1340 1003 1508 1080 quorum
1532 977 1748 1057 nominibus

326 1128 362 1185 et
371 1105 609 1214 presentibus
620 1135 698 1184 non
708 1107 944 1194 recordaturi
959 1103 1150 1212 inquibus
1162 1105 1319 1210 quidem
1332 1105 1618 1212 recopcionibus
1627 1110 1743 1187 nichil

324 1238 417 1316 vidit
440 1238 523 1314 fieri
549 1237 741 1326 illicitum,
768 1237 858 1343 quia
879 1235 1079 1315 recedebat
1097 1235 1280 1312 exoausis
1298 1236 1539 1341 supradictis,
1562 1240 1744 1318 mantellis

324 1371 469 1448 traditis
489 1369 643 1447 eisdem.
1011 1386 1015 1393 '
1070 1375 1073 1380 ’
1296 1390 1300 1401 ·

230 1584 232 1588 ,
380 1503 491 1590 ltem,
511 1500 714 1605 requisitus
737 1527 853 1605 super
874 1525 933 1577 siv
954 1515 991 1577 et
1007 1496 1190 1577 omnibus
1208 1500 1458 1604 sequentibus
1477 1500 1666 1595 articulis,
1689 1532 1744 1582 re·

325 1633 478 1743 spondit
493 1659 532 1709 se
547 1629 663 1707 nichil
676 1629 887 1706 scireultra
907 1628 1013 1735 qnod
1030 1657 1144 1734 supra
1160 1627 1353 1734 deposuit,
1376 1631 1449 1707 boc
1468 1650 1626 1738 excepto
1641 1635 1740 1740 qnod

325 1764 403 1867 ipse
424 1762 522 1838 bene
548 1759 724 1838 credebat
746 1777 786 1839 et
804 1760 927 1836 credit
949 1759 1055 1866 quod
1073 1758 1136 1835 alii
1155 1758 1287 1836 fratres
1305 1761 1507 1839 crederent
1526 1761 1740 1842 ecclesiasti-

323 1895 375 1970 cis
399 1891 652 1981 sacrameutis,
670 1907 708 1968 et
722 1890 828 1996 quod
844 1902 979 1966 eorum
995 1888 1207 1967 sacerdotes
1226 1891 1436 1968 secundum
1453 1921 1561 1971 sacra
1583 1894 1737 1972 Ecclesia

324 2023 452 2101 debite
472 2020 730 2110 celebrarents·
741 2047 812 2096 neo
832 2019 952 2099 credit
969 2019 1075 2126 quod
1096 2048 1228 2097 eorum
1245 2039 1486 2129 preceptores
1502 2023 1589 2103 laici
1604 2025 1662 2102 vel
1675 2028 1740 2104 Ma·

321 2156 436 2263 gister
453 2152 597 2258 possint
613 2151 804 2229 absolvere
824 2153 1041 2259 apeccatis3
1058 2150 1237 2261 jurabant
1252 2153 1428 2231 ordinem
1446 2175 1533 2232 non'
1546 2140 1648 2235 isira
1663 2159 1737 2237 sine

322 2286 475 2362 licencia
495 2285 732 2390 superiorum
752 2313 910 2361 suorum
928 2284 994 2391 qui
1013 2311 1094 2360 eam
1116 2284 1206 2361 dare
1226 2302 1391 2390 possent.
1408 2286 1548 2364 Statim
1566 2316 1636 2395 pro
1656 2319 1737 2396 pro·

316 2416 421 2495 fessis
440 2414 688 2495 habebantur.
711 2415 954 2494 Clandestine
973 2414 1263 2522 recipiebantur,
1288 2415 1447 2494 firmatis
1461 2419 1610 2526 januis,
1632 2421 1671 2496 in
1689 2448 1738 2497 ca·

317 2548 446 2655 pitulis
463 2547 717 2656 generalibus,
738 2547 879 2653 quibus
897 2545 1069 2625 interluit
1087 2546 1259 2624 Parisios.
1279 2547 1384 2625 Vidit
1397 2575 1515 2653 super
1533 2549 1649 2628 altare
1666 2551 1736 2628 lre-

316 2698 476 2788 quenter
490 2679 684 2787 quoddam
704 2679 826 2786 capud
842 2694 1077 2784 argenteum,
1095 2677 1202 2785 quod
1215 2676 1310 2755 vidit
1327 2679 1478 2759 adorari
1494 2709 1516 2757 a
1531 2681 1734 2787 majoribus

314 2813 379 2916 qui
391 2809 572 2889 tenebant
584 2810 809 2917 capitulum,
826 2827 864 2887 et
876 2809 1019 2887 audivit
1034 2810 1107 2886 dici
1122 2810 1229 2916 quod
1244 2828 1324 2887 erat
1337 2812 1462 2917 capud
1477 2813 1590 2890 unius
1603 2840 1645 2889 cx
1659 2840 1729 2889 un-

314 2941 434 3015 decim
449 2928 603 3019 milibus
616 2941 822 3048 virginum,
837 2960 875 3018 ct
886 2942 962 3019 hoc
973 2939 1153 3018 credebat
1166 2957 1253 3016 ante
1264 2942 1487 3048 capcionem
1502 2970 1646 3032 eorum3
1661 2943 1727 3019 sed

312 3098 428 3157 nunc,
450 3087 605 3174 propter
627 3071 691 3146 illa
722 3099 796 3175 que
816 3071 957 3203 audirit
978 3071 1027 3148 de
1046 3071 1176 3178 ydolis
1195 3087 1232 3146 et
1251 3072 1301 3148 de
1322 3072 1511 3178 capitibus
1530 3071 1727 3183 ydolorum

311 3200 358 3275 de
385 3199 525 3306 quibus
544 3199 690 3274 articuli
711 3200 850 3276 faciunt
876 3203 1131 3293 mencionem,
1150 3203 1359 3308 suspicatur
1374 3205 1480 3311 quod
1499 3225 1596 3284 esset
1611 3207 1730 3312 capud

312 3331 430 3437 ydoli,
464 3331 551 3436 quia
580 3330 728 3407 videtur
752 3331 823 3408 sibi
853 3330 957 3434 quod
976 3332 1136 3408 baberet
1168 3334 1261 3410 duas
1288 3333 1416 3424 facies,
1444 3354 1481 3412 et
1504 3337 1609 3441 quod
1636 3355 1731 3414 esset

310 3460 487 3537 terribilis
506 3478 672 3567 aspectu,
692 3479 728 3538 et
743 3463 848 3567 quod
862 3461 1018 3539 haberet
1038 3463 1192 3540 barbam
1210 3483 1436 3570 argenteam.
1457 3466 1672 3570 Requisitus
1692 3468 1722 3541 si

310 3594 452 3669 dictum
470 3592 590 3697 capud
608 3592 877 3669 ostendebatur
895 3593 1038 3698 populo
1052 3595 1090 3669 in
1106 3596 1457 3702 sollempnitatibus,
1473 3596 1668 3700 respondit
1683 3625 1723 3672 se

309 3724 459 3800 credere
479 3725 610 3829 pocius
625 3724 729 3829 quod
749 3723 816 3810 sic,
838 3724 991 3830 quando
1012 3727 1310 3822 ostendebantur
1327 3728 1398 3803 alic
1418 3726 1591 3834 reliquie,
1610 3756 1724 3833 quam

306 3855 544 3933 contrarium.
564 3855 780 3959 Requisitus
797 3856 827 3932 si
845 3874 1086 3963 cognosceret
1101 3857 1244 3933 dictum
1260 3857 1401 3963 capud,
1419 3858 1450 3933 si
1466 3857 1728 3935 ostenderetur

306 3987 447 4079 eidem,
482 3986 676 4093 respondit
697 4014 737 4063 se
757 3987 909 4064 credere
938 3988 1048 4094 quod
1068 3988 1137 4079 sic,
1160 4017 1204 4063 ex
1223 4017 1298 4094 quo
1336 3989 1427 4065 dicti
1458 3989 1605 4065 domini
1625 4018 1726 4066 com-

304 4117 460 4193 missarii
487 4118 789 4194 deliberaverunt
813 4119 962 4196 mittere
990 4121 1037 4195 ad
1062 4121 1222 4196 domum
1242 4120 1392 4227 Templi
1419 4121 1654 4214 Parisiensis,
1680 4123 1723 4197 ad

303 4250 498 4325 sciendum
522 4249 552 4326 si
576 4249 631 4325 ibi
648 4266 728 4325 erat
754 4250 897 4325 dictum
920 4251 1052 4355 capud.
1079 4252 1191 4340 Item,
1218 4252 1311 4327 dixit
1337 4253 1444 4358 quod
1467 4252 1637 4330 cordulis
1649 4253 1724 4328 cin-

304 4378 498 4484 gebantur‚
520 4406 588 4484 pro
609 4379 870 4457 restrinctione
888 4381 1023 4469 carnis,
1043 4410 1156 4487 supra
1176 4381 1359 4469 camisias,
1382 4409 1475 4487 quas
1494 4381 1723 4488 recipiebant

302 4511 402 4586 unde
433 4510 626 4599 volebant3
653 4538 722 4587 neo
753 4540 920 4617 unquam
951 4513 1094 4590 audivit
1125 4514 1230 4620 quod
1264 4511 1374 4589 dictis
1404 4512 1573 4590 cordulis
1602 4512 1721 4619 aliqua

302 4642 412 4745 ydola
427 4659 681 4747 tangerentur.
700 4643 831 4721 Credit
850 4644 980 4749 pocius
996 4645 1099 4749 quod
1115 4646 1176 4721 alii
1194 4645 1447 4722 communiter
1463 4645 1721 4751 reciperentur

298 4770 337 4844 in
359 4771 509 4859 ordine,
528 4800 573 4847 eo
590 4774 704 4850 modo
720 4802 796 4879 quo
818 4774 995 4880 deposuit
1013 4804 1052 4853 se
1072 4793 1266 4881 receptum
1287 4774 1419 4862 luisse,
1439 4804 1557 4882 quam
1579 4793 1717 4852 coutra-

297 4900 415 4989 rium,
434 4899 542 4977 aliter
559 4901 689 4980 nescit.
704 4903 743 4979 Si
758 4906 983 4983 revelassent
996 4923 1139 4984 secreta
1155 4904 1306 5012 capituli
1321 4968 1330 4996 ,
1343 4905 1404 4981 vel
1418 4905 1581 4984 modum
1596 4932 1717 5009 recep-
