4080 6052
518 549 586 617 uo
898 522 1095 616 rnocts
1114 541 1216 612 ons
1242 537 1541 610 rnurmms.

512 684 689 790 magister
712 684 754 758 R.
780 681 886 787 quod
912 682 1007 765 sidit
1030 683 1155 787 ipsum
1185 678 1224 754 in
1249 705 1382 784 magna
1407 675 1643 761 auctoritate,
1672 693 1709 751 et
1737 676 1857 781 quotl-
1870 679 1933 756 alii

512 813 637 919 magni
667 810 714 888 de
740 811 873 888 ordine
898 828 936 888 et
965 827 1136 917 potentes
1151 808 1288 913 'ipsum
1314 805 1604 891 auctorizabant,
1639 804 1735 881 sicut
1760 807 1936 910 predixe-

513 960 569 1019 rat
588 942 690 1019 idem
710 939 824 1017 frater
844 939 1054 1018 Gervasius.

569 1072 785 1179 Requisitus
799 1101 913 1178 super
927 1071 1103 1149 omnibus
1123 1070 1204 1147 aliis
1219 1068 1385 1166 articulis
1399 1068 1635 1175 supradictis,
1653 1068 1745 1144 dixit
1759 1070 1864 1174 quod
1878 1073 1935 1147 ni·

512 1203 565 1280 hil
583 1203 665 1292 scit,
685 1220 838 1308 excepto
853 1202 1010 1280 articulo
1025 1201 1091 1309 qui
1105 1199 1277 1307 loquitur
1288 1200 1337 1276 de
1352 1200 1596 1306 conpulsione
1612 1216 1650 1276 et
1664 1200 1853 1282 coactione
1865 1231 1934 1307 per

512 1361 716 1418 carcerem,
738 1361 851 1439 quam
871 1331 1056 1409 sariebant
1074 1331 1251 1408 fratribus
1271 1331 1349 1407 suis
1368 1330 1695 1419 inobedientibus,
1716 1329 1811 1406 dixit
1829 1333 1933 1436 quod

512 1463 654 1568 pluries
674 1461 815 1537 audivit
834 1462 881 1537 ab
902 1464 1037 1540 eodem
1057 1461 1169 1538 lratre
1191 1460 1366 1540 Gervasio
1393 1478 1430 1537 et
1452 1461 1627 1566 pluribus
1650 1459 1732 1536 aliis
1756 1462 1860 1567 quod
1886 1461 1933 1539 de

512 1593 584 1668 alio
603 1619 748 1668 carcere
766 1593 818 1667 ita
838 1609 980 1668 atrosce
1000 1620 1077 1668 non
1097 1591 1286 1668 audiverat
1305 1591 1409 1697 loqui
1428 1592 1523 1668 sicut
1543 1594 1589 1670 de
1611 1590 1819 1668 carceribus
1839 1593 1935 1669 ordi-

513 1723 570 1797 nis
591 1721 667 1809 sui,
691 1739 728 1798 et
747 1722 937 1829 quidquid
954 1721 1232 1828 precipiebatur
1248 1751 1269 1797 a
1284 1722 1567 1826 preceptoribus
1586 1721 1664 1797 suis
1683 1749 1813 1826 parere
1830 1739 1934 1798 tene·

513 1851 640 1938 batur3
660 1852 726 1958 qui
743 1880 830 1929 vero
849 1853 889 1928 in
907 1853 1134 1929 contrarium
1153 1852 1362 1942 resistebat,
1384 1850 1508 1928 eidem
1525 1852 1661 1927 carceri
1680 1852 1793 1926 eciam
1812 1881 1932 1957 usque

514 1982 561 2058 ad
579 2001 739 2060 mortem
760 1981 1017 2059 inhumaniter
1033 1982 1256 2089 ponebatur.
1273 1981 1506 2088 Requisitus,
1523 1982 1589 2087 qui
1606 1998 1711 2058 crant
1725 1998 1931 2087 presentes,

513 2112 665 2216 quando
691 2111 789 2187 dicta
812 2111 925 2188 verba
951 2139 1020 2215 per
1044 2112 1188 2189 dictum
1214 2111 1368 2189 fratrem
1392 2111 1612 2190 Gervasium
1638 2111 1858 2189 dicebantur
1882 2111 1933 2186 ei-

513 2240 618 2331 dem,
640 2240 732 2318 dixit
753 2241 858 2348 quod
878 2241 1053 2350 magister
1073 2243 1233 2319 lacobus
1256 2242 1303 2319 de
1326 2242 1497 2328 Nuliaco,
1518 2243 1717 2319 Nicholaus
1742 2243 1930 2349 Symonis,

513 2370 659 2447 Addam
682 2371 728 2448 de
749 2371 1008 2462 Calandriaco,
1028 2373 1152 2449 clerici
1173 2391 1262 2450 tunc
1282 2373 1385 2479 apud
1404 2371 1630 2450 laudunum
1649 2389 1930 2449 commorantes.

514 2501 728 2607 Requisitus
743 2503 789 2579 de
805 2502 904 2594 loco,
926 2501 1019 2578 dixit
1033 2504 1134 2608 quod
1155 2503 1257 2608 apud
1273 2504 1516 2590 Laudunum‚
1536 2502 1738 2607 aliquando
1757 2503 1796 2576 in
1815 2503 1935 2578 domi-

513 2630 584 2707 bus
603 2633 752 2737 Templi
773 2633 844 2709 loci
864 2629 1023 2736 predicti
1049 2661 1141 2738 quas
1159 2632 1312 2709 tenebat
1331 2633 1432 2709 idem
1452 2629 1565 2706 frater
1585 2628 1796 2720 Gervasius,
1819 2649 1858 2707 et
1879 2631 1937 2707 ali·

515 2759 666 2863 quando
685 2760 723 2833 in
740 2759 854 2834 domo
874 2760 911 2833 in
929 2789 1003 2865 qua
1021 2760 1238 2836 morabatur
1255 2759 1399 2835 ibidem
1417 2760 1650 2866 magisterli.
1668 2757 1844 2862 prelatus.
1865 2763 1936 2836 Su·

513 2915 580 2989 per
595 2887 759 2963 articulis
780 2905 906 2964 autem
921 2890 1117 2994 predictis,
1133 2890 1218 2966 visis
1231 2906 1269 2966 et
1282 2889 1388 2966 lectis
1402 2917 1470 2994 per
1486 2917 1592 2975 eum,
1614 2887 1707 2964 dixit
1719 2888 1825 2992 quod
1842 2888 1935 2969 nihil

515 3010 619 3089 aliud
642 3015 780 3091 sciebat
805 3045 873 3092 nec
894 3020 1101 3106 audiverat,
1128 3040 1213 3098 ante
1235 3021 1449 3125 capcionem
1476 3017 1633 3094 fratrum
1662 3019 1749 3093 dicti
1781 3018 1932 3102 ordinis,

514 3170 629 3248 quam
645 3143 742 3221 illud
757 3146 861 3249 quod
879 3175 989 3251 supra
1011 3147 1163 3225 dixerat.
1182 3151 1434 3254 Interrogatus
1450 3149 1496 3224 de
1515 3166 1610 3223 etate
1627 3176 1708 3232 sua,
1726 3147 1818 3223 dixit
1833 3148 1934 3252 quod

515 3287 594 3346 erat
609 3272 924 3378 quadragenarius
937 3274 993 3350 vel
1012 3276 1117 3350 circa.
1134 3277 1438 3381 Itemrequisitus
1449 3278 1480 3353 si
1491 3306 1613 3382 prece,
1625 3279 1768 3383 preci0,
1782 3279 1930 3365 timore,

515 3429 654 3490 amore,
676 3403 764 3480 odio
782 3404 839 3480 vel
858 3405 1055 3511 temporali
1074 3405 1233 3483 comodo
1253 3407 1439 3511 deposuit,
1459 3409 1652 3511 respondit
1670 3409 1771 3513 quod
1792 3438 1877 3482 non.

571 3535 681 3622 Item,
700 3535 830 3610 eadem
850 3534 911 3612 die
930 3536 1074 3625 Sabati,
1095 3537 1133 3613 in
1152 3537 1292 3642 capella
1310 3538 1467 3643 prelata,
1484 3539 1657 3616 Nicolaus
1676 3540 1850 3645 Symonis
1867 3538 1935 3614 Do

515 3663 701 3755 mirellus,
720 3666 948 3745 Senonensis
962 3667 1137 3759 diocesis,
1155 3669 1369 3774 prepositus
1385 3671 1600 3747 monasterii
1620 3670 1856 3755 Fassatensis,
1879 3668 1935 3743 lit-

514 3810 665 3885 teratus,
680 3795 797 3882 etatis,
811 3814 853 3871 ut
868 3797 972 3888 dixit,
985 3825 1028 3874 xx
1046 3826 1232 3875 annorum
1248 3799 1306 3874 vel
1323 3801 1429 3886 circa,
1447 3800 1552 3876 testis
1564 3801 1712 3905 juratus
1728 3797 1934 3873 secundum

513 3923 673 4003 sormam
693 3927 965 4032 suprapositam
987 3944 1023 4002 et
1043 3929 1246 4034 requisitus
1273 3958 1386 4034 super
1406 3930 1515 4006 dictis
1535 3929 1700 4005 articulis
1720 3926 1792 4003 sibi
1813 3926 1933 4014 lectis,

515 4056 709 4160 respondit
729 4056 800 4149 snb
816 4057 1032 4163 juramento
1064 4088 1152 4149 su0,
1173 4060 1277 4165 quod
1299 4060 1393 4136 nihil
1415 4061 1482 4137 scit
1503 4061 1550 4136 de
1570 4060 1722 4134 veritate
1748 4057 1936 4132 dictorum

516 4185 775 4276 articulorum,
793 4187 861 4263 sed
875 4188 1084 4294 suspicatur
1099 4190 1239 4266 dictam
1253 4190 1475 4296 religionem
1496 4219 1572 4266 non
1593 4218 1672 4265 esse
1691 4188 1840 4263 bonam.
1866 4188 1936 4260 Re-

515 4313 675 4417 quisitus
705 4315 751 4392 dc
783 4346 892 4393 causa
919 4320 1158 4424 suspicionis,
1188 4320 1384 4425 respondit
1415 4321 1520 4426 quod
1549 4337 1636 4394 sunt
1666 4343 1733 4393 xxv
1763 4315 1851 4391 anni
1880 4315 1936 4391 vel

517 4443 629 4536 circa,
651 4446 755 4551 quod
780 4449 934 4524 Janotus
966 4449 1088 4524 dictus
1119 4450 1165 4526 de
1191 4451 1350 4555 Templo
1377 4449 1582 4525 avunculus
1602 4478 1693 4524 suus
1719 4465 1870 4522 venerat
1890 4445 1935 4521 de

517 4574 698 4678 Aragonia
723 4604 809 4650 cum
835 4577 945 4654 fratre
967 4578 1163 4683 Arnulpho
1190 4580 1237 4656 de
1253 4580 1431 4658 Visinalla
1455 4578 1574 4654 milite
1597 4579 1740 4655 ordinis
1759 4576 1933 4683 predicti,

516 4720 553 4776 ct
571 4703 642 4777 luit
660 4704 760 4778 dicto
779 4706 939 4784 Johanni
957 4711 1023 4815 qui
1041 4711 1207 4787 nutritus
1225 4711 1347 4788 fuerat
1365 4713 1403 4787 in
1422 4711 1521 4786 dicto
1541 4712 1673 4787 ordine
1692 4709 1843 4814 Templi
1862 4736 1937 4814 per·

515 4860 668 4908 suasum
685 4850 721 4909 et
736 4837 961 4941 requisitum
976 4840 1119 4944 pluries
1132 4843 1237 4946 quod
1258 4843 1413 4918 intraret
1433 4841 1576 4917 dictum
1598 4841 1784 4925 ordinem,
1812 4855 1849 4913 et
1871 4867 1937 4913 no-
