4080 6052
323 564 398 639 on
710 540 910 635 rsoons
929 558 1023 631 oss
1048 555 1348 631 remetiens.

322 704 469 781 blioate.
501 705 619 791 item,
645 702 739 779 dixit
761 700 865 807 quod
893 699 1051 805 majores
1081 695 1225 781 ordinis
1248 725 1325 774 non
1355 691 1625 801 permitebant
1653 693 1753 798 quod

323 835 519 911 inferiores
535 832 717 911 baberent
734 833 901 939 regulam
922 830 1081 921 ordinis,
1097 859 1167 906 nec
1180 829 1284 936 quod
1297 844 1561 934 exponeretur
1583 825 1651 916 eis,
1667 843 1705 902 et
1722 827 1751 901 si

323 965 417 1040 ordo
436 980 562 1052 staret,
579 962 691 1038 vellet
706 963 845 1039 habere
860 960 1032 1066 regulam
1049 974 1200 1037 certam.

377 1225 504 1299 Frater
526 1223 738 1328 Stephanus
755 1221 809 1299 las
828 1220 1020 1307 Gorsolas-‚
1046 1220 1152 1297 testis
1175 1221 1232 1296 eri
1245 1221 1499 1309 examinatus,
1522 1220 1680 1298 rediens
1698 1221 1743 1299 ad

321 1354 551 1460 presenciam
582 1354 767 1430 dictorum
800 1350 1162 1438 commissariorum,
1184 1351 1276 1427 dixit
1303 1352 1352 1427 ad
1383 1352 1617 1427 memoriam
1641 1380 1742 1429 suam

320 1484 519 1559 reductum
551 1482 663 1559 fuisse
689 1484 813 1588 quod,
841 1484 878 1558 in
904 1483 965 1559 die
994 1481 1224 1587 recepcionis
1256 1482 1354 1587 ejus,
1384 1480 1540 1559 fuerant
1564 1511 1653 1559 cum
1682 1511 1742 1560 eo-

321 1614 424 1700 dem,
451 1642 518 1718 per
543 1614 705 1690 eundem
733 1613 831 1694 etin
858 1613 994 1689 eodem
1017 1612 1100 1691 loco
1126 1630 1164 1689 et
1188 1613 1330 1689 eisdem
1350 1612 1597 1716 presentibus
1618 1631 1657 1690 et
1671 1643 1738 1719 per

320 1743 483 1818 eundem
506 1743 664 1819 modum
687 1744 813 1848 quoad
829 1742 947 1833 licita,
970 1742 1109 1845 recepti
1130 1739 1262 1819 fratres
1278 1743 1411 1819 Petrus
1432 1743 1484 1820 de
1509 1743 1671 1820 Coderex
1694 1761 1735 1821 et

318 1871 545 1949 Guillelmus
560 1872 671 1948 Fabri
694 1875 909 1958 servientes,
938 1888 975 1948 et
989 1888 1220 1977 posteorum
1231 1873 1515 1977 recepcionem,
1540 1890 1734 1980 antequam

319 2004 462 2079 exirent
479 2003 676 2109 capellam,
700 2003 855 2079 suerunt
876 2003 1072 2108 separatim
1093 2021 1132 2080 et
1151 2003 1352 2080 successive
1371 2004 1496 2090 ducti,
1523 2032 1595 2109 per
1612 2002 1737 2081 fratres

317 2133 725 2209 Bernardum‘rludiori
749 2151 786 2209 et
807 2133 1065 2211 Audebertum
1088 2135 1134 2211 de
1158 2134 1310 2237 Nalbm,
1335 2135 1382 2209 ad
1403 2134 1532 2211 locum
1557 2135 1606 2210 ad
1627 2165 1736 2240 quem

316 2291 433 2368 prope
461 2262 582 2340 sontes
607 2264 788 2339 duxerant
811 2264 936 2369 ipsum
961 2280 1112 2351 testem,
1146 2281 1183 2339 et
1210 2264 1331 2340 credit
1349 2264 1454 2370 quod
1480 2264 1659 2342 fecerunt
1678 2296 1738 2342 eos

316 2391 498 2497 abnegare
516 2394 674 2470 Jliesum
695 2411 733 2470 et
752 2423 886 2501 spuere
914 2412 1200 2500 superterram,
1225 2393 1321 2471 sicut
1346 2393 1485 2470 lecerat
1511 2395 1593 2500 ipse
1613 2398 1732 2484 testis3

315 2525 518 2599 hortamen
534 2552 610 2599 non
623 2524 733 2615 vidit,
744 2552 812 2600 nec
822 2525 963 2601 audivit
974 2524 1064 2616 dici,
1082 2553 1151 2599 nec
1169 2524 1277 2601 aliter
1292 2524 1372 2600 scit.
1390 2525 1508 2613 item,
1528 2526 1624 2602 dixit
1633 2528 1734 2632 quod

314 2653 426 2729 frater
445 2655 569 2731 Helias
595 2653 747 2732 Galabri
772 2653 844 2732 fuit
865 2655 994 2746 simul,
1018 2655 1161 2733 eisdem
1187 2654 1247 2730 die
1269 2672 1307 2731 et
1330 2654 1416 2731 loco
1435 2657 1680 2760 presentibus
1699 2676 1734 2735 et

313 2814 382 2889 per
396 2785 563 2863 eundem
582 2803 619 2863 et
638 2787 773 2863 eodem
785 2787 920 2873 modo,
940 2804 984 2863 ut
995 2786 1134 2871 cred-it,
1155 2801 1328 2890 receptus
1342 2814 1432 2862 cum
1446 2785 1561 2864 fratre
1576 2789 1727 2894 Hngone

313 2916 520 3020 hugonini,
547 2918 654 3024 cujus
681 2918 888 3023 recepcioni
917 2935 1003 3025 post
1030 2917 1198 2995 montelli
1225 2916 1475 2993 tradicionem
1498 2918 1669 3023 deposuit
1687 2947 1725 2995 se

314 3046 584 3147 supervenisse.

368 3306 494 3378 Frater
507 3307 696 3381 Johannes
711 3307 817 3381 Fabri
843 3308 1022 3396 serviens,
1049 3308 1322 3385 Lemovicensis
1342 3307 1522 3392 diocesis,
1545 3311 1649 3386 testis
1669 3340 1730 3386 su-

310 3464 374 3539 pra
390 3435 553 3541 juratus,
578 3436 798 3511 mantellum
818 3455 855 3512 et
874 3439 1026 3515 barbam
1049 3441 1252 3542 defferens,
1273 3439 1383 3515 etatis
1398 3467 1518 3516 xxxnn
1539 3467 1726 3515 annorum

309 3566 365 3639 vel
386 3566 497 3655 circa,
520 3566 625 3641 lectis
646 3584 682 3641 et
701 3567 900 3672 diligenter
920 3569 1093 3673 expositis
1113 3570 1183 3646 sibi
1205 3570 1384 3645 omnibus
1404 3585 1437 3642 et
1455 3567 1605 3671 singulis
1631 3570 1721 3641 arti-

309 3696 420 3785 culis,
452 3698 645 3803 respondit
672 3727 711 3773 se
739 3698 880 3774 nescire
912 3700 959 3777 de
991 3701 1044 3777 eis
1074 3702 1142 3776 nisi
1172 3701 1278 3806 quod
1302 3702 1480 3806 sequitur,
1510 3698 1720 3773 videlieet:

307 3828 410 3930 quod
439 3828 587 3903 nullum
617 3828 732 3904 alium
763 3829 906 3906 viderat
934 3831 1048 3935 recipi
1075 3831 1114 3905 in
1139 3831 1272 3906 ordine
1294 3859 1362 3905 nec
1386 3826 1604 3905 interfuerat
1629 3831 1725 3933 rapi-

306 3957 395 4033 tulis
416 3987 564 4048 eorum;
583 3959 659 4063 ipse
674 3978 800 4035 tamen
815 3979 987 4064 receptus
1001 3960 1138 4049 suerat,
1156 3959 1303 4036 infesto
1319 3960 1539 4065 Magdelene
1553 3960 1722 4062 proximo
1740 4010 1748 4022 -

305 4088 483 4189 preterito
523 4088 835 4166 sueruntnovem
865 4092 951 4166 anni
980 4090 1036 4168 vel
1064 4091 1175 4177 circa,
1205 4120 1273 4195 per
1297 4090 1453 4166 fratrem·
1484 4092 1636 4165 Petrum
1676 4091 1721 4165 de

306 4216 509 4306 Quadrivio
535 4221 726 4323 qnondam
755 4223 992 4310 servientem,
1019 4239 1278 4326 preceptorem
1292 4239 1382 4296 tunc
1399 4221 1445 4297 de
1464 4221 1719 4308 Cambarell0‚

307 4345 344 4418 in
369 4350 505 4453 capella
527 4351 622 4425 dicte
645 4353 779 4427 domus
807 4353 852 4428 de
874 4352 1131 4439 Cambarell0‚
1153 4353 1391 4456 presentibus
1411 4351 1590 4429 fratribus
1611 4354 1722 4428 Anto-

305 4477 367 4552 nio
398 4481 619 4586 Burgundo‚
642 4484 799 4587 Hugone
829 4484 874 4559 de
900 4485 988 4558 Lata
1006 4485 1127 4568 Petra,
1156 4483 1259 4570 vivis,
1291 4500 1327 4558 et
1349 4486 1508 4590 Hugone
1537 4484 1586 4558 de
1613 4482 1715 4571 bias,

285 4599 288 4614 '
304 4604 511 4699 delimate,
530 4612 793 4697 servientibus,
811 4615 849 4689 in
870 4615 971 4690 hunc
995 4614 1176 4690 modum:
1194 4643 1277 4690 nam
1302 4643 1389 4690 cum
1409 4614 1545 4690 luisset
1559 4614 1719 4690 donatus

229 4822 235 4831 Ι
303 4760 435 4810 eorum
453 4766 519 4840 per
539 4741 669 4816 docem
689 4772 805 4820 annos
825 4745 882 4819 vel
906 4746 1017 4835 circa,
1039 4744 1232 4849 requisivit
1251 4744 1438 4821 caritatem
1462 4745 1552 4820 dicti
1574 4744 1715 4821 ordinis

302 4881 339 4939 et
364 4894 404 4939 se
427 4894 512 4941 cuin
533 4870 706 4946 instancia
732 4874 874 4977 pluries
902 4876 1037 4980 recipi,
1066 4875 1162 4951 sicut
1184 4876 1383 4953 instructus
1413 4874 1536 4952 suerat
1556 4875 1667 4983 perf
1697 4921 1712 4931 ·
