4080 6052
580 540 582 544 “
632 523 1275 618 Pnocnsnnsrnurmnns.
1522 499 1523 502 ‘
1591 542 1656 614 121

250 704 288 764 et
316 687 395 793 ejus
424 684 732 790 inquinamenta,
765 679 1038 760 delectaciones
1066 707 1197 768 vanas,
1229 653 1443 785 superbiam
1472 699 1510 757 et
1538 661 1668 761 omnia

248 815 344 897 mala
361 832 690 920 contempnemus,
713 812 817 891 etad
836 811 1010 889 celestem
1030 839 1191 916 superna
1213 810 1437 916 cogitemus,
1457 839 1663 920 operasque

248 947 443 1036 faciemus,
463 962 507 1024 ut
522 962 607 1022 vota
624 962 752 1022 nostra
770 960 807 1019 et
823 942 998 1018 mandata
1014 958 1080 1017 tua
1097 943 1135 1016 in
1150 940 1362 1019 humilitate
1381 958 1586 1019 teneamus.
1600 943 1662 1032 Et,

248 1076 480 1155 sanctissime
500 1074 663 1153 Domine
682 1075 773 1151 Jesu
792 1071 958 1158 Christe,
977 1099 1045 1175 per
1062 1087 1166 1147 tuam
1184 1087 1345 1146 sanctam
1363 1069 1539 1148 virtutem
1557 1072 1666 1149 nobis

250 1233 464 1284 concessam
486 1204 606 1310 gracia
626 1175 691 1280 tria
710 1202 916 1290 mediante,
945 1199 1139 1276 diabolum
1158 1201 1370 1306 rugientem
1391 1218 1430 1277 et
1447 1229 1578 1280 omnes
1597 1204 1670 1278 ini-

253 1337 370 1414 micos
389 1326 538 1413 nostros
558 1352 596 1410 et
615 1332 751 1410 insidia
771 1335 809 1408 et
827 1359 960 1436 operas
980 1359 1113 1407 eorum
1134 1330 1269 1406 evitare
1289 1330 1492 1434 possimus,
1514 1361 1610 1438 quos
1629 1335 1668 1409 in

253 1465 355 1572 ligno
374 1481 497 1541 sancte
516 1463 635 1541 crucis
650 1463 689 1539 in
706 1480 771 1540 tua
788 1461 1001 1539 humilitate
1018 1476 1057 1537 et
1070 1459 1259 1566 paciencia
1277 1460 1392 1537 vincis
1412 1477 1450 1537 et
1466 1479 1530 1538 tua
1547 1481 1670 1572 sancta

255 1595 510 1673 misericordia
528 1623 598 1671 nos
617 1592 827 1680 redemisti,
849 1592 1068 1697 redemptor
1086 1607 1123 1667 et
1144 1589 1318 1667 defensor
1337 1607 1476 1679 noster,
1497 1620 1671 1670 conserva

255 1754 339 1814 nos,
368 1743 412 1803 ut
434 1755 502 1831 per
524 1742 629 1802 tuam
655 1740 818 1800 sanctam
843 1751 993 1799 crucem
1019 1738 1058 1797 et
1080 1748 1148 1825 per
1172 1721 1322 1826 signum
1347 1721 1515 1826 ejusdem
1541 1750 1672 1800 omnes

255 1855 427 1949 inimicos
440 1873 622 1933 eteorum
638 1853 773 1930 insidia
787 1853 1004 1930 contristare
1019 1852 1225 1956 possimus,
1241 1867 1279 1927 et
1293 1867 1417 1927 sancte
1437 1851 1590 1928 ecclesie
1607 1869 1672 1930 tue

256 1985 427 2090 provide,
440 2001 477 2060 et
489 1984 870 2089 illuminesprelatos,
886 1982 1058 2059 doctores
1071 1998 1108 2058 et
1115 1998 1279 2058 rectores
1290 1981 1551 2088 populumque
1564 1999 1674 2059 tunm

259 2115 530 2203 Christianum,
550 2131 594 2191 ut
611 2114 735 2190 dicant
753 2130 791 2189 et
806 2112 942 2188 faciant
956 2129 1068 2188 tuum
1086 2128 1256 2188 sanctum
1275 2111 1474 2188 servicium
1495 2128 1533 2188 et
1550 2113 1677 2189 volun·

259 2260 392 2331 tatem,
404 2243 549 2319 mundo
560 2242 689 2331 corde,
703 2242 899 2319 humiliter
910 2257 948 2316 et
961 2240 1111 2327 devote,
1122 2270 1215 2345 pura
1229 2241 1430 2317 devocione
1444 2242 1673 2330 attendente,

259 2372 447 2478 populum
467 2372 665 2448 docentem
687 2387 725 2447 et
743 2370 928 2474 perbona
954 2369 1122 2473 exempla
1146 2368 1381 2457 illuminare,
1403 2387 1447 2446 ut
1465 2371 1504 2445 in
1523 2372 1678 2447 humili-

260 2517 335 2578 tate
361 2528 494 2605 operas
517 2500 711 2576 humilitas
737 2515 775 2575 et
800 2497 968 2603 exempla
987 2513 1053 2574 tua
1073 2515 1111 2574 et
1130 2497 1385 2602 apostolorum
1410 2517 1623 2576 sanctorum
1644 2518 1681 2576 et

264 2629 486 2709 allectorum
506 2646 662 2705 tuorum
682 2626 876 2730 faciemus,
900 2643 938 2703 et
957 2627 1165 2732 cogitemus
1184 2625 1232 2703 de
1252 2654 1329 2733 quo
1351 2628 1473 2734 etqui
1493 2656 1624 2706 sumus
1644 2646 1681 2707 et

251 2759 327 2866 qui
348 2758 505 2847 erimus,
526 2758 631 2865 quod
650 2758 829 2834 faciemus
849 2773 887 2834 et
910 2756 1016 2861 quod
1035 2755 1154 2832 lacere
1181 2755 1366 2836 debemus
1388 2775 1432 2835 ut
1450 2758 1562 2835 vitam
1581 2761 1681 2862 posi-

265 2889 419 2967 deamus
438 2917 506 2993 por
524 2917 639 2994 quem
657 2888 705 2963 ad
721 2887 857 2993 gaudia
873 2886 1034 2991 paradisi
1051 2886 1261 2976 mittamur3
1284 2904 1322 2963 et
1341 2886 1394 2962 illi
1412 2888 1477 2993 qui
1498 2915 1574 2965 non
1594 2906 1683 2966 sunt

264 3019 471 3126 regenerati
488 3047 532 3094 ex
546 3047 642 3124 aqua
658 3034 694 3094 et
708 3019 841 3123 spiritu
856 3033 1000 3108 sancto,
1016 3016 1047 3093 si
1064 3017 1202 3122 placet,
1219 3018 1408 3095 illuminas
1424 3037 1462 3095 et
1475 3037 1679 3109 convertas,

266 3165 310 3226 ut
329 3148 377 3224 ad
396 3164 500 3225 tuam
520 3164 684 3256 sanctam
703 3148 825 3256 legem
845 3146 989 3224 valeant
1017 3149 1228 3253 pervenire,
1256 3166 1293 3226 et
1312 3166 1539 3228 sacramenta
1558 3138 1681 3227 sancte

268 3276 420 3356 ecclesie
439 3276 620 3381 accipere,
638 3275 754 3353 Iidem
769 3294 931 3354 sanctam
948 3294 1128 3383 tuamque
1145 3294 1291 3366 tenere,
1317 3297 1355 3356 et
1367 3279 1553 3385 populum
1572 3296 1683 3356 tuum

258 3399 523 3504 'Christianum
538 3405 655 3483 dones
671 3407 903 3487 voluntatem
922 3424 960 3484 ct
974 3423 1198 3512 potestatem
1220 3425 1357 3484 terram
1374 3426 1537 3485 sanctam
1555 3407 1594 3483 in
1611 3435 1685 3514 qua

267 3554 377 3614 natus
400 3537 595 3614 humiliter
618 3537 757 3627 fuistis,
785 3554 823 3614 et
845 3554 911 3614 tua
935 3554 1059 3614 sancta
1082 3537 1336 3615 misericordia
1358 3567 1428 3615 nos
1452 3538 1683 3626 redemistis,

268 3685 332 3745 tua
361 3666 553 3743 miraculla
579 3683 617 3744 et
646 3666 815 3772 exempla
843 3665 1001 3755 fecistis,
1033 3682 1071 3743 et
1096 3665 1295 3758 docuistis,
1323 3698 1438 3773 quem
1465 3667 1687 3773 promisistis
1807 3692 1811 3699 ’

270 3797 397 3874 amicis
416 3797 513 3884 tuis,
534 3796 688 3900 provide
712 3824 782 3874 nos
802 3814 846 3874 ut
865 3797 983 3902 ipsam
1004 3813 1042 3873 et
1061 3795 1193 3875 fideles
1212 3799 1331 3905 gracia
1352 3817 1416 3876 tua
1435 3800 1622 3876 mediante
1643 3797 1687 3872 li-

270 3927 403 4002 berare
418 3923 622 4012 valeamus,
642 3942 679 4001 et
695 3927 813 4029 ipsam
831 3928 1105 4031 possideamus,
1126 3945 1164 4005 et
1179 3945 1289 4006 tuum
1307 3946 1476 4005 sanctum
1493 3928 1688 4007 servicium

273 4073 311 4133 et
324 4071 430 4131 tuam
444 4051 675 4128 voluntatem
692 4070 730 4129 et
741 4081 854 4158 opera
865 4054 1059 4144 faciamus,
1078 4073 1131 4143 et,
1151 4056 1495 4133 misericordissime
1508 4054 1688 4145 Domine,

269 4202 337 4262 tua
354 4183 487 4289 religio
507 4181 665 4282 (Christi
682 4181 806 4291 adhuc
821 4210 910 4259 voca
927 4184 1145 4288 Templum)
1164 4213 1238 4289 que
1256 4213 1325 4290 per
1343 4184 1515 4291 generale
1534 4184 1690 4262 concilio

275 4317 314 4390 in
333 4317 477 4391 honore
499 4311 608 4389 beate
626 4313 805 4418 gloriosse
828 4313 979 4419 virginis
995 4313 1112 4392 Maria
1131 4314 1259 4399 matris
1275 4331 1340 4392 tue
1358 4315 1430 4393 fuit
1444 4316 1539 4394 facta
1555 4334 1593 4397 et
1607 4315 1694 4394 lun-

279 4446 363 4520 data
385 4471 454 4548 per
476 4442 631 4518 beatum
655 4442 889 4521 Bernardum
911 4429 1081 4524 sanctum
1106 4443 1518 4536 consessorem-tuum,
1535 4446 1600 4552 qui
1625 4474 1692 4552 pro

279 4575 379 4650 dicto
394 4572 548 4677 negocio
569 4589 609 4650 et
622 4571 743 4650 officio
755 4601 825 4678 per
838 4591 1001 4652 sanctam
1019 4574 1210 4653 ecclesiam
1223 4578 1428 4654 Romanam
1439 4563 1511 4654 filit
1523 4576 1692 4666 ellectus,

280 4703 345 4810 qui
364 4703 467 4793 dicta
475 4702 606 4808 religio
624 4732 711 4779 curn
728 4703 820 4781 alios
836 4705 976 4810 probos
989 4705 1087 4782 viros
1105 4703 1265 4783 ductavit
1280 4723 1318 4784 et
1333 4708 1539 4814 deputavit,
1556 4725 1695 4785 etcum

283 4832 436 4921 consilio
453 4830 561 4908 beate
582 4833 760 4938 gloriosse
779 4833 930 4940 virginis
946 4835 1061 4914 Maria
1078 4835 1117 4912 in
1134 4837 1318 4914 honorem
1340 4837 1525 4945 ejusdem,
1548 4865 1622 4942 que
1643 4851 1699 4911 est

368 4966 475 5031 raucis
498 4989 549 5031 oss
570 4990 741 5034 restauras.
754 5007 796 5019 -
809 4991 828 5034 r.
1184 5043 1187 5050 ¹
1515 4971 1551 5032 16
