4080 6052
727 525 921 616 proces
948 542 1043 614 nus
1069 541 1389 615 rnurnrrnss
1688 548 1756 619 157

345 684 384 758 in
396 682 476 756 vico
487 681 533 758 de
548 681 584 758 la
595 682 817 760 Montelarie
833 684 1006 780 Parisios,
1022 681 1088 759 ubi
1105 681 1370 781 detinebantur
1382 708 1480 761 ⁴nutui
1495 684 1699 788 Templerii
1715 718 1757 762 ex

344 811 417 887 hiis
439 810 504 917 qui
533 810 782 890 interfuerant
806 813 845 888 in
865 813 1042 890 viridario
1063 811 1249 922 predicto,
1270 812 1445 889 videlicet
1466 807 1758 891 fratres'llnohe-

341 941 420 1016 rius
447 941 494 1017 de
513 941 616 1019 Sirra
640 941 766 1032 miles,
786 944 825 1019 P.
859 943 906 1018 de
936 940 1149 1036 Cormelliis
1169 959 1367 1046 preceptor
1389 942 1524 1018 domus
1548 942 1596 1018 de
1621 944 1757 1019 Santil-

339 1069 478 1158 lihaco,
502 1071 684 1147 Henricus
704 1072 756 1149 de
788 1071 958 1148 Anisiaco
983 1072 1110 1161 miles,
1134 1072 1322 1163 Johannes
1357 1070 1403 1146 de
1423 1071 1542 1150 Belno
1561 1089 1758 1178 preceptor

339 1199 388 1274 de
413 1200 662 1301 Fontanetos,
691 1200 912 1306 Radulphus
937 1202 984 1278 de
1009 1201 1205 1306 Bandeyo,
1235 1201 1424 1277 Johannes
1448 1201 1495 1277 de
1524 1200 1753 1291 Cormelliis,

340 1329 503 1405 Parisius
528 1329 574 1405 de
602 1330 784 1423 Vollanis,
813 1330 981 1408 Andreas
1006 1331 1053 1407 de
1078 1329 1207 1416 Buris,
1235 1329 1424 1406 Johannes
1453 1330 1500 1405 de
1525 1329 1752 1420 Cbochiaco,

341 1459 551 1564 Stephanus
577 1460 624 1536 de
649 1459 893 1548 Castellione,
922 1462 961 1535 P.
991 1460 1039 1536 de
1064 1460 1234 1545 lamina,
1256 1458 1439 1537 Martinus
1465 1458 1513 1561 de
1535 1459 1662 1536 Monte
1682 1462 1756 1538 Mo-

339 1589 425 1675 reti,
450 1587 575 1666 Guido
595 1589 642 1665 de
661 1590 828 1677 Niciaco,
851 1589 1040 1666 Johannes
1055 1590 1181 1676 Pacat,
1199 1587 1412 1692 Stephanus
1435 1587 1482 1663 de
1506 1588 1630 1677 Buris,
1647 1590 1686 1664 P.
1707 1591 1753 1665 de

337 1717 566 1808 Bellencort,
589 1717 764 1824 Galterus
788 1719 835 1795 de
852 1718 1025 1825 Capella,
1051 1719 1090 1794 P.
1119 1718 1166 1793 de
1186 1717 1295 1794 Dicto
1319 1719 1442 1803 Bono,
1471 1716 1682 1822 Stephanus
1707 1718 1753 1794 de

337 1847 518 1935 Vollenis,
534 1849 724 1925 lohannes
738 1849 774 1924 la
792 1849 948 1940 Percha‚
964 1848 1126 1927 lacobus
1138 1846 1189 1922 de
1209 1845 1368 1935 laViria,
1389 1846 1576 1923 lohannes
1592 1847 1639 1921 de
1654 1848 1754 1923 Eno-

337 1977 414 2066 nia‚
435 1978 624 2075 Johannes
651 1979 698 2054 de
723 1980 840 2054 Terra
858 1976 1128 2075 Cumfondrea,
1156 1974 1345 2054 Gerardus
1370 1975 1416 2052 de
1434 1974 1564 2063 Belna,
1590 1975 1676 2052 Odo
1706 1978 1753 2053 de

338 2105 483 2194 Anona,
504 2124 542 2183 et
557 2107 843 2193 Bartholomeus
861 2107 1058 2184 deTrecis.
1073 2107 1150 2201 Qui
1166 2105 1399 2212 interrogati,
1416 2121 1459 2182 ut
1474 2105 1536 2180 alii
1552 2133 1680 2213 supra,
1696 2136 1754 2181 re-

337 2236 570 2339 sponderunt
582 2237 688 2343 quod
699 2265 776 2314 non
789 2217 959 2314 fecerunt
970 2238 1159 2343 predictos
1173 2254 1445 2342 procuratores,
1459 2264 1528 2324 nec
1539 2235 1687 2313 videtur
1700 2238 1753 2312 eis

335 2366 441 2471 quod
464 2367 608 2470 possint
631 2365 751 2442 facere
776 2368 856 2442 sine
881 2367 1037 2443 consilio
1062 2366 1228 2468 Magistri
1259 2382 1297 2440 et
1320 2352 1562 2468 superiorum
1582 2393 1749 2444 suorum.

289 2594 292 2599 .
335 2497 440 2586 Quos
454 2495 485 2570 si
502 2493 682 2584 facerent,
701 2523 776 2572 non
791 2495 946 2582 valeret,
959 2512 1001 2571 ut
1014 2494 1162 2571 videtur
1175 2493 1328 2569 eisdem.
1338 2492 1520 2598 Requisiti
1535 2493 1566 2568 si
1580 2494 1753 2570 volebant

334 2621 486 2730 aliquid·
497 2623 623 2700 dicere
643 2653 710 2701 seu
729 2642 940 2730 proponere
964 2626 1012 2699 ad
1033 2622 1290 2699 defensionem
1311 2621 1454 2698 ordinis
1478 2622 1552 2713 sui,
1580 2623 1753 2701 dixerunt

335 2752 438 2857 quod
459 2753 553 2829 ordo
574 2770 631 2829 est
648 2753 788 2840 bonus,
806 2769 843 2829 et
858 2754 1032 2830 nesciunt
1047 2753 1086 2827 in
1102 2780 1147 2829 eo
1161 2750 1322 2856 aliquam
1336 2752 1570 2859 pravitatem,
1588 2768 1627 2826 et
1638 2780 1753 2857 super

334 2882 415 2958 aliis
431 2882 686 2987 proponendis
703 2882 751 2960 ad
769 2882 1028 2960 defensionem
1048 2879 1394 2986 ordinisprelibati,
1412 2880 1675 2957 deliberabunt
1689 2884 1753 2958 ad-

335 3012 427 3100 huc,
448 3028 491 3086 ut
508 2987 933 3119 dixemntsadji'cientes
951 3011 1054 3118 quod
1073 3009 1277 3087 dieSabati
1289 3008 1472 3115 preterita
1490 3008 1752 3087 intellexerunt

335 3141 374 3214 in
393 3139 568 3216 viridario
587 3140 756 3246 predicto
769 3142 884 3248 quod«
898 3140 1030 3253 fratres
1046 3141 1258 3248 Reynaldus
1275 3140 1325 3216 de
1345 3139 1482 3217 Pruino
1503 3157 1541 3215 et
1557 3142 1595 3216 P.
1614 3141 1662 3217 de
1679 3143 1751 3218 Bo·
1801 3169 1804 3176 ’

334 3270 447 3346 nonia
461 3268 586 3345 venire
601 3269 785 3347 deberent
797 3270 845 3348 ad
860 3270 1024 3376 singulas
1033 3270 1217 3375 prisiones
1230 3269 1385 3346 fratrum
1402 3269 1450 3345 ad
1463 3269 1749 3347 deliberandum

330 3428 446 3505 super
460 3400 731 3478 constituendis
750 3400 1056 3506 procuratoribus
1072 3417 1109 3476 et
1124 3399 1221 3487 aliis,
1238 3399 1343 3505 quod
1357 3398 1494 3474 factum
1511 3427 1585 3474 non
1604 3379 1690 3487 fuit,
1709 3417 1751 3475 ut

332 3532 522 3620 dixerunt,
540 3547 578 3606 et
592 3531 679 3608 ideo
693 3547 828 3637 petunt
842 3531 1040 3609 eonsilium
1057 3530 1245 3607 dictorum
1261 3528 1423 3605 duorum
1440 3527 1596 3626 fratrum
1613 3547 1652 3606 et
1665 3509 1750 3604 alio—

331 3690 432 3751 rum,
452 3678 495 3737 ut
511 3661 752 3765 premittitur,
770 3663 1012 3768 superiorum
1030 3689 1204 3747 suorum,
1223 3677 1422 3765 antequam
1442 3659 1622 3764 premissa
1642 3661 1750 3736 dictis

332 3790 496 3866 dominis
511 3792 772 3869 commissariis
787 3809 1028 3898 reportentur
1043 3807 1080 3869 et
1093 3791 1240 3867 valeant
1252 3819 1375 3866 coram
1388 3789 1460 3877 eis,
1476 3805 1514 3864 et
1527 3816 1595 3865 nos
1607 3789 1748 3864 eisdem

332 3916 596 4022 respondimus
615 3918 718 4023 quod
735 3948 813 3996 non
832 3920 1004 3998 obstante
1031 3921 1105 3998 hoc
1126 3949 1196 3998 nos
1220 3920 1345 3997 omnia
1373 3919 1471 3996 dict'a
1495 3947 1563 4023 per
1583 3946 1646 3994 eos
1664 3946 1761 4022 pre-.

331 4045 564 4123 sentabimus
577 4062 614 4121 et
627 4048 902 4151 reportabimus
921 4051 1086 4127 dominis
1104 4049 1241 4143 nostris
1260 4047 1522 4126 commissariis
1539 4046 1746 4123 antedictis.

330 4178 377 4254 Et
390 4169 588 4282 pecierunt
602 4169 848 4259 ecclesiastica
860 4197 1105 4267 sacramenta,
1121 4179 1321 4285 presertim
1336 4177 1500 4283 aliquem
1516 4176 1747 4282 capellanum

331 4307 391 4382 cni
418 4305 659 4411 provideatur
679 4305 726 4382 de
751 4306 862 4383 bonis
886 4307 1053 4413 Templi,
1081 4305 1256 4411 alioquin¹
1270 4306 1339 4412 ipsi
1358 4305 1599 4411 providerent
1623 4306 1746 4383 eidem

332 4436 378 4512 de
398 4436 514 4542 gagiis
534 4434 606 4513 sibi
624 4435 839 4541 assignatis,
867 4438 932 4544 qui
954 4435 1168 4542 capellanus
1193 4435 1399 4513 celebraret
1416 4435 1541 4511 divina
1565 4434 1685 4512 officia
1709 4435 1748 4510 in

328 4565 771 4672 presenciaeorumdem.
789 4568 836 4642 Et
851 4567 967 4673 aliqui
984 4550 1027 4643 ex
1040 4566 1094 4642 eis
1109 4564 1273 4671 spoliati,
1291 4582 1334 4641 ut
1349 4565 1542 4656 dicebant,
1557 4564 1750 4642 habitibus

331 4698 425 4783 suis,
447 4696 598 4773 eosdem
621 4695 693 4773 sibi
712 4696 859 4774 restitui
879 4699 1078 4803 pecierunt
1097 4712 1135 4771 et
1148 4694 1337 4800 provideri
1350 4694 1676 4802 sibisufficienter
1700 4695 1748 4772 de

332 4828 411 4905 aliis
428 4827 675 4904 indumentis.
735 4874 739 4879 ·

415 4961 519 5031 rnocbs
542 4983 593 5024 ons
614 4983 866 5024 reuertens-r.
1584 4965 1621 5024 18
