4080 6052
323 542 396 613 soe
709 517 904 609 raeces
930 533 1025 607 ons
1051 532 1355 607 rnnrnreas.

322 695 518 787 ceperunt,
540 678 609 755 sed
627 676 748 753 credit
761 676 868 783 quod
886 675 955 751 diu
970 674 1216 763 duraverunt,
1236 689 1275 747 et
1286 671 1392 779 qnod
1410 671 1649 778 negligentes
1666 673 1749 753 lue·

323 827 414 889 runt
432 811 471 887 in
491 807 706 914 corigendo.

380 943 490 1030 Item,
512 940 560 1017 ad
580 966 691 1019 oxvru
705 937 909 1044 respondit
927 964 967 1013 se
995 935 1141 1014 nescire
1160 935 1273 1041 quod·
1288 951 1443 1040 propter
1466 932 1646 1014 feditates
1666 965 1749 1043 pne·

325 1074 443 1150 dictas
459 1068 786 1174 exiveruntaliqui
805 1067 997 1155 ordinem,
1017 1065 1086 1142 sed
1099 1081 1253 1173 propter
1273 1063 1361 1141 elias
1378 1092 1507 1143 causas
1526 1066 1654 1144 multi.

380 1206 492 1294 Item,
512 1202 560 1279 ad
581 1227 708 1280 ervnu
730 1198 929 1306 respondit
951 1195 1059 1304 quod
1081 1212 1168 1302 post
1190 1195 1407 1301 capcionem
1434 1225 1568 1277 eorum
1594 1199 1746 1306 grurdia

324 1333 496 1412 scandala
523 1347 613 1408 sunt
639 1347 768 1409 exorta
790 1346 921 1407 contra
946 1327 1137 1419 ordinem,
1162 1324 1232 1403 sed
1257 1343 1342 1403 ante
1368 1328 1587 1432 capcionem
1614 1359 1748 1409 eorum

325 1465 442 1543 nichil
459 1460 610 1539 audivit.
621 1461 670 1539 de
688 1459 871 1538 scandulis
889 1458 1079 1566 predictis.

382 1595 493 1681 Item,
513 1592 561 1670 ad
578 1617 749 1669 cxx-xxm
769 1590 965 1696 respondit
984 1617 1024 1667 se
1050 1586 1204 1665 credere
1224 1585 1331 1694 quod
1349 1586 1420 1665 illa.
1435 1616 1511 1694 que
1531 1617 1649 1698 supro
1665 1620 1746 1669 con
1791 1619 1794 1624 ·

324 1728 445 1803 fessus
473 1740 531 1801 est
560 1751 640 1800 esse
670 1750 773 1814 vera,
803 1738 927 1798 essent
953 1718 1105 1827 publica
1131 1735 1169 1796 et
1195 1718 1341 1797 notoria
1363 1719 1461 1797 inter
1484 1718 1615 1801 fratres
1642 1709 1742 1799 ordi-

325 1858 399 1944 nis,
427 1873 466 1933 et
490 1854 596 1962 quod
618 1853 830 1931 communis
859 1852 987 1957 opinio
1013 1869 1110 1929 esset
1141 1851 1240 1927 inter
1271 1879 1336 1927 eos
1368 1851 1435 1929 sed
1459 1880 1538 1931 non
1562 1854 1661 1933 inter
1686 1882 1744 1933 se·

324 1989 479 2066 eulares.
1200 2058 1202 2063 .

381 2119 492 2207 Item,
513 2119 560 2194 ad
580 2135 764 2205 exsuliet
783 2117 963 2192 ultimum
980 2115 1234 2221 responditse
1252 2114 1438 2192 audivisse
1456 2115 1532 2193 dici
1552 2119 1660 2223 quod
1678 2148 1747 2197 ma·

323 2278 419 2356 gnus
438 2249 615 2354 Magister
632 2265 670 2324 et
688 2246 801 2325 multi
821 2247 884 2323 alii
902 2246 1059 2323 suemnt
1078 2245 1237 2324 confessi
1256 2246 1398 2324 multos
1416 2274 1575 2325 errores.

379 2383 492 2471 Item,
510 2379 715 2486 requisitus
731 2379 905 2485 siprece,
924 2395 1119 2485 precepto,
1141 2406 1285 2466 amore,
1306 2378 1413 2467 odio,
1431 2378 1588 2468 timore,
1608 2396 1746 2487 tempo

322 2513 389 2590 ruli
419 2512 580 2589 comodo
604 2510 734 2588 habito
764 2511 824 2588 vel
850 2509 1044 2601 habendo,
1070 2509 1124 2587 sic
1148 2510 1391 2616 deposuerat,
1419 2509 1620 2617 respondit
1641 2512 1745 2618 quod

323 2671 415 2734 non,
435 2641 503 2721 sed
521 2670 592 2749 pro
610 2642 765 2718 veritate
781 2641 951 2718 dicende.
969 2640 1042 2718 Cui
1059 2639 1133 2717 luit
1151 2656 1373 2746 preceptum
1392 2640 1602 2746 pen.dictos
1619 2642 1745 2721 ‹lomi-

323 2800 390 2849 nos
414 2773 690 2851 commissarios
717 2772 823 2877 quod
843 2798 922 2847 non
942 2769 1139 2847 revelleret
1163 2771 1302 2846 dietam
1325 2798 1435 2847 suem
1463 2771 1738 2876 deposicionem

321 2929 521 3007 quousque
542 2903 801 2979 attestaeiones
820 2901 961 2979 luerint
981 2899 1181 3006 publicate.

377 3030 467 3108 Arta
497 3030 651 3107 suerunt
679 3033 750 3109 hec
783 3032 968 3135 predictis:
991 3031 1052 3108 die
1087 3048 1125 3107 et
1152 3031 1256 3120 loco,
1290 3030 1532 3135 presentibus
1564 3033 1738 3139 magistro

322 3161 464 3238 Amisio
480 3179 524 3238 et·
535 3189 597 3237 me
616 3160 868 3238 Floriamonte
888 3161 1087 3239 Dondedei
1107 3180 1145 3239 et
1164 3161 1246 3239 aliis
1265 3163 1420 3241 notariis
1439 3192 1553 3268 supra
1571 3166 1741 3271 proximo

320 3309 474 3395 scriptis.

375 3559 464 3635 Post
483 3559 569 3641 hec,
592 3557 653 3633 die
674 3558 802 3634 Martis
824 3559 1015 3663 sequenti,
1038 3587 1113 3664 que
1130 3558 1202 3636 luit
1222 3586 1294 3636 xm
1315 3559 1403 3636 dicti
1420 3558 1558 3635 mensis
1576 3560 1737 3637 Decem·

317 3686 410 3778 bris,
441 3707 699 3765 convenerunt
719 3689 759 3764 in
783 3689 881 3765 dicta
898 3689 1014 3766 domo
1036 3690 1124 3766 dicti
1153 3690 1298 3767 domini
1319 3687 1582 3777 commissarii,
1605 3707 1646 3766 et
1667 3689 1735 3767 luit

318 3818 502 3895 adductus
518 3819 565 3894 ad
583 3820 814 3923 presenciam
836 3821 1059 3896 eorumdem
1077 3820 1190 3895 frater
1210 3821 1296 3899 Odo
1314 3821 1361 3896 de
1382 3822 1490 3898 Douu
1507 3821 1617 3898 Petra
1636 3849 1740 3927 pres·

317 3949 427 4036 biter,
452 3950 644 4026 Eduensis
675 3950 851 4039 diocesis,
882 3950 988 4027 testis
1016 3950 1289 4056 suprajuratus,
1328 3952 1436 4029 etatis
1467 3953 1736 4060 quinquaginta

317 4099 463 4184 septem
484 4110 671 4158 annorum
691 4081 757 4159 vel<
770 4081 882 4168 circa,
905 4098 949 4157 ut
966 4082 1074 4169 dixit,
1097 4110 1172 4157 non
1192 4082 1378 4159 dellerens
1394 4084 1624 4163 mantellum
1643 4084 1739 4163 ordi-

317 4211 391 4300 nis,
405 4214 493 4316 quia
509 4213 547 4286 in
561 4212 718 4288 concilio
733 4212 942 4289 Senonensi
962 4212 1106 4288 dimisit
1122 4213 1245 4318 ipsum
1261 4240 1439 4290 unacum
1456 4214 1589 4293 multis
1602 4216 1691 4293 aliis
1702 4233 1737 4292 et

316 4339 438 4418 luerat
454 4344 688 4420 examinatus
706 4360 744 4419 et
766 4342 1032 4420 reconciliatus
1046 4360 1085 4419 et
1102 4343 1297 4421 absolutus
1317 4374 1386 4451 per
1405 4373 1506 4423 eum.
1527 4348 1652 4426 Lectis
1673 4377 1734 4425 au-

317 4488 393 4547 tem
419 4490 456 4550 et
476 4473 677 4579 diligenter
703 4473 982 4579 sibiexpositis
1010 4474 1189 4552 omnibus
1218 4492 1256 4550 et
1284 4475 1443 4580 singulis
1468 4476 1654 4566 articulis,
1681 4507 1735 4555 re·

315 4604 467 4702 spondit
485 4603 532 4678 ad
553 4633 616 4681 eos
637 4623 680 4681 ut
698 4605 891 4710 sequitur:

373 4732 420 4804 Et
450 4734 593 4835 primo,
628 4735 673 4808 ad
707 4763 758 4812 1111
790 4737 932 4841 primos
961 4735 1054 4813 dixit
1087 4765 1126 4814 se
1164 4736 1279 4815 luisse
1308 4755 1513 4843 receptum·
1532 4740 1572 4817 in
1603 4739 1727 4818 ordine

313 4860 462 4965 Templi
482 4861 521 4935 in
542 4861 680 4964 capella
697 4864 833 4941 domus
851 4867 998 4972 Templi
1019 4867 1068 4944 de
1083 4866 1261 4973 Maynilio
1283 4868 1399 4953 sancti
1419 4870 1521 4974 Lupi
1538 4868 1726 4962 Troesmis
