4080 6052
666 508 1032 670 PROCES
1162 622 1170 639 ·

322 968 563 1156 DES
631 967 1379 1154 TEMPLIERS.

198 1987 237 2065 ln
257 2010 392 2064 nosne
417 2008 545 2062 nomm
573 2006 700 2059 nosrm
728 1984 841 2061 Jnnsu
868 1981 1031 2059 Cnarsu.
1054 1981 1170 2059 Anas.
1197 1982 1306 2060 Anno
1332 2009 1352 2058 a
1375 1983 1564 2060 nativitate

144 2116 315 2225 ejusdem
334 2114 536 2216 millesimo
555 2111 837 2190 trecentessimo
858 2140 975 2202 nono,
998 2111 1203 2190 indictione
1221 2113 1393 2217 septima,
1413 2111 1566 2217 pontifi-

145 2261 248 2322 catus
267 2244 485 2322 sanctissimi
508 2243 623 2348 patris
642 2242 682 2318 in
702 2242 869 2335 Christo,
891 2242 1037 2319 domini
1057 2242 1278 2335 Clementis,
1300 2242 1425 2318 divina
1442 2240 1567 2347 provi-

146 2372 279 2448 dencia
299 2375 396 2474 Pape
422 2372 560 2473 quinti,
588 2399 684 2444 anno
709 2388 860 2470 quarto,
881 2373 1058 2448 Noverint
1080 2373 1243 2448 universi
1268 2401 1310 2448 ac
1334 2371 1471 2477 singuli
1493 2371 1567 2448 hoc

143 2526 296 2604 presens
320 2498 517 2603 publicum
537 2489 830 2570 instrumentum
850 2498 1069 2598 inspecturi,
1090 2501 1209 2602 quod,
1233 2527 1319 2571 cum
1337 2498 1568 2600 venerabiles

145 2631 184 2706 in
199 2627 350 2707 Christo
368 2642 492 2733 patres
510 2623 656 2701 domini
669 2623 742 2700 Dei
761 2623 883 2729 gracia
900 2622 1149 2700 Narbonensis
1167 2625 1482 2731 archiepiscopus,
1498 2627 1569 2703 Ba-

139 2758 318 2866 jocensis,
344 2755 575 2835 Mimatensis
600 2771 639 2830 et
652 2753 926 2831 Lemovicensis
949 2753 1127 2860 episcopi,
1154 2781 1319 2830 necnon
1337 2754 1568 2832 venerabiles

144 2889 212 2965 viri
232 2885 399 2993 magistri
414 2886 588 2965 Matheus
610 2885 657 2960 de
672 2883 826 2990 Neapoli
850 2884 951 2961 sedis
981 2883 1182 2988 apostolice
1198 2884 1390 2978 notarius,
1416 2884 1568 2991 majoris

146 3018 265 3097 Caleti
286 3015 613 3121 Rothomagensis,
634 3015 824 3090 lohannes
850 3015 898 3089 de
923 3015 1078 3092 Mantua
1102 3014 1341 3106 Tridentino,
1370 3031 1408 3090 et
1425 3015 1568 3093 ’lohan-

146 3177 212 3225 nes
235 3147 282 3223 de
307 3147 438 3225 Monte
465 3146 588 3220 Lauro
613 3143 886 3248 Magalonensis
914 3144 1157 3222 ecclesiarum
1181 3145 1450 3235 archidiaconi,
1474 3143 1568 3222 luis·

147 3294 229 3353 sent
246 3304 315 3381 per
339 3274 480 3351 litteras
503 3272 723 3379 apostolicas
748 3271 796 3348 ad
816 3272 1086 3378 inquirendum
1112 3290 1240 3351 contra
1264 3273 1568 3380 Templariorum

147 3406 319 3486 ordinem
340 3405 378 3480 in
398 3432 515 3510 regno
535 3403 706 3494 Francia,
728 3431 805 3478 una
828 3430 916 3477 cum
935 3402 1139 3480 venerabili
1158 3405 1238 3481 viro
1265 3404 1442 3510 magistro
1462 3402 1569 3481 Guil-

146 3535 262 3612 lelmo
284 3534 420 3641 Agami
440 3533 605 3639 Aquensi
629 3531 834 3637 preposito,
865 3531 1065 3636 legittime,
1087 3550 1130 3609 ut
1153 3532 1359 3625 dicebatur,
1382 3550 1564 3624 excusato,

147 3665 217 3743 sub
235 3681 334 3741 certa
353 3663 473 3742 forma
492 3662 677 3769 deputati,
700 3660 841 3738 vellent
860 3677 897 3737 et
916 3660 1172 3753 intenderent,
1194 3679 1239 3739 ut
1258 3661 1449 3754 dicebant,
1471 3690 1570 3739 man-

146 3795 277 3872 datum
293 3793 539 3899 apostolicum
556 3792 690 3897 exequi
704 3807 940 3868 reverenter:
955 3789 1142 3883 fecerunt,
1160 3792 1208 3868 ad
1226 3791 1425 3870 cautellam
1445 3808 1482 3868 et
1496 3812 1569 3869 me'

150 3923 309 3999 moriam
328 3923 557 4013 futurorum,
578 3923 618 3999 in
637 3923 828 4028 presencia
848 3921 924 3997 mei
946 3923 1082 3999 notarii
1103 3923 1244 4029 publici
1266 3941 1303 4001 et
1323 3923 1484 4000 aliorum
1502 3949 1570 3998 no·

148 4050 333 4128 tariorum
356 4077 397 4124 ac
414 4053 568 4127 testium
586 4050 925 4156 infrascriptorum,
939 4052 1064 4129 ‘dictas
1083 4053 1226 4129 litteras
1247 4050 1465 4155 apostolicas
1484 4079 1569 4128 vera

150 4180 253 4259 bulla
272 4177 451 4284 plumbea
472 4178 561 4254 dicti
581 4180 726 4256 domini
746 4183 843 4285 Pape
862 4180 1024 4255 bullatas
1044 4196 1083 4253 et
1103 4181 1143 4253 in
1162 4180 1267 4257 nulla
1286 4181 1343 4256 sui
1365 4199 1468 4287 parte
1490 4210 1570 4260 sus

152 4328 291 4419 pectas,
325 4337 395 4386 nec
427 4336 505 4385 non
539 4337 581 4384 ac
614 4325 784 4414 patentes
817 4307 959 4385 litteras
993 4309 1237 4388 excusatorias
1270 4310 1360 4387 dieti
1393 4313 1571 4419 prepositi

153 4436 337 4548 Aquensis
359 4439 483 4547 sigillo
508 4468 632 4519 suo...
660 4440 851 4548 sigillatas,
879 4439 918 4516 in
946 4439 1142 4547 publicum
1168 4443 1315 4520 recitari
1346 4470 1388 4520 ac
1417 4444 1508 4552 legi,
1536 4461 1574 4522 et

155 4599 215 4647 aas
244 4588 491 4677 preceperunt
520 4599 589 4676 per
616 4600 677 4648 me
709 4588 746 4648 et
772 4570 865 4647 alios
892 4569 1143 4678 infrascriptos
1170 4574 1334 4651 notarios
1358 4573 1479 4682 redigi
1516 4573 1573 4681 [in

154 4699 389 4807 proclessum.
415 4704 543 4780 Tener
572 4718 698 4779 autem
733 4702 916 4780 dictarum
938 4701 1148 4783 litterarum
1176 4705 1463 4812 apostolicarum
1491 4704 1576 4783 talis

160 4847 238 4908 cst:
295 4844 297 4848 '

242 4963 592 5030 nnocisnesrsurmsas.
606 4989 679 5029 -1.
1391 4994 1400 5030 1
