<?xml version="1.0" encoding="UTF-8"?>
<!DOCTYPE html PUBLIC "-//W3C//DTD XHTML 1.0 Transitional//EN"
    "http://www.w3.org/TR/xhtml1/DTD/xhtml1-transitional.dtd">
<html xmlns="http://www.w3.org/1999/xhtml" xml:lang="en" lang="en">
 <head>
  <title>
</title>
<meta http-equiv="Content-Type" content="text/html;charset=utf-8" />
  <meta name='ocr-system' content='tesseract 3.04.00' />
  <meta name='ocr-capabilities' content='ocr_page ocr_carea ocr_par ocr_line ocrx_word'/>
</head>
<body>
  <div class='ocr_page' id='page_1' title='image "./procsdestemplie02defegoog_0540.png"; bbox 0 0 4080 6052; ppageno 0'>
   <div class='ocr_carea' id='block_1_1' title="bbox 315 501 1347 627">
    <p class='ocr_par' dir='ltr' id='par_1_1' title="bbox 315 501 1347 627">
     <span class='ocr_line' id='line_1_1' title="bbox 315 501 1347 627; baseline -0.019 -3"><span class='ocrx_word' id='word_1_1' title='bbox 315 547 388 627; x_wconf 75' lang='lat'><strong>522</strong></span> <span class='ocrx_word' id='word_1_2' title='bbox 700 501 894 618; x_wconf 73' lang='lat' dir='ltr'><strong>esoces</strong></span> <span class='ocrx_word' id='word_1_3' title='bbox 921 537 1016 611; x_wconf 83' lang='lat' dir='ltr'><strong>nes</strong></span> <span class='ocrx_word' id='word_1_4' title='bbox 1043 516 1347 615; x_wconf 75' lang='lat' dir='ltr'><strong>rennuens,</strong></span> 
     </span>
    </p>
   </div>
   <div class='ocr_carea' id='block_1_2' title="bbox 259 671 1743 915">
    <p class='ocr_par' dir='ltr' id='par_1_2' title="bbox 259 671 1743 915">
     <span class='ocr_line' id='line_1_2' title="bbox 314 671 1743 789; baseline -0.004 -31"><span class='ocrx_word' id='word_1_5' title='bbox 314 684 458 769; x_wconf 84' lang='lat' dir='ltr'><strong>eidem,</strong></span> <span class='ocrx_word' id='word_1_6' title='bbox 485 699 523 763; x_wconf 89' lang='lat' dir='ltr'><strong>et</strong></span> <span class='ocrx_word' id='word_1_7' title='bbox 547 682 688 762; x_wconf 89' lang='lat' dir='ltr'><strong>adalia</strong></span> <span class='ocrx_word' id='word_1_8' title='bbox 717 695 1033 789; x_wconf 83' lang='lat' dir='ltr'><strong>quepeterentur</strong></span> <span class='ocrx_word' id='word_1_9' title='bbox 1055 676 1102 756; x_wconf 87' lang='lat' dir='ltr'><strong>ab</strong></span> <span class='ocrx_word' id='word_1_10' title='bbox 1122 704 1186 763; x_wconf 66' lang='lat' dir='ltr'><strong>eos</strong></span> <span class='ocrx_word' id='word_1_11' title='bbox 1212 677 1277 783; x_wconf 90' lang='lat' dir='ltr'><strong>qui</strong></span> <span class='ocrx_word' id='word_1_12' title='bbox 1303 671 1502 780; x_wconf 85' lang='lat' dir='ltr'><strong>respondit</strong></span> <span class='ocrx_word' id='word_1_13' title='bbox 1528 674 1640 780; x_wconf 88' lang='lat' dir='ltr'><strong>quod</strong></span> <span class='ocrx_word' id='word_1_14' title='bbox 1660 703 1743 754; x_wconf 86' lang='lat' dir='ltr'><strong>cum</strong></span> 
     </span>
     <span class='ocr_line' id='line_1_3' title="bbox 259 809 1153 915; baseline -0.012 -19"><span class='ocrx_word' id='word_1_15' title='bbox 259 909 262 915; x_wconf 27' lang='grc' dir='ltr'>Ι</span> <span class='ocrx_word' id='word_1_16' title='bbox 314 813 395 895; x_wconf 82' lang='lat' dir='ltr'><strong>solo</strong></span> <span class='ocrx_word' id='word_1_17' title='bbox 414 813 497 891; x_wconf 91' lang='lat' dir='ltr'><strong>Deo</strong></span> <span class='ocrx_word' id='word_1_18' title='bbox 517 811 665 895; x_wconf 85' lang='lat' dir='ltr'><strong>volebat</strong></span> <span class='ocrx_word' id='word_1_19' title='bbox 681 811 876 895; x_wconf 83' lang='lat' dir='ltr'><strong>consulere</strong></span> <span class='ocrx_word' id='word_1_20' title='bbox 893 811 945 888; x_wconf 88' lang='lat' dir='ltr'><strong>de</strong></span> <span class='ocrx_word' id='word_1_21' title='bbox 965 809 1153 915; x_wconf 80' lang='lat' dir='ltr'><strong>predictis.</strong></span> 
     </span>
    </p>
   </div>
   <div class='ocr_carea' id='block_1_3' title="bbox 264 1066 1735 4958">
    <p class='ocr_par' dir='ltr' id='par_1_3' title="bbox 300 1066 1735 4831">
     <span class='ocr_line' id='line_1_4' title="bbox 369 1066 1735 1173; baseline -0.003 -23"><span class='ocrx_word' id='word_1_22' title='bbox 369 1073 521 1160; x_wconf 83' lang='lat' dir='ltr'><strong>Eisdem</strong></span> <span class='ocrx_word' id='word_1_23' title='bbox 539 1074 601 1152; x_wconf 91' lang='lat' dir='ltr'><strong>die</strong></span> <span class='ocrx_word' id='word_1_24' title='bbox 623 1089 661 1157; x_wconf 87' lang='lat' dir='ltr'><strong>et</strong></span> <span class='ocrx_word' id='word_1_25' title='bbox 679 1073 763 1150; x_wconf 89' lang='lat' dir='ltr'><strong>loco</strong></span> <span class='ocrx_word' id='word_1_26' title='bbox 786 1070 858 1149; x_wconf 86' lang='lat' dir='ltr'><strong>fuit</strong></span> <span class='ocrx_word' id='word_1_27' title='bbox 876 1068 1060 1147; x_wconf 89' lang='lat' dir='ltr'><strong>adductus</strong></span> <span class='ocrx_word' id='word_1_28' title='bbox 1087 1067 1135 1148; x_wconf 84' lang='lat' dir='ltr'><strong>ad</strong></span> <span class='ocrx_word' id='word_1_29' title='bbox 1154 1068 1388 1173; x_wconf 87' lang='lat' dir='ltr'><strong>presenciam</strong></span> <span class='ocrx_word' id='word_1_30' title='bbox 1414 1066 1639 1152; x_wconf 82' lang='lat' dir='ltr'><strong>eorumdem</strong></span> <span class='ocrx_word' id='word_1_31' title='bbox 1665 1070 1735 1146; x_wconf 91' lang='lat' dir='ltr'><strong>do·</strong></span> 
     </span>
     <span class='ocr_line' id='line_1_5' title="bbox 314 1195 1735 1304; baseline -0.005 -23"><span class='ocrx_word' id='word_1_32' title='bbox 314 1204 506 1283; x_wconf 86' lang='lat' dir='ltr'><strong>minorum</strong></span> <span class='ocrx_word' id='word_1_33' title='bbox 533 1202 875 1291; x_wconf 80' lang='lat' dir='ltr'><strong>commissariorum</strong></span> <span class='ocrx_word' id='word_1_34' title='bbox 911 1197 1025 1277; x_wconf 79' lang='lat' dir='ltr'><strong>frater</strong></span> <span class='ocrx_word' id='word_1_35' title='bbox 1061 1198 1193 1289; x_wconf 87' lang='lat' dir='ltr'><strong>Petrus</strong></span> <span class='ocrx_word' id='word_1_36' title='bbox 1223 1196 1369 1275; x_wconf 88' lang='lat' dir='ltr'><strong>Picardi</strong></span> <span class='ocrx_word' id='word_1_37' title='bbox 1404 1195 1567 1279; x_wconf 82' lang='lat' dir='ltr'><strong>diocesis</strong></span> <span class='ocrx_word' id='word_1_38' title='bbox 1599 1197 1735 1304; x_wconf 67' lang='lat' dir='ltr'><strong>Lingo</strong></span> 
     </span>
     <span class='ocr_line' id='line_1_6' title="bbox 313 1326 1735 1440; baseline -0.003 -29"><span class='ocrx_word' id='word_1_39' title='bbox 313 1333 457 1422; x_wconf 83' lang='lat' dir='ltr'>nensis,</span> <span class='ocrx_word' id='word_1_40' title='bbox 496 1334 677 1421; x_wconf 87' lang='lat' dir='ltr'><strong>serviens,</strong></span> <span class='ocrx_word' id='word_1_41' title='bbox 708 1349 906 1440; x_wconf 78' lang='lat' dir='ltr'>preceptor</span> <span class='ocrx_word' id='word_1_42' title='bbox 937 1329 1074 1409; x_wconf 85' lang='lat' dir='ltr'><strong>domus</strong></span> <span class='ocrx_word' id='word_1_43' title='bbox 1103 1326 1253 1434; x_wconf 83' lang='lat' dir='ltr'><strong>Templi</strong></span> <span class='ocrx_word' id='word_1_44' title='bbox 1283 1328 1331 1405; x_wconf 95' lang='lat' dir='ltr'><strong>de</strong></span> <span class='ocrx_word' id='word_1_45' title='bbox 1360 1329 1509 1436; x_wconf 84' lang='lat' dir='ltr'><strong>Loages</strong></span> <span class='ocrx_word' id='word_1_46' title='bbox 1531 1328 1735 1407; x_wconf 78' lang='lat' dir='ltr'><strong>&#39;Trecentis</strong></span> 
     </span>
     <span class='ocr_line' id='line_1_7' title="bbox 314 1458 1734 1568; baseline 0.001 -31"><span class='ocrx_word' id='word_1_47' title='bbox 314 1463 488 1556; x_wconf 88' lang='lat' dir='ltr'><strong>diocesis,</strong></span> <span class='ocrx_word' id='word_1_48' title='bbox 509 1465 615 1542; x_wconf 86' lang='lat' dir='ltr'><strong>testis</strong></span> <span class='ocrx_word' id='word_1_49' title='bbox 632 1492 744 1568; x_wconf 90' lang='lat' dir='ltr'><strong>supra</strong></span> <span class='ocrx_word' id='word_1_50' title='bbox 759 1463 921 1568; x_wconf 89' lang='lat' dir='ltr'><strong>juratus,</strong></span> <span class='ocrx_word' id='word_1_51' title='bbox 944 1477 987 1538; x_wconf 91' lang='lat' dir='ltr'><strong>ut</strong></span> <span class='ocrx_word' id='word_1_52' title='bbox 1005 1459 1214 1565; x_wconf 82' lang='lat' dir='ltr'>deponeret</span> <span class='ocrx_word' id='word_1_53' title='bbox 1231 1458 1373 1537; x_wconf 89' lang='lat' dir='ltr'><strong>dictum</strong></span> <span class='ocrx_word' id='word_1_54' title='bbox 1390 1486 1523 1546; x_wconf 86' lang='lat' dir='ltr'><strong>suum,</strong></span> <span class='ocrx_word' id='word_1_55' title='bbox 1541 1485 1734 1564; x_wconf 82' lang='lat' dir='ltr'><strong>sexagena-</strong></span> 
     </span>
     <span class='ocr_line' id='line_1_8' title="bbox 312 1588 1732 1702; baseline -0.001 -31"><span class='ocrx_word' id='word_1_56' title='bbox 312 1595 391 1672; x_wconf 90' lang='lat' dir='ltr'>rius</span> <span class='ocrx_word' id='word_1_57' title='bbox 405 1595 462 1672; x_wconf 88' lang='lat' dir='ltr'><strong>vel</strong></span> <span class='ocrx_word' id='word_1_58' title='bbox 482 1596 593 1685; x_wconf 87' lang='lat' dir='ltr'><strong>circa,</strong></span> <span class='ocrx_word' id='word_1_59' title='bbox 615 1616 693 1679; x_wconf 87' lang='lat' dir='ltr'><strong>non</strong></span> <span class='ocrx_word' id='word_1_60' title='bbox 717 1593 903 1702; x_wconf 76' lang='lat' dir='ltr'><strong>defferens</strong></span> <span class='ocrx_word' id='word_1_61' title='bbox 919 1588 1143 1670; x_wconf 87' lang='lat' dir='ltr'><strong>mantellum</strong></span> <span class='ocrx_word' id='word_1_62' title='bbox 1162 1589 1324 1680; x_wconf 87' lang='lat' dir='ltr'><strong>ordinis,</strong></span> <span class='ocrx_word' id='word_1_63' title='bbox 1338 1589 1429 1697; x_wconf 89' lang='lat' dir='ltr'><strong>quia</strong></span> <span class='ocrx_word' id='word_1_64' title='bbox 1446 1588 1574 1695; x_wconf 84' lang='lat' dir='ltr'><strong>ipsum</strong></span> <span class='ocrx_word' id='word_1_65' title='bbox 1589 1588 1732 1670; x_wconf 80' lang='lat' dir='ltr'><strong>dimise·</strong></span> 
     </span>
     <span class='ocr_line' id='line_1_9' title="bbox 313 1717 1728 1809; baseline 0.002 -12"><span class='ocrx_word' id='word_1_66' title='bbox 313 1741 369 1799; x_wconf 88' lang='lat' dir='ltr'><strong>rat</strong></span> <span class='ocrx_word' id='word_1_67' title='bbox 387 1725 426 1800; x_wconf 92' lang='lat' dir='ltr'><strong>in</strong></span> <span class='ocrx_word' id='word_1_68' title='bbox 448 1725 607 1809; x_wconf 89' lang='lat' dir='ltr'><strong>concilio</strong></span> <span class='ocrx_word' id='word_1_69' title='bbox 628 1723 850 1804; x_wconf 74' lang='lat' dir='ltr'><strong>senonensi.</strong></span> <span class='ocrx_word' id='word_1_70' title='bbox 868 1721 1115 1799; x_wconf 81' lang='lat' dir='ltr'><strong>Postmodum</strong></span> <span class='ocrx_word' id='word_1_71' title='bbox 1128 1719 1209 1799; x_wconf 90' lang='lat' dir='ltr'><strong>radi</strong></span> <span class='ocrx_word' id='word_1_72' title='bbox 1222 1717 1359 1798; x_wconf 81' lang='lat' dir='ltr'><strong>fecerat</strong></span> <span class='ocrx_word' id='word_1_73' title='bbox 1370 1717 1444 1801; x_wconf 81' lang='lat' dir='ltr'><strong>sibi</strong></span> <span class='ocrx_word' id='word_1_74' title='bbox 1456 1718 1627 1809; x_wconf 83' lang='lat' dir='ltr'><strong>barbam,</strong></span> <span class='ocrx_word' id='word_1_75' title='bbox 1643 1749 1728 1801; x_wconf 87' lang='lat' dir='ltr'><strong>oum</strong></span> 
     </span>
     <span class='ocr_line' id='line_1_10' title="bbox 312 1848 1729 1960; baseline 0.001 -32"><span class='ocrx_word' id='word_1_76' title='bbox 312 1881 388 1958; x_wconf 92' lang='lat' dir='ltr'><strong>quo</strong></span> <span class='ocrx_word' id='word_1_77' title='bbox 402 1853 525 1932; x_wconf 83' lang='lat' dir='ltr'><strong>fuerat</strong></span> <span class='ocrx_word' id='word_1_78' title='bbox 539 1855 693 1938; x_wconf 80' lang='lat' dir='ltr'><strong>Carnoti</strong></span> <span class='ocrx_word' id='word_1_79' title='bbox 713 1853 953 1960; x_wconf 87' lang='lat' dir='ltr'><strong>inquisitum,</strong></span> <span class='ocrx_word' id='word_1_80' title='bbox 976 1850 1172 1930; x_wconf 85' lang='lat' dir='ltr'><strong>absolutus</strong></span> <span class='ocrx_word' id='word_1_81' title='bbox 1191 1866 1229 1927; x_wconf 93' lang='lat' dir='ltr'><strong>et</strong></span> <span class='ocrx_word' id='word_1_82' title='bbox 1247 1848 1514 1929; x_wconf 87' lang='lat' dir='ltr'><strong>reconciliatus</strong></span> <span class='ocrx_word' id='word_1_83' title='bbox 1533 1878 1600 1956; x_wconf 86' lang='lat' dir='ltr'><strong>per</strong></span> <span class='ocrx_word' id='word_1_84' title='bbox 1615 1851 1729 1929; x_wconf 90' lang='lat' dir='ltr'><strong>domi·</strong></span> 
     </span>
     <span class='ocr_line' id='line_1_11' title="bbox 312 1978 1731 2091; baseline 0.001 -34"><span class='ocrx_word' id='word_1_85' title='bbox 312 2011 403 2068; x_wconf 85' lang='lat' dir='ltr'><strong>num</strong></span> <span class='ocrx_word' id='word_1_86' title='bbox 423 1985 640 2091; x_wconf 86' lang='lat' dir='ltr'><strong>episcopum</strong></span> <span class='ocrx_word' id='word_1_87' title='bbox 660 1983 948 2070; x_wconf 74' lang='lat' dir='ltr'><strong>carnotensem,</strong></span> <span class='ocrx_word' id='word_1_88' title='bbox 966 1980 1033 2088; x_wconf 93' lang='lat' dir='ltr'><strong>qui</strong></span> <span class='ocrx_word' id='word_1_89' title='bbox 1046 2007 1148 2059; x_wconf 90' lang='lat' dir='ltr'><strong>nunc</strong></span> <span class='ocrx_word' id='word_1_90' title='bbox 1164 1997 1235 2070; x_wconf 88' lang='lat' dir='ltr'><strong>est;</strong></span> <span class='ocrx_word' id='word_1_91' title='bbox 1252 1998 1292 2065; x_wconf 86' lang='lat' dir='ltr'><strong>et</strong></span> <span class='ocrx_word' id='word_1_92' title='bbox 1303 1978 1377 2063; x_wconf 87' lang='lat' dir='ltr'><strong>fuit</strong></span> <span class='ocrx_word' id='word_1_93' title='bbox 1388 1997 1620 2086; x_wconf 78' lang='lat' dir='ltr'><strong>protestatus</strong></span> <span class='ocrx_word' id='word_1_94' title='bbox 1633 1983 1731 2088; x_wconf 77' lang='lat' dir='ltr'><strong>quod</strong></span> 
     </span>
     <span class='ocr_line' id='line_1_12' title="bbox 313 2111 1730 2218; baseline 0.004 -30"><span class='ocrx_word' id='word_1_95' title='bbox 313 2141 388 2191; x_wconf 90' lang='lat' dir='ltr'><strong>non</strong></span> <span class='ocrx_word' id='word_1_96' title='bbox 410 2114 631 2199; x_wconf 83' lang='lat' dir='ltr'><strong>intendebat</strong></span> <span class='ocrx_word' id='word_1_97' title='bbox 644 2113 821 2191; x_wconf 82' lang='lat' dir='ltr'><strong>recedere</strong></span> <span class='ocrx_word' id='word_1_98' title='bbox 836 2142 856 2189; x_wconf 88' lang='lat' dir='ltr'><strong>a</strong></span> <span class='ocrx_word' id='word_1_99' title='bbox 874 2111 1116 2218; x_wconf 88' lang='lat' dir='ltr'><strong>deposicione</strong></span> <span class='ocrx_word' id='word_1_100' title='bbox 1131 2140 1200 2218; x_wconf 90' lang='lat' dir='ltr'><strong>per</strong></span> <span class='ocrx_word' id='word_1_101' title='bbox 1213 2139 1302 2191; x_wconf 90' lang='lat' dir='ltr'><strong>eum</strong></span> <span class='ocrx_word' id='word_1_102' title='bbox 1317 2111 1411 2191; x_wconf 85' lang='lat' dir='ltr'><strong>facta</strong></span> <span class='ocrx_word' id='word_1_103' title='bbox 1425 2138 1557 2191; x_wconf 83' lang='lat' dir='ltr'><strong>coram</strong></span> <span class='ocrx_word' id='word_1_104' title='bbox 1578 2111 1730 2193; x_wconf 75' lang='lat' dir='ltr'><strong>domim</strong></span> 
     </span>
     <span class='ocr_line' id='line_1_13' title="bbox 313 2241 1731 2352; baseline 0.004 -35"><span class='ocrx_word' id='word_1_105' title='bbox 313 2243 487 2350; x_wconf 88' lang='lat' dir='ltr'><strong>episcopo</strong></span> <span class='ocrx_word' id='word_1_106' title='bbox 508 2245 734 2351; x_wconf 88' lang='lat' dir='ltr'><strong>supradicto.</strong></span> <span class='ocrx_word' id='word_1_107' title='bbox 756 2243 879 2323; x_wconf 84' lang='lat' dir='ltr'><strong>Lectis</strong></span> <span class='ocrx_word' id='word_1_108' title='bbox 897 2259 1026 2325; x_wconf 87' lang='lat' dir='ltr'><strong>autem</strong></span> <span class='ocrx_word' id='word_1_109' title='bbox 1046 2260 1085 2326; x_wconf 89' lang='lat' dir='ltr'><strong>et</strong></span> <span class='ocrx_word' id='word_1_110' title='bbox 1104 2241 1305 2352; x_wconf 83' lang='lat' dir='ltr'><strong>diligenter</strong></span> <span class='ocrx_word' id='word_1_111' title='bbox 1323 2241 1397 2323; x_wconf 86' lang='lat' dir='ltr'><strong>sibi</strong></span> <span class='ocrx_word' id='word_1_112' title='bbox 1414 2243 1596 2349; x_wconf 82' lang='lat' dir='ltr'><strong>expositis</strong></span> <span class='ocrx_word' id='word_1_113' title='bbox 1614 2247 1731 2322; x_wconf 90' lang='lat' dir='ltr'><strong>omni·</strong></span> 
     </span>
     <span class='ocr_line' id='line_1_14' title="bbox 310 2372 1730 2482; baseline 0.002 -29"><span class='ocrx_word' id='word_1_114' title='bbox 310 2373 383 2459; x_wconf 88' lang='lat' dir='ltr'><strong>bus</strong></span> <span class='ocrx_word' id='word_1_115' title='bbox 405 2391 442 2451; x_wconf 90' lang='lat' dir='ltr'><strong>et</strong></span> <span class='ocrx_word' id='word_1_116' title='bbox 464 2374 620 2482; x_wconf 86' lang='lat' dir='ltr'><strong>singulis</strong></span> <span class='ocrx_word' id='word_1_117' title='bbox 635 2373 818 2461; x_wconf 81' lang='lat' dir='ltr'><strong>articrdis,</strong></span> <span class='ocrx_word' id='word_1_118' title='bbox 838 2372 1035 2479; x_wconf 88' lang='lat' dir='ltr'><strong>respondit</strong></span> <span class='ocrx_word' id='word_1_119' title='bbox 1047 2374 1097 2455; x_wconf 84' lang='lat' dir='ltr'><strong>ad</strong></span> <span class='ocrx_word' id='word_1_120' title='bbox 1115 2401 1194 2461; x_wconf 90' lang='lat' dir='ltr'><strong>eos,</strong></span> <span class='ocrx_word' id='word_1_121' title='bbox 1217 2390 1255 2450; x_wconf 88' lang='lat' dir='ltr'><strong>et</strong></span> <span class='ocrx_word' id='word_1_122' title='bbox 1276 2373 1400 2479; x_wconf 90' lang='lat' dir='ltr'><strong>primo</strong></span> <span class='ocrx_word' id='word_1_123' title='bbox 1416 2373 1472 2450; x_wconf 68' lang='lat' dir='ltr'><strong>&#39;ad</strong></span> <span class='ocrx_word' id='word_1_124' title='bbox 1491 2374 1639 2479; x_wconf 86' lang='lat' dir='ltr'><strong>primos</strong></span> <span class='ocrx_word' id='word_1_125' title='bbox 1656 2403 1730 2482; x_wconf 75' lang='lat' dir='ltr'><strong>nur,</strong></span> 
     </span>
     <span class='ocr_line' id='line_1_15' title="bbox 310 2503 1731 2614; baseline 0.004 -35"><span class='ocrx_word' id='word_1_126' title='bbox 310 2531 349 2580; x_wconf 91' lang='lat' dir='ltr'><strong>se</strong></span> <span class='ocrx_word' id='word_1_127' title='bbox 370 2504 513 2595; x_wconf 88' lang='lat' dir='ltr'><strong>nescire</strong></span> <span class='ocrx_word' id='word_1_128' title='bbox 532 2507 563 2584; x_wconf 92' lang='lat' dir='ltr'><strong>si</strong></span> <span class='ocrx_word' id='word_1_129' title='bbox 584 2522 759 2588; x_wconf 83' lang='lat' dir='ltr'><strong>contenta</strong></span> <span class='ocrx_word' id='word_1_130' title='bbox 784 2505 824 2587; x_wconf 91' lang='lat' dir='ltr'><strong>in</strong></span> <span class='ocrx_word' id='word_1_131' title='bbox 845 2506 899 2583; x_wconf 91' lang='lat' dir='ltr'><strong>eis</strong></span> <span class='ocrx_word' id='word_1_132' title='bbox 923 2520 1029 2585; x_wconf 90' lang='lat' dir='ltr'><strong>erant</strong></span> <span class='ocrx_word' id='word_1_133' title='bbox 1052 2533 1153 2592; x_wconf 81' lang='lat' dir='ltr'><strong>vera,</strong></span> <span class='ocrx_word' id='word_1_134' title='bbox 1180 2503 1267 2610; x_wconf 85' lang='lat' dir='ltr'><strong>quia</strong></span> <span class='ocrx_word' id='word_1_135' title='bbox 1292 2531 1369 2583; x_wconf 91' lang='lat' dir='ltr'><strong>non</strong></span> <span class='ocrx_word' id='word_1_136' title='bbox 1389 2503 1618 2588; x_wconf 85' lang='lat' dir='ltr'><strong>interfuerat-</strong></span> <span class='ocrx_word' id='word_1_137' title='bbox 1637 2508 1731 2614; x_wconf 83' lang='lat' dir='ltr'><strong>mpi-</strong></span> 
     </span>
     <span class='ocr_line' id='line_1_16' title="bbox 310 2633 1731 2744; baseline 0.007 -37"><span class='ocrx_word' id='word_1_138' title='bbox 310 2633 400 2712; x_wconf 87' lang='lat' dir='ltr'><strong>tulis</strong></span> <span class='ocrx_word' id='word_1_139' title='bbox 420 2664 489 2717; x_wconf 89' lang='lat' dir='ltr'><strong>nec</strong></span> <span class='ocrx_word' id='word_1_140' title='bbox 510 2636 797 2742; x_wconf 83' lang='lat' dir='ltr'><strong>recepcionibua</strong></span> <span class='ocrx_word' id='word_1_141' title='bbox 817 2633 991 2715; x_wconf 88' lang='lat' dir='ltr'><strong>aliorum.</strong></span> <span class='ocrx_word' id='word_1_142' title='bbox 1012 2636 1096 2740; x_wconf 89' lang='lat' dir='ltr'><strong>lpse</strong></span> <span class='ocrx_word' id='word_1_143' title='bbox 1115 2650 1241 2713; x_wconf 86' lang='lat' dir='ltr'><strong>autem</strong></span> <span class='ocrx_word' id='word_1_144' title='bbox 1257 2651 1430 2741; x_wconf 86' lang='lat' dir='ltr'><strong>receptus</strong></span> <span class='ocrx_word' id='word_1_145' title='bbox 1448 2634 1575 2716; x_wconf 83' lang='lat' dir='ltr'><strong>luerat</strong></span> <span class='ocrx_word' id='word_1_146' title='bbox 1586 2665 1656 2744; x_wconf 84' lang='lat' dir='ltr'><strong>per</strong></span> <span class='ocrx_word' id='word_1_147' title='bbox 1667 2637 1731 2716; x_wconf 77' lang='lat' dir='ltr'><strong>lra-</strong></span> 
     </span>
     <span class='ocr_line' id='line_1_17' title="bbox 309 2765 1726 2874; baseline 0.005 -35"><span class='ocrx_word' id='word_1_148' title='bbox 309 2782 406 2842; x_wconf 90' lang='lat' dir='ltr'><strong>trem</strong></span> <span class='ocrx_word' id='word_1_149' title='bbox 432 2768 707 2859; x_wconf 90' lang='lat' dir='ltr'><strong>Humbertnm,</strong></span> <span class='ocrx_word' id='word_1_150' title='bbox 746 2768 941 2874; x_wconf 89' lang='lat' dir='ltr'><strong>quondam</strong></span> <span class='ocrx_word' id='word_1_151' title='bbox 971 2784 1232 2872; x_wconf 79' lang='lat' dir='ltr'><strong>preceptorem</strong></span> <span class='ocrx_word' id='word_1_152' title='bbox 1255 2783 1347 2855; x_wconf 86' lang='lat' dir='ltr'><strong>tnnc</strong></span> <span class='ocrx_word' id='word_1_153' title='bbox 1371 2765 1421 2845; x_wconf 90' lang='lat' dir='ltr'><strong>de</strong></span> <span class='ocrx_word' id='word_1_154' title='bbox 1446 2767 1603 2847; x_wconf 82' lang='lat' dir='ltr'><strong>Valetne</strong></span> <span class='ocrx_word' id='word_1_155' title='bbox 1633 2771 1726 2846; x_wconf 76' lang='lat' dir='ltr'><strong>Tre-</strong></span> 
     </span>
     <span class='ocr_line' id='line_1_18' title="bbox 310 2895 1724 2991; baseline -0.001 -12"><span class='ocrx_word' id='word_1_156' title='bbox 310 2896 624 2991; x_wconf 63' lang='lat' dir='ltr'><strong>remissiores,</strong></span> <span class='ocrx_word' id='word_1_157' title='bbox 645 2900 736 2976; x_wconf 91' lang='lat' dir='ltr'><strong>citra</strong></span> <span class='ocrx_word' id='word_1_158' title='bbox 754 2896 893 2979; x_wconf 85' lang='lat' dir='ltr'><strong>festum</strong></span> <span class='ocrx_word' id='word_1_159' title='bbox 914 2896 1098 2978; x_wconf 86' lang='lat' dir='ltr'><strong>Omnium</strong></span> <span class='ocrx_word' id='word_1_160' title='bbox 1119 2896 1342 2977; x_wconf 85' lang='lat' dir='ltr'><strong>Sanctorum</strong></span> <span class='ocrx_word' id='word_1_161' title='bbox 1365 2895 1525 2979; x_wconf 79' lang='lat' dir='ltr'><strong>fremat</strong></span> <span class='ocrx_word' id='word_1_162' title='bbox 1546 2925 1613 2979; x_wconf 78' lang='lat' dir='ltr'><strong>m</strong></span> <span class='ocrx_word' id='word_1_163' title='bbox 1636 2902 1724 2977; x_wconf 88' lang='lat' dir='ltr'><strong>anni</strong></span> 
     </span>
     <span class='ocr_line' id='line_1_19' title="bbox 308 3023 1723 3135; baseline 0.008 -40"><span class='ocrx_word' id='word_1_164' title='bbox 308 3023 367 3099; x_wconf 85' lang='lat' dir='ltr'><strong>vel</strong></span> <span class='ocrx_word' id='word_1_165' title='bbox 382 3025 496 3118; x_wconf 87' lang='lat' dir='ltr'><strong>circa,</strong></span> <span class='ocrx_word' id='word_1_166' title='bbox 513 3029 553 3103; x_wconf 95' lang='lat' dir='ltr'><strong>in</strong></span> <span class='ocrx_word' id='word_1_167' title='bbox 568 3027 710 3134; x_wconf 88' lang='lat' dir='ltr'><strong>capella</strong></span> <span class='ocrx_word' id='word_1_168' title='bbox 724 3029 864 3106; x_wconf 90' lang='lat' dir='ltr'><strong>domus</strong></span> <span class='ocrx_word' id='word_1_169' title='bbox 876 3026 1029 3133; x_wconf 91' lang='lat' dir='ltr'><strong>Templi</strong></span> <span class='ocrx_word' id='word_1_170' title='bbox 1045 3027 1093 3105; x_wconf 88' lang='lat' dir='ltr'><strong>de</strong></span> <span class='ocrx_word' id='word_1_171' title='bbox 1108 3028 1214 3106; x_wconf 90' lang='lat' dir='ltr'><strong>Bono</strong></span> <span class='ocrx_word' id='word_1_172' title='bbox 1227 3029 1328 3111; x_wconf 87' lang='lat' dir='ltr'><strong>Loco</strong></span> <span class='ocrx_word' id='word_1_173' title='bbox 1355 3027 1530 3135; x_wconf 78' lang='lat' dir='ltr'><strong>ejusdem</strong></span> <span class='ocrx_word' id='word_1_174' title='bbox 1551 3028 1723 3118; x_wconf 71' lang='lat' dir='ltr'><strong>droun,</strong></span> 
     </span>
     <span class='ocr_line' id='line_1_20' title="bbox 310 3155 1727 3268; baseline 0.005 -39"><span class='ocrx_word' id='word_1_175' title='bbox 310 3155 545 3257; x_wconf 87' lang='lat' dir='ltr'><strong>presentibus</strong></span> <span class='ocrx_word' id='word_1_176' title='bbox 568 3156 745 3238; x_wconf 84' lang='lat' dir='ltr'><strong>fratribus</strong></span> <span class='ocrx_word' id='word_1_177' title='bbox 762 3159 873 3236; x_wconf 89' lang='lat' dir='ltr'><strong>Petro</strong></span> <span class='ocrx_word' id='word_1_178' title='bbox 892 3157 1054 3236; x_wconf 88' lang='lat' dir='ltr'><strong>Valence</strong></span> <span class='ocrx_word' id='word_1_179' title='bbox 1079 3175 1118 3234; x_wconf 89' lang='lat' dir='ltr'><strong>et</strong></span> <span class='ocrx_word' id='word_1_180' title='bbox 1140 3157 1368 3245; x_wconf 89' lang='lat' dir='ltr'><strong>Humberto,</strong></span> <span class='ocrx_word' id='word_1_181' title='bbox 1391 3160 1502 3267; x_wconf 88' lang='lat' dir='ltr'><strong>cujus</strong></span> <span class='ocrx_word' id='word_1_182' title='bbox 1518 3187 1727 3268; x_wconf 80' lang='lat' dir='ltr'><strong>cognomen</strong></span> 
     </span>
     <span class='ocr_line' id='line_1_21' title="bbox 309 3285 1731 3396; baseline 0.008 -39"><span class='ocrx_word' id='word_1_183' title='bbox 309 3285 471 3390; x_wconf 85' lang='lat' dir='ltr'><strong>ignorat,</strong></span> <span class='ocrx_word' id='word_1_184' title='bbox 492 3285 756 3376; x_wconf 88' lang='lat' dir='ltr'><strong>servientibus,</strong></span> <span class='ocrx_word' id='word_1_185' title='bbox 771 3286 989 3374; x_wconf 85' lang='lat' dir='ltr'><strong>dellunctis,</strong></span> <span class='ocrx_word' id='word_1_186' title='bbox 1009 3289 1048 3369; x_wconf 92' lang='lat' dir='ltr'><strong>in</strong></span> <span class='ocrx_word' id='word_1_187' title='bbox 1067 3290 1169 3364; x_wconf 90' lang='lat' dir='ltr'><strong>hunc</strong></span> <span class='ocrx_word' id='word_1_188' title='bbox 1189 3289 1370 3365; x_wconf 86' lang='lat' dir='ltr'><strong>modum:</strong></span> <span class='ocrx_word' id='word_1_189' title='bbox 1387 3316 1474 3369; x_wconf 82' lang='lat' dir='ltr'><strong>nom</strong></span> <span class='ocrx_word' id='word_1_190' title='bbox 1493 3318 1580 3366; x_wconf 89' lang='lat' dir='ltr'><strong>cum</strong></span> <span class='ocrx_word' id='word_1_191' title='bbox 1594 3292 1731 3396; x_wconf 71' lang='lat' dir='ltr'><strong>peciis.</strong></span> 
     </span>
     <span class='ocr_line' id='line_1_22' title="bbox 308 3416 1725 3526; baseline 0.004 -35"><span class='ocrx_word' id='word_1_192' title='bbox 308 3431 381 3504; x_wconf 91' lang='lat' dir='ltr'><strong>set,</strong></span> <span class='ocrx_word' id='word_1_193' title='bbox 400 3416 505 3492; x_wconf 83' lang='lat' dir='ltr'><strong>flexis</strong></span> <span class='ocrx_word' id='word_1_194' title='bbox 520 3416 695 3524; x_wconf 86' lang='lat' dir='ltr'><strong>genibus,</strong></span> <span class='ocrx_word' id='word_1_195' title='bbox 715 3446 850 3523; x_wconf 89' lang='lat' dir='ltr'><strong>panem</strong></span> <span class='ocrx_word' id='word_1_196' title='bbox 877 3435 914 3494; x_wconf 93' lang='lat' dir='ltr'><strong>et</strong></span> <span class='ocrx_word' id='word_1_197' title='bbox 936 3447 1088 3523; x_wconf 90' lang='lat' dir='ltr'><strong>aquam,</strong></span> <span class='ocrx_word' id='word_1_198' title='bbox 1110 3420 1325 3497; x_wconf 89' lang='lat' dir='ltr'><strong>societatem</strong></span> <span class='ocrx_word' id='word_1_199' title='bbox 1345 3436 1383 3496; x_wconf 91' lang='lat' dir='ltr'><strong>et</strong></span> <span class='ocrx_word' id='word_1_200' title='bbox 1397 3447 1597 3526; x_wconf 78' lang='lat' dir='ltr'><strong>pauperem</strong></span> <span class='ocrx_word' id='word_1_201' title='bbox 1616 3424 1725 3498; x_wconf 85' lang='lat' dir='ltr'><strong>vesti-</strong></span> 
     </span>
     <span class='ocr_line' id='line_1_23' title="bbox 307 3546 1722 3641; baseline 0.008 -24"><span class='ocrx_word' id='word_1_202' title='bbox 307 3561 387 3619; x_wconf 86' lang='lat' dir='ltr'><strong>tum</strong></span> <span class='ocrx_word' id='word_1_203' title='bbox 409 3546 569 3637; x_wconf 84' lang='lat' dir='ltr'><strong>ordinis,</strong></span> <span class='ocrx_word' id='word_1_204' title='bbox 589 3564 626 3623; x_wconf 88' lang='lat' dir='ltr'><strong>et</strong></span> <span class='ocrx_word' id='word_1_205' title='bbox 642 3547 839 3626; x_wconf 90' lang='lat' dir='ltr'><strong>obtulisset</strong></span> <span class='ocrx_word' id='word_1_206' title='bbox 861 3578 899 3626; x_wconf 92' lang='lat' dir='ltr'><strong>se</strong></span> <span class='ocrx_word' id='word_1_207' title='bbox 917 3548 1012 3625; x_wconf 84' lang='lat' dir='ltr'><strong>velle</strong></span> <span class='ocrx_word' id='word_1_208' title='bbox 1034 3547 1116 3625; x_wconf 85' lang='lat' dir='ltr'><strong>fieri</strong></span> <span class='ocrx_word' id='word_1_209' title='bbox 1140 3578 1287 3627; x_wconf 86' lang='lat' dir='ltr'><strong>servum</strong></span> <span class='ocrx_word' id='word_1_210' title='bbox 1306 3550 1484 3627; x_wconf 86' lang='lat' dir='ltr'><strong>esclavum</strong></span> <span class='ocrx_word' id='word_1_211' title='bbox 1502 3548 1662 3641; x_wconf 87' lang='lat' dir='ltr'><strong>ordinis,</strong></span> <span class='ocrx_word' id='word_1_212' title='bbox 1682 3571 1722 3628; x_wconf 92' lang='lat' dir='ltr'><strong>et</strong></span> 
     </span>
     <span class='ocr_line' id='line_1_24' title="bbox 307 3679 1722 3786; baseline 0.006 -37"><span class='ocrx_word' id='word_1_213' title='bbox 307 3693 475 3777; x_wconf 78' lang='lat' dir='ltr'><strong>parattnn</strong></span> <span class='ocrx_word' id='word_1_214' title='bbox 498 3679 594 3754; x_wconf 92' lang='lat' dir='ltr'><strong>mori</strong></span> <span class='ocrx_word' id='word_1_215' title='bbox 615 3707 683 3784; x_wconf 90' lang='lat' dir='ltr'><strong>pro</strong></span> <span class='ocrx_word' id='word_1_216' title='bbox 708 3680 789 3756; x_wconf 93' lang='lat' dir='ltr'><strong>Deo</strong></span> <span class='ocrx_word' id='word_1_217' title='bbox 814 3697 883 3767; x_wconf 88' lang='lat' dir='ltr'><strong>ter,</strong></span> <span class='ocrx_word' id='word_1_218' title='bbox 905 3697 943 3754; x_wconf 91' lang='lat' dir='ltr'><strong>et</strong></span> <span class='ocrx_word' id='word_1_219' title='bbox 967 3697 1023 3756; x_wconf 89' lang='lat' dir='ltr'><strong>ter</strong></span> <span class='ocrx_word' id='word_1_220' title='bbox 1051 3680 1085 3757; x_wconf 91' lang='lat' dir='ltr'><strong>ei</strong></span> <span class='ocrx_word' id='word_1_221' title='bbox 1106 3707 1328 3785; x_wconf 73' lang='lat' dir='ltr'><strong>responsum.</strong></span> <span class='ocrx_word' id='word_1_222' title='bbox 1348 3680 1474 3757; x_wconf 88' lang='lat' dir='ltr'><strong>fuisset</strong></span> <span class='ocrx_word' id='word_1_223' title='bbox 1491 3680 1596 3785; x_wconf 91' lang='lat' dir='ltr'><strong>quod</strong></span> <span class='ocrx_word' id='word_1_224' title='bbox 1614 3703 1722 3786; x_wconf 86' lang='lat' dir='ltr'><strong>gran-</strong></span> 
     </span>
     <span class='ocr_line' id='line_1_25' title="bbox 307 3806 1722 3916; baseline 0.008 -37"><span class='ocrx_word' id='word_1_225' title='bbox 307 3806 393 3880; x_wconf 89' lang='lat' dir='ltr'><strong>dem</strong></span> <span class='ocrx_word' id='word_1_226' title='bbox 412 3835 492 3883; x_wconf 93' lang='lat' dir='ltr'><strong>rem</strong></span> <span class='ocrx_word' id='word_1_227' title='bbox 506 3808 672 3914; x_wconf 90' lang='lat' dir='ltr'><strong>petebat,</strong></span> <span class='ocrx_word' id='word_1_228' title='bbox 696 3827 734 3884; x_wconf 89' lang='lat' dir='ltr'><strong>et</strong></span> <span class='ocrx_word' id='word_1_229' title='bbox 751 3809 856 3914; x_wconf 90' lang='lat' dir='ltr'><strong>qnod</strong></span> <span class='ocrx_word' id='word_1_230' title='bbox 868 3810 965 3886; x_wconf 90' lang='lat' dir='ltr'><strong>bene</strong></span> <span class='ocrx_word' id='word_1_231' title='bbox 986 3809 1230 3898; x_wconf 88' lang='lat' dir='ltr'><strong>deliberaret,</strong></span> <span class='ocrx_word' id='word_1_232' title='bbox 1251 3813 1338 3916; x_wconf 85' lang='lat' dir='ltr'><strong>quia</strong></span> <span class='ocrx_word' id='word_1_233' title='bbox 1350 3827 1542 3916; x_wconf 88' lang='lat' dir='ltr'><strong>oporteret</strong></span> <span class='ocrx_word' id='word_1_234' title='bbox 1554 3839 1643 3888; x_wconf 90' lang='lat' dir='ltr'><strong>eum</strong></span> <span class='ocrx_word' id='word_1_235' title='bbox 1660 3813 1722 3890; x_wconf 91' lang='lat' dir='ltr'><strong>ab·</strong></span> 
     </span>
     <span class='ocr_line' id='line_1_26' title="bbox 307 3936 1722 4047; baseline 0.006 -37"><span class='ocrx_word' id='word_1_236' title='bbox 307 3936 428 4013; x_wconf 91' lang='lat' dir='ltr'><strong>dicare</strong></span> <span class='ocrx_word' id='word_1_237' title='bbox 443 3967 462 4013; x_wconf 90' lang='lat' dir='ltr'><strong>a</strong></span> <span class='ocrx_word' id='word_1_238' title='bbox 478 3967 516 4016; x_wconf 89' lang='lat' dir='ltr'><strong>se</strong></span> <span class='ocrx_word' id='word_1_239' title='bbox 532 3940 721 4044; x_wconf 89' lang='lat' dir='ltr'><strong>propriam</strong></span> <span class='ocrx_word' id='word_1_240' title='bbox 736 3938 966 4019; x_wconf 73' lang='lat' dir='ltr'><strong>uoluntatem</strong></span> <span class='ocrx_word' id='word_1_241' title='bbox 989 3957 1027 4017; x_wconf 92' lang='lat' dir='ltr'><strong>et</strong></span> <span class='ocrx_word' id='word_1_242' title='bbox 1046 3941 1228 4047; x_wconf 88' lang='lat' dir='ltr'><strong>subjicere</strong></span> <span class='ocrx_word' id='word_1_243' title='bbox 1244 3941 1384 4030; x_wconf 89' lang='lat' dir='ltr'><strong>aliene,</strong></span> <span class='ocrx_word' id='word_1_244' title='bbox 1405 3969 1486 4019; x_wconf 90' lang='lat' dir='ltr'><strong>esse</strong></span> <span class='ocrx_word' id='word_1_245' title='bbox 1506 3941 1607 4020; x_wconf 89' lang='lat' dir='ltr'><strong>ultra</strong></span> <span class='ocrx_word' id='word_1_246' title='bbox 1624 3971 1722 4020; x_wconf 88' lang='lat' dir='ltr'><strong>mare</strong></span> 
     </span>
     <span class='ocr_line' id='line_1_27' title="bbox 305 4068 1721 4179; baseline 0.006 -38"><span class='ocrx_word' id='word_1_247' title='bbox 305 4068 456 4171; x_wconf 89' lang='lat' dir='ltr'><strong>quando</strong></span> <span class='ocrx_word' id='word_1_248' title='bbox 482 4068 594 4145; x_wconf 88' lang='lat' dir='ltr'><strong>vellet</strong></span> <span class='ocrx_word' id='word_1_249' title='bbox 618 4097 696 4146; x_wconf 87' lang='lat' dir='ltr'><strong>esse</strong></span> <span class='ocrx_word' id='word_1_250' title='bbox 712 4071 820 4157; x_wconf 88' lang='lat' dir='ltr'><strong>citra,</strong></span> <span class='ocrx_word' id='word_1_251' title='bbox 837 4087 875 4146; x_wconf 92' lang='lat' dir='ltr'><strong>et</strong></span> <span class='ocrx_word' id='word_1_252' title='bbox 892 4071 1013 4151; x_wconf 87' lang='lat' dir='ltr'><strong>multa</strong></span> <span class='ocrx_word' id='word_1_253' title='bbox 1035 4071 1129 4148; x_wconf 92' lang='lat' dir='ltr'><strong>dura</strong></span> <span class='ocrx_word' id='word_1_254' title='bbox 1152 4090 1188 4148; x_wconf 90' lang='lat' dir='ltr'><strong>et</strong></span> <span class='ocrx_word' id='word_1_255' title='bbox 1207 4100 1334 4177; x_wconf 90' lang='lat' dir='ltr'><strong>aspera</strong></span> <span class='ocrx_word' id='word_1_256' title='bbox 1355 4072 1559 4162; x_wconf 87' lang='lat' dir='ltr'><strong>sustinere,</strong></span> <span class='ocrx_word' id='word_1_257' title='bbox 1592 4073 1721 4179; x_wconf 85' lang='lat' dir='ltr'><strong>etipse</strong></span> 
     </span>
     <span class='ocr_line' id='line_1_28' title="bbox 303 4199 1723 4311; baseline 0.008 -41"><span class='ocrx_word' id='word_1_258' title='bbox 303 4199 556 4303; x_wconf 89' lang='lat' dir='ltr'><strong>respondisset</strong></span> <span class='ocrx_word' id='word_1_259' title='bbox 575 4200 680 4305; x_wconf 91' lang='lat' dir='ltr'><strong>quod</strong></span> <span class='ocrx_word' id='word_1_260' title='bbox 700 4200 827 4276; x_wconf 88' lang='lat' dir='ltr'><strong>omnia</strong></span> <span class='ocrx_word' id='word_1_261' title='bbox 844 4200 1061 4292; x_wconf 89' lang='lat' dir='ltr'><strong>sustineret,</strong></span> <span class='ocrx_word' id='word_1_262' title='bbox 1082 4201 1170 4278; x_wconf 85' lang='lat' dir='ltr'><strong>fecit</strong></span> <span class='ocrx_word' id='word_1_263' title='bbox 1187 4232 1276 4280; x_wconf 92' lang='lat' dir='ltr'><strong>eum</strong></span> <span class='ocrx_word' id='word_1_264' title='bbox 1294 4231 1426 4281; x_wconf 87' lang='lat' dir='ltr'><strong>vovere</strong></span> <span class='ocrx_word' id='word_1_265' title='bbox 1442 4219 1481 4279; x_wconf 91' lang='lat' dir='ltr'><strong>et</strong></span> <span class='ocrx_word' id='word_1_266' title='bbox 1499 4203 1648 4311; x_wconf 85' lang='lat' dir='ltr'><strong>jurare,</strong></span> <span class='ocrx_word' id='word_1_267' title='bbox 1667 4233 1723 4281; x_wconf 87' lang='lat' dir='ltr'><strong>su·</strong></span> 
     </span>
     <span class='ocr_line' id='line_1_29' title="bbox 302 4330 1721 4441; baseline 0.008 -40"><span class='ocrx_word' id='word_1_268' title='bbox 302 4356 368 4430; x_wconf 89' lang='lat' dir='ltr'><strong>per</strong></span> <span class='ocrx_word' id='word_1_269' title='bbox 381 4330 585 4434; x_wconf 89' lang='lat' dir='ltr'><strong>quemdam</strong></span> <span class='ocrx_word' id='word_1_270' title='bbox 606 4330 765 4420; x_wconf 86' lang='lat' dir='ltr'><strong>librum,</strong></span> <span class='ocrx_word' id='word_1_271' title='bbox 786 4331 1012 4420; x_wconf 85' lang='lat' dir='ltr'><strong>castitatem,</strong></span> <span class='ocrx_word' id='word_1_272' title='bbox 1028 4332 1307 4422; x_wconf 91' lang='lat' dir='ltr'><strong>obedienciam,</strong></span> <span class='ocrx_word' id='word_1_273' title='bbox 1328 4350 1367 4411; x_wconf 88' lang='lat' dir='ltr'><strong>et</strong></span> <span class='ocrx_word' id='word_1_274' title='bbox 1387 4335 1509 4411; x_wconf 86' lang='lat' dir='ltr'><strong>vivere</strong></span> <span class='ocrx_word' id='word_1_275' title='bbox 1535 4336 1618 4412; x_wconf 88' lang='lat' dir='ltr'><strong>sine</strong></span> <span class='ocrx_word' id='word_1_276' title='bbox 1640 4364 1721 4441; x_wconf 85' lang='lat' dir='ltr'><strong>pro·</strong></span> 
     </span>
     <span class='ocr_line' id='line_1_30' title="bbox 302 4436 1718 4570; baseline 0.006 -39"><span class='ocrx_word' id='word_1_277' title='bbox 302 4458 400 4560; x_wconf 92' lang='lat' dir='ltr'><strong>prio,</strong></span> <span class='ocrx_word' id='word_1_278' title='bbox 422 4477 460 4536; x_wconf 88' lang='lat' dir='ltr'><strong>et</strong></span> <span class='ocrx_word' id='word_1_279' title='bbox 477 4488 621 4537; x_wconf 88' lang='lat' dir='ltr'><strong>servare</strong></span> <span class='ocrx_word' id='word_1_280' title='bbox 638 4460 760 4536; x_wconf 91' lang='lat' dir='ltr'><strong>bonos</strong></span> <span class='ocrx_word' id='word_1_281' title='bbox 776 4489 866 4537; x_wconf 89' lang='lat' dir='ltr'><strong>usus</strong></span> <span class='ocrx_word' id='word_1_282' title='bbox 884 4477 922 4537; x_wconf 90' lang='lat' dir='ltr'><strong>et</strong></span> <span class='ocrx_word' id='word_1_283' title='bbox 935 4461 1053 4545; x_wconf 83' lang='lat' dir='ltr'><strong>bonas</strong></span> <span class='ocrx_word' id='word_1_284' title='bbox 1066 4436 1366 4543; x_wconf 61' lang='lat' dir='ltr'><strong>‘consuetudines</strong></span> <span class='ocrx_word' id='word_1_285' title='bbox 1381 4463 1526 4541; x_wconf 92' lang='lat' dir='ltr'><strong>ordinis</strong></span> <span class='ocrx_word' id='word_1_286' title='bbox 1546 4465 1718 4570; x_wconf 86' lang='lat' dir='ltr'><strong>quitunc</strong></span> 
     </span>
     <span class='ocr_line' id='line_1_31' title="bbox 303 4590 1719 4698; baseline 0.008 -39"><span class='ocrx_word' id='word_1_287' title='bbox 303 4605 406 4663; x_wconf 88' lang='lat' dir='ltr'><strong>erant</strong></span> <span class='ocrx_word' id='word_1_288' title='bbox 419 4590 532 4696; x_wconf 92' lang='lat' dir='ltr'><strong>etqui</strong></span> <span class='ocrx_word' id='word_1_289' title='bbox 544 4590 583 4666; x_wconf 93' lang='lat' dir='ltr'><strong>in</strong></span> <span class='ocrx_word' id='word_1_290' title='bbox 594 4607 788 4697; x_wconf 91' lang='lat' dir='ltr'><strong>posterum</strong></span> <span class='ocrx_word' id='word_1_291' title='bbox 797 4591 1080 4696; x_wconf 85' lang='lat' dir='ltr'><strong>inponerentur.</strong></span> <span class='ocrx_word' id='word_1_292' title='bbox 1093 4593 1342 4669; x_wconf 90' lang='lat' dir='ltr'><strong>Postmodum</strong></span> <span class='ocrx_word' id='word_1_293' title='bbox 1353 4593 1618 4698; x_wconf 87' lang='lat' dir='ltr'><strong>imposuitsibi</strong></span> <span class='ocrx_word' id='word_1_294' title='bbox 1627 4623 1719 4670; x_wconf 90' lang='lat' dir='ltr'><strong>man·</strong></span> 
     </span>
     <span class='ocr_line' id='line_1_32' title="bbox 300 4714 1716 4831; baseline 0.008 -43"><span class='ocrx_word' id='word_1_295' title='bbox 300 4714 450 4807; x_wconf 89' lang='lat' dir='ltr'><strong>tellum,</strong></span> <span class='ocrx_word' id='word_1_296' title='bbox 469 4720 600 4822; x_wconf 86' lang='lat' dir='ltr'><strong>etipse</strong></span> <span class='ocrx_word' id='word_1_297' title='bbox 621 4737 659 4797; x_wconf 88' lang='lat' dir='ltr'><strong>et</strong></span> <span class='ocrx_word' id='word_1_298' title='bbox 674 4722 804 4798; x_wconf 85' lang='lat' dir='ltr'><strong>fratres</strong></span> <span class='ocrx_word' id='word_1_299' title='bbox 824 4739 984 4800; x_wconf 88' lang='lat' dir='ltr'><strong>astantes</strong></span> <span class='ocrx_word' id='word_1_300' title='bbox 1003 4721 1157 4799; x_wconf 84' lang='lat' dir='ltr'><strong>fuerunt</strong></span> <span class='ocrx_word' id='word_1_301' title='bbox 1177 4750 1265 4800; x_wconf 89' lang='lat' dir='ltr'><strong>eum</strong></span> <span class='ocrx_word' id='word_1_302' title='bbox 1283 4725 1440 4800; x_wconf 90' lang='lat' dir='ltr'><strong>osculati</strong></span> <span class='ocrx_word' id='word_1_303' title='bbox 1462 4725 1502 4800; x_wconf 93' lang='lat' dir='ltr'><strong>in</strong></span> <span class='ocrx_word' id='word_1_304' title='bbox 1518 4753 1607 4815; x_wconf 71' lang='lat' dir='ltr'><strong>ore,</strong></span> <span class='ocrx_word' id='word_1_305' title='bbox 1624 4741 1716 4831; x_wconf 87' lang='lat' dir='ltr'><strong>post·</strong></span> 
     </span>
    </p>

    <p class='ocr_par' dir='ltr' id='par_1_4' title="bbox 264 4832 1712 4958">
     <span class='ocr_line' id='line_1_33' title="bbox 264 4832 1712 4958; baseline 0.006 -40"><span class='ocrx_word' id='word_1_306' title='bbox 264 4832 270 4842; x_wconf 41' lang='grc'><em>“</em></span> <span class='ocrx_word' id='word_1_307' title='bbox 303 4844 459 4921; x_wconf 85' lang='lat' dir='ltr'><strong>modum</strong></span> <span class='ocrx_word' id='word_1_308' title='bbox 479 4868 714 4926; x_wconf 89' lang='lat' dir='ltr'><strong>recesserunt</strong></span> <span class='ocrx_word' id='word_1_309' title='bbox 729 4850 860 4928; x_wconf 87' lang='lat' dir='ltr'><strong>fratres</strong></span> <span class='ocrx_word' id='word_1_310' title='bbox 873 4869 1050 4943; x_wconf 89' lang='lat' dir='ltr'><strong>astantes,</strong></span> <span class='ocrx_word' id='word_1_311' title='bbox 1069 4870 1107 4930; x_wconf 93' lang='lat' dir='ltr'><strong>et</strong></span> <span class='ocrx_word' id='word_1_312' title='bbox 1127 4853 1250 4931; x_wconf 88' lang='lat' dir='ltr'><strong>dietus</strong></span> <span class='ocrx_word' id='word_1_313' title='bbox 1268 4871 1453 4958; x_wconf 89' lang='lat' dir='ltr'><strong>receptor,</strong></span> <span class='ocrx_word' id='word_1_314' title='bbox 1476 4855 1605 4934; x_wconf 88' lang='lat' dir='ltr'><strong>clauso</strong></span> <span class='ocrx_word' id='word_1_315' title='bbox 1625 4852 1712 4932; x_wconf 89' lang='lat' dir='ltr'><strong>ostio</strong></span> 
     </span>
    </p>
   </div>
   <div class='ocr_carea' id='block_1_4' title="bbox 0 0 2044 6052">
    <p class='ocr_par' dir='ltr' id='par_1_5' title="bbox 0 0 2044 6052">
     <span class='ocr_line' id='line_1_34' title="bbox 0 0 2044 6052; baseline 0 5"><span class='ocrx_word' id='word_1_316' title='bbox 0 0 2044 6052; x_wconf 95' lang='lat' dir='ltr'><strong> </strong></span> 
     </span>
    </p>
   </div>
  </div>
 </body>
</html>
