4080 6052
713 537 908 630 raocts
933 557 1027 630 eas
1052 553 1353 633 respersas.
1667 544 1739 631 529

322 693 419 769 hanc
443 674 855 799 smmdeposicionem
878 725 1077 805 quousque
1101 699 1359 775 attestaciones
1378 697 1520 773 luerint
1540 697 1738 801 publicate.

376 824 465 900 Acta
475 822 631 903 filerunt
643 827 714 902 hec
724 827 785 903 die
797 845 834 903 ct
846 827 930 905 loco
943 829 1133 935 predictis,
1147 828 1385 935 presentibus
1396 828 1572 935 magistro
1583 827 1737 915 Amisia,

318 981 378 1029 me
396 954 654 1032 Floriamonte
667 957 887 1046 Dondedei,
906 976 943 1035 et
959 958 1043 1036 aliis
1061 959 1216 1036 notariis
1233 987 1344 1065 supra
1365 958 1500 1035 ultimo
1522 957 1734 1037 nominatis

372 1216 459 1298 Post
479 1219 565 1308 hec,
588 1221 649 1298 die
676 1223 775 1298 lovis
794 1222 984 1327 sequenti,
1006 1250 1080 1328 que
1100 1221 1173 1299 luit
1192 1250 1227 1299 ru
1254 1222 1334 1298 dies
1361 1222 1501 1297 mensis
1525 1221 1736 1306 Februarii,

315 1347 388 1424 tuit
414 1350 600 1428 adductus
619 1353 667 1427 ad
693 1352 924 1457 presenciam
946 1353 1170 1430 eorumdem
1192 1351 1436 1430 dominorum
1465 1350 1739 1428 commissario-
1769 1365 1771 1370 ’

316 1507 420 1568 rum,
441 1481 479 1553 in
499 1481 614 1556 domo
642 1482 808 1585 predicta
828 1481 985 1557 [ramum
1007 1482 1218 1569 Minorum‚
1240 1481 1353 1557 lrater
1382 1484 1514 1557 Petrus
1544 1480 1592 1557 de
1619 1480 1742 1556 Cher-

314 1627 400 1685 ruto
415 1610 645 1688 Senoneusis
666 1613 840 1702 diocesis,
862 1612 1043 1702 serviens,
1057 1613 1401 1718 quinquagenarius
1421 1611 1478 1688 vel
1495 1612 1610 1698 circa,
1630 1611 1736 1689 testis

313 1767 422 1845 supra
438 1742 602 1846 juratus,
626 1762 669 1818 ut
684 1743 893 1847 deponeret
906 1741 1050 1819 dictum
1065 1770 1195 1828 suurn,
1216 1768 1294 1819 non
1308 1740 1495 1819 defferens
1507 1741 1732 1817 mantellum

313 1868 472 1955 ordinis,
499 1870 587 1975 quia
607 1869 700 1946 vidit
722 1871 826 1975 quod
845 1870 910 1945 alii
933 1898 1011 1947 non
1035 1870 1245 1974 portabant.
1272 1869 1519 1946 Postmodum
1539 1868 1621 1947 radi
1646 1869 1734 1946 fecit

313 1997 382 2074 sibi
398 1996 573 2089 barbam,
591 2028 676 2074 curn
689 2027 767 2106 quo
788 1996 860 2076 luit
875 1999 1111 2106 inquisitum,
1132 1998 1328 2078 absolutus
1342 2017 1380 2077 et
1395 1997 1655 2078 reconciliatus
1666 2029 1733 2105 per

313 2128 514 2205 dominum
533 2132 749 2236 episcopum
771 2131 1033 2226 Parisiensem,
1051 2148 1095 2210 et
1114 2131 1187 2210 fuit
1210 2150 1436 2239 protestatus
1453 2132 1558 2238 quod
1577 2133 1734 2208 nonin—

313 2259 491 2335 tendebat
512 2262 686 2336 recedere
705 2291 725 2336 a
746 2262 984 2368 deposicione
1003 2264 1095 2340 lacta
1111 2291 1236 2340 coram
1257 2264 1444 2367 episcopo.
1466 2262 1587 2338 Lectis
1607 2280 1732 2338 autem

310 2406 351 2464 et
368 2389 570 2496 diligenter
586 2394 762 2498 expositis
779 2395 813 2469 ei
834 2394 1010 2471 omnibus
1031 2411 1069 2486 et
1086 2392 1245 2501 singulis
1264 2393 1447 2484 articulis,
1470 2393 1665 2498 respondit
1686 2395 1732 2467 ad

312 2546 392 2610 eos,
416 2538 453 2597 et
473 2525 595 2629 primo
616 2527 662 2599 ad
676 2526 819 2630 primos
835 2552 916 2617 xus,
933 2554 971 2602 se
988 2525 1131 2603 nescire
1147 2525 1176 2599 si
1195 2541 1370 2601 contenta
1386 2524 1425 2599 in
1443 2523 1553 2601 dictis
1567 2523 1732 2599 articulis

311 2671 416 2729 erant
435 2682 519 2732 vera
538 2655 595 2734 vel
617 2685 712 2742 non:
741 2657 835 2733 vidit
855 2675 980 2734 tamen
1001 2658 1118 2763 recipi
1144 2656 1297 2733 fratrem
1319 2657 1532 2735 lohannem
1559 2655 1732 2730 Monachi

310 2785 532 2862 servientem
556 2789 750 2894 quondam
772 2788 812 2862 in
837 2786 977 2892 capella
1001 2787 1139 2864 domus
1156 2787 1304 2893 Templi
1331 2788 1378 2862 de
1401 2786 1591 2864 Cherruto
1614 2786 1734 2861 Seno-

311 2914 437 2991 nensis
465 2916 641 3003 diocesis,
673 2933 763 2994 sunt
790 2917 937 2994 circiter
960 2945 1011 2995 x11
1037 2919 1144 3008 anui,
1172 2945 1240 3023 per
1266 2917 1418 2994 fratrem
1445 2918 1642 3023 Hugonem
1674 2917 1733 2990 Pi·
1784 3022 1786 3026 Α

311 3045 410 3121 cardi
439 3064 696 3151 preceptorem
717 3064 809 3123 tunc
835 3047 881 3123 de
900 3049 1001 3137 Bria,
1025 3048 1266 3136 defunctum,
1294 3046 1532 3153 presentibus
1555 3044 1733 3122 fratribus

311 3173 446 3251 Odone
471 3177 635 3253 Piccardi
668 3176 918 3285 Arthangero‚
947 3181 1054 3285 cujus
1083 3205 1294 3286 cognomen
1322 3178 1483 3284 ignorat,
1511 3175 1731 3266 deffunctis3

310 3321 347 3379 et
372 3306 412 3380 in
433 3307 569 3383 eodem
594 3309 677 3384 loco
704 3327 741 3384 et
765 3337 832 3415 per
853 3310 1018 3387 eundem
1037 3310 1145 3396 vidit,
1175 3327 1263 3387 sunt
1288 3338 1324 3386 x1
1350 3309 1437 3386 anni
1460 3307 1518 3385 vel
1541 3310 1652 3397 circa,
1679 3336 1733 3382 re-

309 3435 381 3542 cipi
410 3437 561 3515 fratrem
594 3437 706 3517 Gales
736 3441 900 3518 Piccardi
928 3442 1139 3548 quondam,
1170 3442 1406 3548 presentibus
1439 3437 1614 3515 fratribus
1642 3439 1728 3514 Ger.

309 3565 356 3641 de
381 3568 537 3645 Viveriis
559 3570 794 3678 presbytero,
823 3589 860 3649 et
884 3573 1056 3680 Remigio
1077 3572 1125 3649 de
1150 3571 1377 3658 suessionis,
1403 3568 1537 3646 Odone
1564 3567 1726 3643 Piccardi

309 3719 346 3777 et
359 3704 530 3779 lohanne
543 3705 734 3792 Monachi,
757 3704 935 3809 predictis
952 3702 1169 3792 deffunctis,
1193 3703 1232 3778 iu
1252 3728 1416 3807 quorum
1437 3699 1657 3804 recepcione
1679 3699 1730 3773 ni-

309 3830 383 3905 chil
400 3830 473 3908 fuit
493 3833 635 3909 dictum
657 3834 714 3908 vel
735 3851 859 3909 actum
882 3832 1068 3909 illicitum.
1090 3833 1221 3908 Plures
1239 3850 1365 3909 autem
1386 3861 1463 3909 non
1484 3831 1576 3907 vidit
1596 3830 1727 3934 recipi,

308 3989 378 4037 nec
402 3961 571 4039 interluit
591 3964 764 4068 capitulis
784 3991 935 4052 eorum3
964 3964 1044 4069 ipse
1074 3981 1198 4040 autem
1225 3980 1397 4069 receptus
1424 3961 1496 4037 fuit
1522 3961 1561 4035 in
1588 3959 1728 4064 capella

308 4090 405 4168 dicte
431 4091 569 4171 domus
589 4096 637 4170 de
658 4094 844 4186 Cheruto,
870 4095 909 4170 in
929 4078 1101 4200 proximo
1124 4094 1219 4171 festo
1239 4095 1364 4171 Ramis
1383 4092 1594 4198 pulmarum
1617 4110 1728 4167 erunt

306 4247 393 4298 xvur
423 4225 512 4300 anni
542 4224 598 4301 vel
632 4225 742 4313 circa,
767 4252 836 4329 per
861 4222 1015 4304 fratrem
1048 4224 1311 4304 Godofredurn
1343 4223 1504 4309 Picardi‚
1534 4221 1727 4327 quondam

305 4370 395 4431 tunc
416 4374 674 4462 preceptorem
702 4355 805 4447 Brie,
831 4355 1070 4462 presentibus
1095 4356 1204 4443 dictis
1228 4355 1405 4433 fratribus
1431 4353 1599 4430 Gerardo
1626 4379 1729 4456 pres-

305 4483 449 4588 bytero,
467 4503 505 4560 et
521 4485 800 4591 Odone,·Petro
814 4487 994 4579 Bosselli‚
1017 4505 1056 4564 et
1071 4486 1282 4564 Humberto
1298 4484 1488 4591 Bergerio,
1507 4481 1725 4565 deffunctis,
1801 4480 1804 4486 ’

304 4613 345 4687 in
360 4612 461 4690 hunc
475 4616 661 4693 modurn:
684 4644 771 4692 nam
791 4618 1028 4725 priusquam
1049 4619 1222 4696 intrasset
1241 4616 1378 4692 dictam
1395 4614 1596 4721 capellam,
1616 4642 1727 4689 vene-

305 4761 395 4820 runt
413 4745 460 4821 ad
493 4750 580 4822 euni
610 4748 686 4825 duo
706 4777 750 4825 ex
778 4748 888 4826 dictis
915 4748 1112 4836 fratribus,
1136 4732 1405 4852 permonentes
1429 4746 1555 4852 ipsum
1579 4760 1622 4819 ut
1639 4735 1729 4819 dili-

304 4892 436 4983 genter
458 4876 684 4955 deliberaret
702 4879 731 4956 si
759 4878 909 4957 volebat
934 4908 1013 4959 esse
1030 4880 1078 4957 de
1100 4880 1234 4969 ordine
1252 4906 1402 4965 eorum,
1423 4877 1511 4983 quia
1539 4890 1728 4981 oporteret
1838 4874 1845 4886 '

392 5015 498 5076 esocis
521 5036 573 5077 oss
594 5037 762 5079 reuertens.
778 5052 820 5064 -
835 5038 855 5077 r.
1582 5013 1620 5091 67
