4080 6052
690 553 1333 677 rnoctsussrnuemsas.
1535 511 1537 514 ’
1650 584 1718 653 197

305 714 433 794 culum
450 710 669 819 requisitus,
688 710 885 818 respondit
900 710 1005 817 quod
1022 739 1099 788 non
1114 711 1209 789 vidit
1223 740 1295 788 nec
1311 710 1454 788 audivit
1471 710 1635 818 aliquem
1652 715 1724 793 sra-

304 865 402 924 trem
418 841 596 930 interfici,
612 870 684 919 nec
699 841 837 919 carceri
852 840 1076 946 mancipari,
1095 869 1164 920 nec
1182 842 1281 920 male
1301 840 1467 932 tractari,
1485 868 1555 918 nec
1575 846 1726 922 commi·

304 977 480 1055 naciones
494 973 578 1052 lieri
600 973 673 1051 nisi
687 972 857 1079 predicta
875 971 1031 1060 laceret3
1050 1000 1127 1050 non
1146 990 1274 1051 tamen
1293 972 1363 1050 scit
1375 1000 1446 1050 nec
1461 973 1605 1051 audivit
1620 977 1726 1085 qnod

304 1105 439 1213 aliquis
460 1104 631 1183 renuerit
650 1103 770 1181 lacere
792 1103 1085 1208 abnegacionem
1103 1120 1141 1180 et
1157 1103 1391 1210 spuicionem
1413 1132 1455 1180 ac
1474 1103 1727 1184 deosculacio-

304 1264 372 1315 nes
390 1237 578 1343 predictas
595 1262 669 1341 per
685 1263 773 1312 eum
792 1234 1012 1340 recognitas.
1036 1236 1148 1327 Item,
1174 1235 1269 1313 dixit
1291 1234 1397 1341 quod
1414 1232 1463 1311 de
1483 1236 1599 1313 modo
1622 1266 1726 1315 rece·

305 1366 451 1473 pcionis
468 1395 537 1445 sue
558 1366 675 1444 eciam
698 1364 799 1443 inter
816 1387 856 1442 se
876 1391 953 1441 non
975 1365 1229 1470 loquebantur
1249 1391 1318 1440 nec
1342 1363 1542 1442 audebant.
1561 1366 1724 1446 Interro-

304 1514 414 1606 gatus
431 1526 566 1605 quare,
585 1494 783 1603 respondit
804 1495 910 1602 quod
935 1495 1112 1572 credebat
1136 1495 1240 1602 quod
1264 1523 1334 1601 pro
1354 1494 1499 1572 honore
1519 1497 1636 1573 seculi
1656 1526 1724 1575 seu

305 1655 374 1731 pro
391 1629 617 1706 verecundia
631 1626 793 1733 propria.
811 1626 869 1705 Dc
887 1624 970 1702 aliis
986 1625 1172 1703 contentis
1189 1626 1229 1701 in
1246 1624 1357 1703 dictis
1373 1622 1551 1717 articulis,
1572 1627 1666 1704 dixit
1684 1657 1723 1705 se

304 1757 420 1835 nichil
438 1757 601 1864 amplius
620 1756 733 1848 scire,
753 1756 826 1837 nisi
846 1756 952 1865 quod
969 1785 1083 1862 supra
1103 1754 1289 1862 deposuit.

359 1888 473 1981 ltem,
488 1914 605 1993 super
616 1913 725 1965 smn
737 1887 894 1964 articulo
911 1886 1127 1993 requisitus,
1143 1886 1339 1993 respondit
1350 1887 1456 1992 quod
1473 1887 1653 1994 capellani
1672 1917 1726 1966 or·

306 2015 405 2094 dinis
418 2017 579 2122 predicti
593 2016 692 2094 bene
706 2016 961 2122 prohibebant
973 2015 1151 2094 iratribus
1164 2046 1212 2094 ne
1229 2017 1500 2095 confiterentur
1513 2017 1595 2096 aliis
1610 2049 1725 2127 quam

305 2146 523 2252 presbiteris
541 2145 590 2225 de
610 2147 744 2224 ordine
763 2147 933 2253 Templi,
950 2175 1028 2224 non
1044 2163 1170 2225 tamen
1188 2146 1331 2227 audivit
1348 2148 1454 2254 quod
1470 2148 1647 2255 Magister
1666 2179 1726 2227 or-

307 2277 407 2354 dinis
425 2277 484 2353 vel
504 2277 567 2353 alii
587 2294 825 2383 preceptores
843 2275 1015 2353 fecerunt
1036 2276 1146 2352 istam
1166 2277 1447 2354 inhibicionem.
1468 2278 1685 2385 Requisitus
1704 2310 1725 2356 a

307 2407 449 2514 quihus
467 2406 668 2514 capellanis
688 2405 830 2482 audivit
848 2405 931 2482 lieri
945 2405 1060 2501 ,ista-m
1079 2404 1368 2493 inhibicionem,
1390 2405 1484 2482 dixit
1501 2409 1606 2513 quod
1625 2439 1647 2485 a
1666 2438 1726 2485 ca-

306 2539 464 2645 pellanis
483 2537 656 2617 locorum
675 2537 715 2613 in
735 2535 875 2642 quibus
895 2535 975 2642 ipse
993 2534 1101 2612 testis
1123 2533 1198 2611 luit
1220 2551 1405 2622 moratus,
1426 2552 1465 2612 et
1483 2537 1602 2613 credit
1620 2540 1725 2646 quod

307 2671 379 2747 boc
399 2685 497 2747 esset
516 2667 563 2744 de
583 2684 682 2745 statu
703 2665 862 2754 ordinis,
882 2666 953 2744 sed
971 2665 1079 2744 aliter
1097 2663 1229 2742 nescit.

362 2801 536 2906 Cumque
555 2813 711 2905 propter
732 2798 826 2875 bore
852 2796 1079 2886 tarditatem,
1101 2796 1225 2876 dictus
1242 2796 1349 2874 testis
1368 2824 1445 2875 non
1466 2817 1593 2905 posset
1609 2801 1726 2906 perfi-

306 2958 389 3007 cere
410 2929 554 3007 dictum
573 2956 707 3016 suum,
728 2927 820 3005 dicti
846 2927 994 3005 domini
1017 2926 1264 3006 commissarii
1283 2926 1334 3003 ob
1353 2929 1604 3006 reverenciam
1620 2926 1725 3008 sesti-

306 3061 427 3138 vitatis
442 3058 640 3166 paschalis,
660 3085 738 3134 non
753 3058 923 3136 volentes
940 3057 1042 3134 dicto
1060 3055 1217 3163 negocio
1235 3085 1312 3162 quo
1330 3057 1377 3133 ad
1394 3087 1547 3163 presens
1564 3059 1724 3140 ulterius

307 3188 520 3280 intendere,
540 3188 744 3267 voluerunt
762 3207 801 3266 et
819 3189 1137 3266 concordaverunt
1152 3189 1257 3295 quod
1274 3189 1377 3266 idem
1396 3189 1502 3266 testis
1521 3190 1569 3266 ad
1589 3219 1654 3269 eos
1672 3222 1726 3269 re·
1848 3203 1849 3207 ’

308 3319 450 3396 veniret
469 3318 508 3394 in
529 3319 708 3396 eumdem
728 3318 870 3409 locum,
893 3319 955 3396 die
975 3288 1076 3398 lovis
1098 3335 1185 3424 post
1208 3320 1362 3409 Pascha,
1384 3319 1432 3396 ad
1449 3321 1723 3425 perficiendum

307 3448 450 3526 dictum
470 3478 595 3527 suum.
616 3449 747 3529 Dictus
765 3477 854 3527 vero
874 3449 1051 3526 dominus
1070 3447 1281 3556 Bajocensis
1301 3448 1430 3526 dicens
1448 3450 1553 3555 quod
1575 3451 1655 3556 ipse
1677 3450 1723 3527 de

306 3608 435 3659 mense
459 3580 519 3658 vel
542 3580 642 3658 ultra
664 3608 743 3658 non
767 3599 894 3688 posset
923 3580 1120 3658 intendere
1145 3579 1247 3657 dicto
1266 3579 1441 3686 negocio,
1464 3608 1551 3656 cum
1570 3579 1727 3657 haberet

305 3711 481 3788 recedere
504 3727 582 3789 tam
608 3728 763 3818 propter
790 3711 993 3789 concilium
1022 3710 1245 3817 provinciale
1271 3711 1590 3817 Rothomagense,
1622 3711 1726 3817 quod

281 3931 284 3935 Ι
306 3839 461 3916 interim
479 3840 660 3917 celebrari
680 3840 842 3936 debebat
861 3859 899 3919 et
918 3842 979 3919 cui
999 3841 1179 3919 interesse
1203 3842 1417 3946 oportebat,
1439 3870 1553 3948 quam
1572 3856 1726 3947 propter

306 3970 432 4075 aliqua
453 3967 523 4044 alia
543 3971 715 4075 negocia,
735 3970 919 4047 excusavit
943 3999 983 4049 se
1005 3999 1127 4077 usque
1151 3971 1201 4048 ad
1219 3998 1430 4076 regressum
1450 3999 1578 4058 suum,
1597 3968 1725 4046 volens

306 4099 413 4206 quod
432 4096 493 4174 alii
515 4097 660 4176 domini
681 4099 941 4191 commissarii,
961 4099 1002 4176 in
1020 4099 1127 4177 >dicto
1145 4099 1318 4206 negocio,
1339 4098 1545 4205 procedant
1562 4100 1643 4206 ejus
1662 4099 1727 4176 ab·

306 4230 434 4308 sencia
452 4256 529 4307 non
549 4230 733 4308 obstante.
1630 4236 1632 4241 “

361 4361 453 4438 Acta
471 4359 629 4438 fuerunt
646 4362 718 4438 bec
737 4360 776 4437 in
798 4361 898 4439 dicta
924 4360 1063 4470 capella
1086 4388 1155 4468 per
1179 4361 1302 4439 dictos
1321 4362 1495 4441 dominos
1513 4362 1727 4438 commissa-

306 4493 399 4582 rios,
413 4492 582 4597 predicta
600 4492 662 4569 die
680 4493 873 4586 Mercurii,
887 4511 1062 4599 presente
1078 4520 1141 4570 me
1158 4492 1411 4570 Floriamonte
1429 4493 1574 4571 notario
1593 4510 1628 4570 et
1645 4492 1726 4569 aliis

306 4622 464 4700 notariis
481 4624 758 4731 suprascriptis,
782 4642 941 4732 excepto·
956 4624 1163 4705 Guillelmu
1182 4624 1382 4731 Radulphi.

362 4886 450 4963 Post
468 4884 557 4972 hec,
578 4886 641 4962 die
662 4886 763 4965 louis
781 4888 872 4991 post¹
886 4885 1044 4974 Pascha,
1066 4913 1141 4993 que
1161 4884 1234 4964 fuit
1251 4911 1337 4965 xxur
1356 4886 1437 4966 dies
1458 4888 1598 4965 mensis
1617 4886 1725 4990 Apri·
