4080 6052
322 550 394 623 us
711 531 905 624 procus
929 548 1023 620 nus
1048 544 1345 619 renuamus.

320 707 506 795 receptor,
530 706 567 766 et
591 691 836 796 postmodum
855 688 1052 765 redierunt
1074 685 1121 762 ad
1145 712 1251 771 eum,
1271 699 1310 760 et
1328 682 1592 759 instruxerunt
1613 679 1737 786 ipsum

322 820 425 926 quod
444 836 590 924 peteret
608 850 630 898 a
648 820 747 897 dicto
767 835 958 924 receptore
978 832 1022 893 nt
1044 816 1228 920 reciperet
1246 840 1358 897 eum,
1378 811 1470 916 quia
1489 808 1637 889 volebat
1655 839 1736 891 esse

319 979 447 1028 servus
456 951 618 1029 esclavus
627 951 787 1037 ordinis,
798 967 836 1027 et
845 948 1035 1025 duxerunt
1044 974 1133 1023 eum
1145 944 1225 1051 [ad]
1240 944 1366 1048 ipsum
1375 956 1603 1047 receptorem
1615 970 1637 1018 a
1650 971 1730 1048 quo

319 1080 431 1186 peciit
440 1079 622 1185 predicta,
638 1095 777 1156 etcum
790 1076 1045 1183 respondisset
1058 1074 1163 1181 quod
1176 1073 1275 1151 bene
1289 1069 1537 1161 deliberaret,
1551 1070 1727 1151 etcadem

318 1210 430 1287 verba
450 1208 603 1286 dixisset
626 1210 667 1285 in
687 1208 823 1286 ellectu
848 1235 923 1313 qne
944 1205 1033 1281 dicti
1058 1205 1135 1281 duo
1154 1202 1286 1279 iratres
1308 1202 1341 1278 ei
1364 1201 1553 1289 dixerant,
1574 1200 1728 1280 finaliter

318 1339 406 1416 feeit
428 1367 521 1414 eum
534 1339 662 1445 jurare
682 1367 797 1444 super
815 1335 1018 1444 quemdam
1036 1334 1180 1411 librum
1199 1326 1371 1438 a'pertum
1390 1329 1618 1437 quodenset
1644 1331 1729 1411 obe·

319 1469 426 1545 diens
448 1466 548 1545 dicto
567 1468 751 1573 receptori
773 1483 811 1544 et
833 1465 1013 1542 omnibus
1037 1462 1320 1570 preceptoribus
1344 1461 1411 1567 qui
1430 1479 1729 1568 proponerentur

318 1599 459 1686 eidem,
473 1576 512 1672 et
527 1599 633 1702 quod
644 1596 785 1674 viveret
800 1597 883 1673 sine
901 1593 1054 1701 proprio
1073 1594 1114 1669 in
1133 1593 1297 1670 castitate
1313 1608 1353 1669 et
1370 1591 1608 1679 obediencia,
1624 1593 1725 1698 quod

318 1744 458 1804 secreta
482 1726 745 1833 capituliorum
765 1754 842 1803 non
861 1723 1043 1802 revelaret
1062 1725 1179 1801 emam
1199 1723 1273 1800 illis
1291 1719 1471 1799 fratribus
1493 1722 1556 1826 qui
1574 1748 1650 1799 non
1667 1722 1724 1799 iu-

315 1855 531 1934 terluissent
552 1856 592 1931 in
612 1857 676 1934 eis.
699 1855 944 1933 Postmodum
968 1853 1151 1959 imposuit
1174 1851 1245 1931 sibi
1265 1849 1508 1942 mantellum,
1526 1866 1565 1927 et
1585 1850 1662 1956 ipse
1687 1870 1723 1928 et

315 2003 474 2063 astantes
494 1985 649 2063 osculati
672 1984 828 2062 fuerumt
847 2012 936 2061 eum
958 1985 998 2060 in
1018 2012 1099 2070 ore,
1121 2000 1160 2060 et
1179 1983 1267 2061 dicti
1288 1981 1420 2059 fratres
1440 1980 1618 2061 dicebant
1634 1981 1727 2089 psal÷

314 2142 439 2190 mum:
455 2115 548 2191 Ecce
563 2143 677 2221 quam
690 2112 852 2191 bonum.
868 2114 1115 2192 Postmodum
1131 2130 1328 2219 preceptor
1347 2111 1526 2189 instruxit
1544 2140 1635 2189 eum
1647 2141 1726 2219 qm

314 2244 400 2320 liter
412 2243 574 2320 debebat
584 2245 722 2335 vivere,
735 2261 819 2350 post
835 2273 908 2351 que
925 2246 1047 2323 dictus
1061 2261 1233 2352 receptor
1244 2243 1414 2330 recessit,
1429 2258 1469 2320 et
1482 2242 1609 2321 dictus
1620 2240 1726 2320 frater

313 2376 475 2462 luanus,
494 2376 560 2481 qui
579 2392 657 2452 erat
669 2375 716 2452 de
734 2375 941 2481 parentella
958 2376 1074 2482 ipsius
1094 2376 1216 2462 testis,
1236 2374 1389 2452 recessit
1408 2401 1496 2451 cum
1511 2400 1576 2464 eo,
1592 2389 1631 2450 et
1646 2398 1725 2479 pse·

313 2507 409 2611 cepit
432 2507 557 2612 eidem
581 2507 668 2582 testi
688 2507 793 2612 quod
809 2505 947 2582 faceret
964 2505 1080 2593 illud,
1103 2505 1208 2611 quod
1230 2505 1319 2581 dicti
1345 2503 1483 2580 fratres
1507 2502 1671 2583 Gar-inus
1691 2520 1725 2579 et

313 2634 496 2740 Georgius
521 2636 689 2712 dicerent
719 2636 765 2711 ei.
784 2612 881 2712 xPost
908 2663 983 2740 qne
1010 2635 1131 2712 dictus
1155 2635 1268 2712 frater
1287 2633 1455 2728 ¹Garinuu
1482 2633 1576 2711 dixit
1605 2633 1724 2711 eidem

311 2768 396 2842 testi
417 2765 652 2844 ostendendo
673 2794 823 2842 crucem
843 2766 1012 2843 mantelti
1031 2766 1135 2871 quod
1155 2766 1219 2842 ille
1238 2766 1307 2872 qui
1330 2764 1454 2842 fuerat
1473 2761 1663 2842 crucifixus
1680 2763 1721 2841 in

311 2922 419 2970 cruce
444 2913 524 2971 erat
549 2895 662 2973 falsus
682 2897 881 3000 propheta,
907 2913 945 2972 et
966 2895 1072 3001 quod
1091 2924 1168 2972 non
1188 2895 1358 2972 crederet
1381 2897 1422 2972 in
1443 2923 1549 2984 eum,
1570 2921 1638 2971 nec
1654 2895 1719 2970 ha·

310 3022 418 3099 beret
442 3052 547 3127 spem
583 3053 652 3102 nec
675 3026 791 3102 fidem
818 3027 858 3101 in
881 3054 986 3117 eum,
1014 3042 1052 3102 et
1076 3027 1181 3133 quod
1204 3028 1244 3103 in
1269 3026 1489 3132 despectum
1514 3027 1599 3133 ejus
1624 3052 1722 3131 spus

310 3169 369 3228 ret
388 3180 501 3257 super
525 3181 673 3229 crucem
698 3154 865 3232 mantelli
891 3158 1009 3260 ipsius
1031 3159 1156 3247 testis,
1180 3175 1325 3234 etcum
1348 3158 1426 3262 ipse
1441 3154 1550 3231 testis
1572 3183 1724 3262 respon·

311 3283 418 3358 deret
432 3284 538 3388 quod
557 3283 663 3359 nullo
683 3283 798 3359 modo
819 3284 892 3360 boc
909 3284 1061 3373 laceret,
1080 3305 1118 3362 et
1135 3288 1331 3392 incepisset
1351 3287 1457 3375 flere,
1474 3285 1601 3363 dictus
1614 3284 1723 3363 frater

311 3412 472 3490 Garinus
492 3414 617 3518 posuit
636 3442 751 3488 unam
762 3441 918 3490 manum
931 3415 1185 3491 adcultcllum
1198 3444 1389 3492 armorum
1404 3444 1519 3522 quem
1532 3415 1714 3519 portabat,

312 3564 347 3619 et
374 3544 483 3619 aliam
511 3573 664 3620 manum
689 3546 816 3650 posuit
837 3574 952 3650 super
971 3547 1125 3651 spatulis
1151 3547 1240 3622 dicti
1265 3547 1383 3633 testis,
1413 3564 1451 3622 et
1474 3545 1541 3621 luit
1563 3544 1716 3627 commi-

310 3692 419 3750 natus
439 3674 543 3780 quod
562 3674 755 3781 jugularet
775 3692 811 3751 et
835 3676 1036 3782 projiceret
1055 3704 1144 3752 eum
1164 3677 1203 3751 in
1228 3675 1400 3751 latrinam
1421 3703 1496 3782 que
1522 3691 1598 3751 erat
1617 3675 1716 3782 juxta
1765 3694 1767 3699 ’

308 3806 445 3881 dictam
466 3833 664 3895 cameram,
691 3806 761 3881 nisi
781 3804 920 3882 faceret
940 3807 1045 3910 quod
1069 3806 1139 3882 sibi
1160 3806 1396 3913 injungebat,
1425 3824 1462 3882 et
1485 3824 1576 3882 tunc
1601 3805 1720 3882 dictus

306 3937 425 4023 testis,
437 3936 573 4011 timore
584 3934 732 4025 mortis,
748 3953 791 4011 ut
805 3935 911 4027 dixit,
930 3936 1045 4013 dixit:
1061 3936 1270 4013 Consencio
1286 3936 1358 4013 biis
1373 3964 1449 4042 que
1460 3935 1594 4026 vultis,
1609 3953 1646 4014 et
1656 3937 1718 4013 ista

306 4065 397 4140 dixit
417 4093 481 4141 ore
501 4083 545 4140 ut
559 4065 783 4142 satisfaceret
804 4065 839 4142 ei
860 4084 896 4141 et
916 4094 994 4142 non
1014 4066 1141 4153 corde,
1165 4084 1203 4144 et
1222 4067 1324 4171 spuit
1342 4094 1419 4142 non
1440 4094 1557 4171 super
1575 4092 1717 4143 crucem

307 4195 496 4284 mutelli,
519 4196 584 4271 sed
605 4195 654 4271 ad
671 4212 809 4272 terram
825 4196 942 4302 juxta.
964 4196 1210 4273 Postmodum
1231 4196 1324 4273 dixit
1343 4196 1377 4272 ei
1397 4195 1504 4301 quod
1524 4195 1716 4301 oportebat

305 4324 408 4428 quod
433 4325 664 4402 oscularetur
690 4353 778 4401 eum
802 4344 904 4403 retro
928 4328 967 4401 in
994 4327 1101 4431 spina
1125 4325 1225 4403 dorsi
1249 4344 1286 4403 et
1310 4328 1347 4402 in
1371 4325 1572 4416 umbilico,
1596 4327 1718 4403 dicens

303 4453 407 4557 quod
436 4457 507 4532 hoc
536 4483 611 4532 non
638 4455 752 4532 liebat
777 4485 846 4562 pro
871 4455 988 4546 malm
1020 4457 1088 4533 sed
1119 4456 1169 4531 ita
1195 4458 1408 4533 servabatur
1432 4457 1471 4531 in
1497 4456 1646 4534 ordine.
1674 4455 1716 4531 Et

303 4610 388 4658 cum
410 4586 487 4688 ipse
507 4589 612 4662 testis
631 4589 741 4664 fleret
759 4604 796 4664 et
816 4587 958 4664 diceret
977 4588 1083 4694 quod
1103 4587 1175 4663 hoc
1194 4614 1271 4663 non
1291 4587 1442 4675 faceret,
1466 4587 1592 4666 dous
1609 4587 1716 4663 frater

303 4709 488 4818 Georgius
508 4715 601 4791 dixit
620 4718 761 4820 prefato
782 4718 886 4796 fratri
907 4719 1074 4798 Gari-no:
1097 4717 1286 4796 Dimitatis
1307 4747 1411 4807 eum,
1433 4719 1523 4825 quia
1547 4718 1646 4796 bene
1664 4714 1711 4792 lt·

302 4834 374 4918 ciet
393 4844 498 4948 quod
519 4872 588 4948 ego
607 4847 779 4936 voluero,
800 4869 837 4927 et
855 4870 946 4930 tunc
965 4852 1075 4928 traxit
1095 4851 1218 4954 ipsum
1234 4866 1371 4927 testem
1392 4850 1438 4926 ad
1458 4850 1709 4957 angxalumct-
