4080 6052
464 539 663 643 nnocls
690 566 785 640 nss
811 569 1110 643 ιιιιιιιιιιιιε.
1422 562 1495 645 sos

82 713 185 820 quod
214 713 308 789 clam
333 712 495 818 capitula
521 711 760 788 tenebantur.
788 710 828 787 Si
852 713 1028 818 Magister
1059 711 1209 787 ordinis·
1224 709 1322 786 male
1342 711 1496 802 laceret,

80 844 142 922 alii
160 844 486 950 reprehenderent
512 871 621 931 eum3
650 841 998 948 grandia-scandala
1025 860 1113 920 sunt
1141 857 1266 918 exorta
1287 821 1415 919 contra
1438 870 1499 919 or-

81 975 207 1052 dinem
229 991 383 1082 propter
410 974 474 1051 illa
502 1001 582 1081 que
600 973 852 1078 imponuntur
872 973 924 1063 ei,
952 972 1093 1049 audivit
1116 971 1497 1079 quodmugnus'Ma-

79 1107 193 1212 gister
207 1122 245 1180 et
264 1104 327 1182 alii
343 1107 432 1181 sunt
447 1103 606 1181 confessi
622 1101 768 1209 aliquos
786 1130 931 1179 errores
946 1118 1073 1184 contra
1093 1101 1282 1190 ordinem,
1299 1101 1368 1177 sed
1382 1103 1500 1179 nescit

79 1263 186 1343 qnos.

138 1366 352 1475 Requisitus
365 1365 394 1441 si
408 1365 460 1441 sic
474 1365 649 1470 deposuit
661 1392 785 1470 prece,
796 1382 984 1469 precepto,
1001 1366 1149 1453 timore,
1164 1392 1309 1454 amore,
1328 1366 1429 1453 odio,
1441 1366 1499 1441 vel

83 1496 243 1574 comodo
257 1494 457 1600 temporali
472 1493 602 1570 habito
619 1494 677 1570 vel
696 1492 889 1581 habendo,
906 1494 1101 1599 respondit
1113 1494 1218 1599 quod
1231 1522 1325 1580 non,
1344 1496 1411 1571 sed
1430 1523 1498 1601 pro

80 1627 232 1703 veritate
253 1625 431 1713 dicenda;
453 1624 514 1701 cui
529 1623 601 1700 fuit
614 1623 826 1731 injunctum
848 1623 953 1730 quod
974 1652 1051 1700 non
1075 1625 1255 1702 revelaret
1274 1626 1370 1702 hanc
1392 1654 1498 1704 susm

81 1757 379 1863 deposicionem,
400 1781 599 1863 quousque
620 1755 876 1832 attestationes
900 1753 1041 1831 luerint
1059 1753 1258 1858 publicate.

139 2020 291 2097 Eisdem
317 2021 378 2096 die
406 2037 444 2098 et
465 2021 550 2099 loco
570 2021 644 2097 fuit
658 2019 842 2096 adductus
865 2019 912 2094 ad
938 2021 1168 2125 presenciam
1191 2018 1412 2096 eorumdem
1432 2020 1500 2094 do·

86 2152 276 2226 minorum
302 2151 646 2228 commissariorum
670 2148 783 2227 frater
805 2150 994 2228 lohannes
1021 2152 1067 2227 de
1096 2150 1293 2229 Buffavent
1318 2149 1497 2239 serviens,

84 2281 400 2359 Claramontensis
421 2281 596 2374 diocesis,
616 2281 722 2358 testis
743 2307 854 2386 supra
874 2283 1037 2389 juratus,
1064 2297 1106 2357 ut
1127 2282 1335 2386 deponeret
1357 2280 1500 2357 dictum

84 2442 208 2505 suum,
225 2439 303 2489 non
329 2411 502 2489 deserens
523 2410 749 2507 mantellum
770 2411 930 2502 ordinis,
948 2413 1035 2517 qnia
1051 2412 1091 2486 in
1111 2410 1270 2488 concilio
1291 2411 1499 2487 Senonensi

83 2542 274 2648 quondam
291 2543 492 2619 servientes
507 2557 837 2618 amoverunteum-
847 2540 938 2632 sibi,
957 2558 995 2618 et
1008 2539 1252 2647 postmodum
1268 2539 1348 2617 redi
1365 2539 1501 2616 fecerat

82 2673 153 2750 sibi
173 2674 349 2763 barbam;
370 2701 456 2750 cum
476 2701 551 2779 quo
566 2673 790 2779 inquisitum
815 2672 952 2763 fuerat,
971 2672 1165 2750 absolutus
1181 2689 1220 2749 et
1242 2671 1501 2749 reconciliatus
1596 2735 1600 2742 .

81 2832 150 2909 per
169 2804 607 2909 dominumepiscopum
624 2802 889 2894 Parisiensem‚
910 2820 948 2880 et
963 2822 1019 2880 est
1034 2804 1141 2880 etatis
1160 2803 1312 2910 triginta
1331 2804 1500 2909 quinque

83 2961 266 3010 annorum
279 2992 288 3022 ‚
303 2933 368 3011 vel
388 2934 495 3010 circa.
519 2932 642 3010 Lectis
661 2949 788 3010 sutem
812 2949 851 3009 et
871 2932 1072 3039 diligenter
1092 2933 1267 3038 expositis
1287 2932 1358 3010 sibi
1378 2933 1501 3008 omni-

82 3065 156 3142 bus
174 3081 212 3141 et
228 3063 386 3171 singulis
405 3062 586 3152 articulis,
605 3062 803 3169 respondit
819 3063 866 3140 ad
885 3090 965 3151 eos,
990 3080 1028 3140 et
1046 3063 1169 3168 primo
1191 3063 1239 3138 ad
1259 3063 1400 3167 primos
1417 3089 1498 3149 ιιιιι,

84 3222 124 3271 se
140 3194 290 3303 nescire=
300 3221 371 3270 nec
390 3194 542 3270 credere
560 3194 667 3299 quod
681 3209 864 3271 contenta·
875 3194 914 3269 in
928 3192 1037 3269 dictis
1052 3221 1116 3271 run
1131 3192 1298 3270 articulis
1307 3221 1501 3275 ,servaren-

82 3327 199 3401 turin
221 3324 505 3430 recepcionibus
526 3322 683 3400 fratrum
699 3322 861 3414 ordinis,
873 3324 965 3430 quia
981 3323 1076 3400 vidit
1091 3325 1206 3432 recipi
1226 3323 1379 3400 fratrem
1392 3324 1501 3400 Anri-

82 3485 169 3533 cum
192 3455 404 3562 de‘Anglcsi
423 3455 601 3547 militem,
627 3454 819 3560 quondam
832 3455 1073 3532 combustum
1085 3456 1256 3542 Parisius
1268 3482 1335 3559 per
1349 3454 1500 3531 fratrem
1549 3486 1550 3490 ¹

82 3584 332 3664 Guillelmum
348 3585 395 3662 de
409 3585 504 3661 Liris
518 3585 696 3677 militem,
721 3586 788 3692 qui
804 3565 961 3690 auffugit
976 3585 1130 3690 quando
1145 3585 1206 3667 alii
1221 3585 1315 3691 capti
1330 3584 1498 3677 luerunt,

69 3719 122 3792 'in
140 3715 281 3821 capella
301 3716 437 3791 domus
451 3715 602 3820 Templi
618 3715 665 3791 de
681 3716 794 3793 Biciis
809 3715 1045 3793 Nivernensis
1061 3716 1234 3807 diocesis,
1252 3716 1291 3791 in
1312 3715 1373 3792 die
1393 3718 1502 3793 Bran·

85 3847 230 3922 donum
259 3843 426 3947 proxima
457 3861 570 3919 erunt
593 3843 761 3950 quinque
789 3843 848 3921 vel
879 3871 943 3922 sex
975 3846 1081 3932 anni,
1120 3846 1359 3951 presentibus
1382 3846 1503 3923 fratri·

83 3976 156 4052 bus
177 3971 383 4053 Guillelmo
402 3971 491 4077 Geta
512 3970 656 4061 milite,
680 3973 747 4078 qui
768 3973 916 4083 affugit,
943 3974 1079 4050 Amico
1101 3974 1297 4051 Donaroan
1320 3978 1501 4054 serviente

83 4106 293 4215 quondam,
316 4101 468 4180 Galtero
493 4103 749 4208 dispensatore
770 4103 868 4181 dicte
889 4103 1047 4193 domus,
1085 4105 1124 4180 in
1152 4105 1258 4212 cujus
1281 4108 1502 4212 reccpcione

83 4235 199 4312 nichil
218 4231 448 4323 misfactum
468 4231 526 4310 vel
553 4232 696 4310 dictum
715 4233 903 4312 illicitum.
924 4236 1055 4313 Plures
1071 4265 1149 4313 non
1169 4236 1262 4314 vidit
1279 4238 1410 4344 recipi,
1434 4267 1501 4314 nec

82 4366 257 4443 interluit·
264 4363 435 4469 capitulis
449 4391 599 4455 eorum,
612 4365 691 4471 ipse
707 4383 832 4443 autem
844 4367 950 4443 testis
964 4384 1135 4472 receptus
1150 4367 1223 4445 luit
1234 4368 1273 4444 in
1286 4368 1426 4474 capella
1442 4369 1504 4446 do·

10 4580 19 4599 ·
83 4466 168 4573 miss
180 4493 330 4598 Templi
343 4494 391 4570 de
405 4495 549 4600 Campo
561 4493 731 4573 Alamani
747 4471 983 4576 Nivernensis
999 4498 1168 4587 diocesis,
1185 4527 1253 4604 per
1270 4498 1421 4576 fratrem
1435 4501 1505 4578 An-

84 4629 204 4703 ricum
224 4627 457 4717 Dornarcan,
476 4627 668 4733 quondam
684 4645 943 4735 preceptorem
963 4627 1061 4705 dicte
1083 4629 1235 4719 domus,
1252 4631 1292 4707 in
1312 4631 1504 4737 quindena

83 4758 167 4837 festi
178 4757 358 4836 Omnium
370 4757 594 4836 Sanctorum
606 4757 779 4864 proximo
795 4759 942 4836 venturi
962 4776 1074 4836 erunt
1086 4787 1136 4837 ιιιι
1150 4761 1249 4849 anni,
1266 4761 1504 4866 presentibus

84 4889 261 4966 fratribus
276 4888 484 4964 Laurencio
501 4887 549 4963 de
560 4888 657 4967 Villa
677 4889 810 4967 Mosen
826 4906 863 4967 et
877 4890 1080 4997 Raynaudo
1096 4891 1143 4968 de
1159 4891 1323 4968 Brinone
1343 4892 1502 4968 servien-
