4080 6052
517 506 591 607 aaa
902 508 1096 603 raocrts
1121 527 1216 598 oss
1243 522 1543 596 rumpamus.-

518 674 749 778 contingeret
775 668 975 787 concilium
995 667 1166 775 generale
1186 665 1395 773 prorogari,
1415 663 1521 769 quod
1545 677 1624 737 erat
1643 661 1869 739 mandatum
1888 662 1935 740 ad

516 804 701 911 proximas
720 799 897 877 kalendas
916 797 1092 876 Octubris
1110 794 1319 901 prorogari,
1339 793 1427 870 dicti
1447 792 1591 870 domini
1609 793 1856 870 commissarii
1874 821 1937 872 su-

517 934 762 1042 persederent
785 931 824 1006 in
844 929 1007 1035 presenti
1031 927 1276 1034 inquisicione
1297 952 1417 1032 usque
1442 925 1490 1000 ad
1509 923 1680 1000 medium
1699 925 1845 1002 mensis
1863 924 1932 1003 Oe·

518 1065 641 1142 tubris
654 1063 711 1138 vel
728 1062 838 1148 circa,
855 1077 968 1167 prout
982 1058 1195 1136 asserebant
1210 1057 1299 1134 dicti
1317 1055 1461 1132 domini
1477 1054 1736 1143 commissarii,
1750 1057 1936 1134 hodierna

521 1196 581 1271 die
602 1193 813 1299 congregati
835 1193 924 1269 dicti
948 1191 1094 1269 domini
1116 1188 1359 1266 commissarii
1378 1203 1584 1292 presentes,
1607 1214 1650 1263 ex
1674 1188 1799 1264 causis
1817 1187 1933 1294 pluri·

518 1325 608 1413 bus,
629 1341 672 1401 ut
691 1323 881 1414 dixerunt,
901 1321 1145 1426 supersedere
1160 1320 1199 1395 in
1216 1319 1295 1424 ipsa
1310 1316 1555 1424 inquisicione
1573 1343 1694 1423 usque
1713 1316 1763 1392 ad
1780 1319 1936 1395 terciam

521 1455 621 1531 diem
647 1453 806 1557 proximi
831 1452 969 1528 mensis
998 1449 1228 1528 Novembris.
1248 1450 1371 1542 Quam
1395 1447 1512 1536 diem,
1536 1475 1622 1523 cum
1649 1448 1936 1527 continuacione

521 1583 708 1689 sequenti,
726 1582 1002 1686 assignaverunt
1021 1582 1068 1665 ad
1084 1578 1367 1685 procedendum
1387 1578 1427 1653 in
1443 1578 1523 1683 ipsa
1540 1577 1802 1683 inquisicione,
1821 1597 1935 1684 prout

521 1713 663 1809 suerint
676 1713 859 1813 raciones,
878 1711 1039 1789 Parisius
1057 1711 1096 1787 in
1116 1710 1344 1787 monasterio
1367 1726 1489 1786 sancte
1508 1707 1715 1800 Genovefe,
1736 1710 1774 1784 in
1791 1710 1933 1816 capella

521 1844 705 1948 predicta,
734 1845 824 1920 etsi
849 1841 944 1919 sorte
968 1841 1198 1947 contingeret
1223 1842 1323 1946 ipsos
1353 1839 1527 1916 dominos
1553 1857 1763 1944 presentes,
1788 1840 1847 1916 rel
1870 1869 1933 1918 eo-

522 2003 607 2050 rum
627 1973 792 2080 aliquem
817 2002 884 2052 seu
906 1971 1070 2078 aliquos,
1091 1972 1188 2048 dicta
1211 1970 1340 2047 dicad
1362 1970 1645 2085 procedendum
1672 1971 1854 2077 assignata
1877 1971 1936 2048 vel

522 2104 561 2177 in
583 2102 827 2208 sequentibus
843 2101 989 2189 abesse,
1011 2099 1213 2177 voluerunt
1233 2116 1270 2176 et
1289 2117 1589 2176 consensuerunt
1611 2100 1769 2205 predicti
1790 2101 1936 2179 domini

524 2230 766 2308 commissarii
787 2231 890 2335 quod
911 2259 980 2336 per
1000 2231 1092 2307 alios
1111 2230 1455 2306 concommissarios
1476 2247 1513 2305 et
1536 2228 1696 2335 collegas
1715 2257 1852 2308 eorum
1871 2232 1935 2339 qui

522 2379 714 2470 pre-sentes
738 2361 1022 2471 adheruntipsa
1048 2361 1109 2437 die
1135 2377 1172 2436 et
1197 2360 1457 2466 sequentibus,
1478 2360 1703 2465 procedatur
1721 2361 1763 2437 in
1782 2363 1863 2467 ipsa
1880 2363 1938 2439 in·

458 2498 461 2507 '
523 2492 748 2595 quisicione,
771 2491 980 2571 secundum
998 2491 1156 2566 formam
1175 2490 1448 2566 commissionis
1466 2491 1519 2567 eis
1533 2490 1641 2576 facte,
1665 2519 1787 2598 usque
1805 2493 1855 2569 ad
1872 2492 1938 2569 ad·

522 2641 675 2697 ventum
691 2622 923 2708 absencium,
942 2624 1074 2697 eorum
1090 2620 1261 2696 absencia
1274 2648 1350 2696 non
1369 2620 1554 2707 obstante,
1571 2636 1610 2696 et
1629 2648 1747 2710 nunc,
1763 2640 1878 2727 prout
1893 2650 1937 2699 ex

523 2768 628 2837 tunc,
646 2768 861 2826 excusantes
876 2773 994 2855 usque
1011 2748 1058 2823 ad
1078 2777 1211 2825 eorum
1230 2775 1457 2853 regressum,
1479 2749 1509 2825 si
1525 2749 1759 2856 contingeret
1775 2779 1838 2828 eos
1857 2779 1931 2827 non

524 2881 651 2955 adesse
672 2880 711 2955 in
730 2879 891 2956 termino
912 2879 1135 2985 supradicto.
1156 2880 1213 2956 De
1233 2877 1373 2984 quibus
1391 2880 1568 2956 omnibus
1583 2879 1783 2958 voluerunt
1800 2898 1836 2956 et
1852 2907 1933 2986 pre·

526 3025 706 3111 ceperunt
731 3035 799 3110 per
827 3035 896 3082 nos
921 3008 1084 3086 notarios
1112 3009 1228 3115 hujus
1254 3035 1448 3113 processus
1472 3008 1554 3085 [ieri
1578 3009 1775 3115 publicum
1797 3012 1935 3089 instru-

526 3152 709 3211 mentum.

581 3265 756 3342 Posthac
780 3267 1044 3356 incontinenti,
1065 3297 1134 3345 nos
1157 3272 1290 3345 notarii
1313 3272 1528 3377 subscripti,
1550 3273 1598 3349 de
1621 3275 1797 3350 mandato
1817 3273 1937 3350 dicto·
1977 3337 1978 3340 ,

526 3425 610 3471 rum
639 3396 880 3475 dominorum
906 3401 1263 3487 commissariorum,
1293 3402 1427 3478 ivimus
1443 3404 1500 3479 ¹ad
1528 3403 1709 3508 prefatum
1734 3404 1931 3478 dominum

526 3525 827 3604 archidiaconum
850 3531 1131 3616 Tridentinum‚
1164 3532 1210 3607 ad
1236 3531 1393 3610 domum
1419 3533 1591 3611 videlicet
1613 3560 1723 3639 quam
1747 3531 1932 3607 inhabitat

525 3658 563 3732 in
586 3657 737 3732 abbacia
757 3662 872 3736 sancti
898 3661 1075 3739 Germani
1096 3663 1143 3738 de
1160 3663 1297 3750 Pratis,
1316 3663 1462 3769 sibique
1478 3692 1522 3740 ex
1540 3682 1641 3771 parte
1661 3662 1848 3740 dictorum
1867 3662 1935 3738 do-

524 3789 715 3865 minorum
733 3792 1075 3894 commissariorum
1097 3794 1384 3899 significavimus
1405 3812 1441 3870 et
1459 3794 1620 3901 legimus
1639 3794 1817 3901 premissa
1836 3792 1936 3900 [que]

524 3944 591 4021 per
611 3918 764 3994 eosdem
786 3919 957 3997 dominos
978 3923 1250 4000 commissarios
1270 3924 1452 4001 hodierna
1479 3926 1540 4002 die
1554 3927 1606 4002 ·in
1620 3925 1770 4045 prefata
1796 3923 1936 4029 capella

524 4050 638 4126 sancti
651 4050 775 4156 Elligii
791 4069 869 4127 acta
884 4051 1048 4129 suerunt.
1065 4053 1158 4145 Qui,
1176 4057 1229 4131 eis
1244 4056 1392 4142 auditis,
1406 4056 1515 4133 nobis
1528 4057 1621 4133 dixit
1630 4058 1734 4163 quod
1748 4057 1828 4160 ipse
1841 4054 1935 4131 bene

479 4221 483 4229 ·
523 4178 675 4254 miserat
699 4181 746 4256 ad
771 4182 889 4259 dictos
918 4184 1090 4261 dominos
1119 4162 1391 4261 commissarios
1424 4185 1566 4263 dictum
1595 4187 1805 4264 Jobannem
1832 4184 1936 4263 sarni-

524 4305 654 4382 liarem
675 4337 802 4397 suum,
823 4313 870 4387 ad
893 4315 1144 4390 excusandum
1166 4342 1253 4390 eum
1275 4312 1401 4420 quoad
1420 4312 1642 4391 hodiernam
1663 4315 1763 4390 diem
1783 4332 1936 4421 propter

522 4437 853 4544 indisposioioncm
869 4444 927 4519 sui
949 4446 1129 4548 corporis,
1151 4434 1265 4551 quam
1288 4444 1444 4521 asseruit
1466 4473 1545 4522 esse
1569 4472 1710 4534 veram,
1732 4463 1770 4521 et
1788 4473 1936 4523 excusa·

524 4568 668 4643 cionem
689 4599 756 4673 per
782 4574 924 4649 dictum
947 4576 1154 4651 Jobannem
1170 4576 1324 4655 iactam.
1335 4574 1427 4651 dixit
1452 4604 1491 4652 se
1518 4592 1635 4652 ratam
1662 4575 1815 4652 babere.
1837 4574 1934 4653 Dixit

524 4697 640 4769 eciam
659 4698 762 4800 quod
780 4702 857 4804 ipse
878 4705 1089 4808 predictum
1108 4706 1328 4792 terminum,
1347 4706 1636 4811 assiguacionem
1655 4723 1693 4782 et
1712 4707 1783 4783 alia
1801 4734 1868 4814 per
1885 4702 1932 4780 di·

524 4844 601 4902 ctos
621 4827 793 4906 dominos
814 4837 1084 4914 commissarios
1102 4838 1216 4915 hodie
1234 4821 1327 4925 acta,
1348 4855 1426 4913 rata
1444 4836 1629 4924 babebat,
1642 4856 1679 4913 et
1697 4839 1795 4916 bene
1815 4836 1931 4944 place·
