4080 6052
695 533 1334 628 enocusnnsrnuemnns.
1550 600 1558 607 -
1672 560 1719 631 aa

347 666 511 790 :mem
530 692 593 773 die
612 710 651 770 et
664 692 752 771 loco
777 692 931 772 luerunt
949 693 1063 771 simul
1087 694 1238 771 adducti
1258 723 1382 772 coram
1392 694 1540 771 eisdem
1560 696 1723 791 dominis

307 814 708 907 commissanisthtres
721 824 937 931 subscripti,
951 825 1017 931 qui
1028 824 1178 902 adducti
1192 824 1305 902 fuisse
1318 820 1539 901 dicebantur
1551 824 1598 901 de
1608 828 1724 935 Tyers

305 952 729 1065 senonensia-'dionesie
762 952 935 1031 videlicet
959 953 1091 1033 fratres
1120 955 1308 1032 lohannes
1335 955 1499 1031 Peitavin
1531 953 1726 1062 presbyter

305 1084 556 1178 Belvaceus’u,
569 1084 757 1163 lebannes
778 1082 825 1160 de
850 1085 1005 1161 Brueria
1023 1085 1288 1175 Tornacensis,
1309 1084 1537 1162 Bertrandus
1562 1085 1608 1161 de
1631 1086 1725 1163 Bissi

306 1216 568 1323 Lingonensis,
585 1214 746 1292 lacobus
757 1214 812 1291 'de
831 1210 981 1294 Saciaco
1001 1216 1212 1306 Trecensis,
1236 1216 1301 1322 qui
1323 1215 1415 1291 dixit
1439 1215 1543 1321 quod
1567 1243 1637 1295 xxv
1656 1215 1727 1293 fra·

306 1364 383 1423 tres
398 1345 486 1422 dicti
507 1344 648 1423 ordinis
665 1344 820 1422 fuerunt
834 1345 973 1421 mortui
988 1362 1142 1450 propter
1155 1362 1341 1423 tormenta
1356 1363 1394 1421 et
1407 1345 1615 1450 panciores,
1632 1349 1727 1425 Lau-
1838 1382 1841 1387 ·

306 1477 455 1553 rencius
488 1477 535 1552 de
564 1476 703 1552 Pruino
734 1465 979 1567 Senonensis,
1011 1476 1120 1583 Hugo
1157 1475 1204 1552 de
1230 1472 1433 1553 Villaribus
1465 1474 1725 1581 Lingonensis,

306 1606 491 1682 Johannes
516 1605 566 1680 'de
585 1602 713 1682 Monte
738 1602 914 1682 Meljandi
939 1605 1172 1693 Parisiensis,
1194 1606 1234 1680 P.
1256 1603 1304 1680 de
1327 1603 1492 1680 Landres
1514 1606 1725 1693 Remensis,

305 1736 491 1813 Jobannes
517 1734 641 1811 dictus
663 1734 710 1810 de
732 1733 845 1840 Malip
868 1735 914 1810 de
939 1735 1141 1822 Laudun0‚
1159 1734 1386 1812 Bertrandus
1402 1733 1449 1812 de
1465 1750 1591 1813 sancto
1611 1736 1726 1815 Paulo

305 1866 525 1944 Viennensis
551 1865 632 1970 (qui
663 1863 756 1940 dixit
782 1863 888 1971 quod
916 1893 1110 1971 nunquam
1138 1863 1328 1942 consessus
1355 1864 1428 1941 luit
1457 1892 1601 1943 errores
1628 1865 1727 1944 dicto

307 1995 428 2072 ordini
448 1994 644 2100 impositos
658 2022 728 2071 nec
747 1993 1004 2083 confitebitur,
1019 1994 1108 2100 quia
1121 2023 1252 2071 verum
1267 2021 1344 2071 non
1364 2011 1435 2086 est,
1458 2010 1496 2070 et
1513 1972 1609 2071 dixit
1623 1996 1728 2102 quod

305 2126 409 2202 Deus
432 2142 650 2231 operaretur
672 2124 912 2216 miraculum,
934 2126 965 2202 si
990 2152 1126 2231 corpus
1148 2125 1288 2204 Christi
1313 2125 1637 2203 administraretur
1656 2127 1726 2216 eis,

308 2272 347 2330 et
369 2255 400 2331 si
426 2256 635 2359 acciperent
653 2253 766 2329 simul
786 2253 1005 2330 confitentes
1024 2271 1063 2330 et
1082 2253 1316 2360 diffitentes),
1344 2272 1382 2332 et
1403 2256 1537 2332 Petrus
1558 2254 1606 2333 de
1627 2256 1729 2334 Man-

307 2382 445 2461 bressis
474 2382 669 2460 Remensis
698 2382 917 2457 diocesium.
949 2384 1025 2474 Qui
1056 2383 1245 2488 sigillatim
1275 2402 1313 2459 et
1339 2386 1536 2486 separatim
1567 2414 1588 2459 a
1622 2385 1730 2461 dictis

308 2513 471 2589 dominis
496 2510 760 2588 commissariis
778 2510 967 2616 requisiti,
990 2510 1021 2586 si
1040 2509 1214 2587 volebant
1232 2510 1376 2586 dictum
1397 2513 1569 2588 ordinem
1589 2511 1731 2589 deffen-

308 2642 397 2719 dere
411 2642 457 2719 ab
475 2641 639 2746 hiisque
655 2640 728 2717 sibi
743 2640 1045 2746 imponebantur,
1060 2639 1338 2744 responderunt
1350 2640 1456 2745 quod
1474 2641 1542 2727 sic,
1557 2659 1594 2719 et
1607 2641 1731 2747 pecie-

306 2789 395 2848 runt
419 2800 506 2849 eum
527 2770 707 2850 instancia
737 2771 792 2850 eis
820 2770 1031 2850 ministrare
1057 2767 1302 2851 ecclesiastica
1324 2785 1552 2850 sacramenta
1576 2787 1614 2847 et
1635 2770 1732 2851 lara-

308 2903 455 2979 cionem
475 2930 677 2979 carcerum.
1615 2985 1618 2994 ¹

362 3032 515 3109 Eisdem
536 3031 597 3108 die
621 3029 756 3107 etloco
776 3029 932 3107 luerunt
951 3032 1064 3108 simul
1087 3028 1238 3107 adducti
1258 3057 1382 3108 coram
1402 3029 1547 3107 eisdem
1567 3028 1731 3108 dominis

308 3162 570 3239 commissariis
594 3160 725 3238 fratres
745 3160 961 3268 subscripti,
980 3162 1046 3267 qui
1064 3162 1215 3239 adducti
1235 3160 1349 3238 fuisse
1370 3159 1591 3238 dicebantur
1605 3161 1652 3237 de
1673 3190 1732 3238 se-

308 3291 507 3368 neschallia
528 3292 825 3383 Carcassonensi,
841 3290 1016 3370 videlicet
1031 3291 1163 3369 fratres
1181 3293 1221 3368 Ρ.
1240 3291 1287 3367 de
1303 3290 1441 3369 Messio
1465 3290 1729 3380 Narbonensis,

305 3423 335 3497 J.
358 3421 519 3497 Maurini
548 3420 817 3517 Narbonensis,
843 3423 1086 3529 Raymondus
1110 3423 1157 3499 de
1188 3421 1331 3500 Corbes
1359 3421 1545 3512 Elnensis,
1572 3419 1732 3498 Guillel-
1808 3456 1812 3465 ·

305 3579 391 3628 mus
416 3549 463 3628 de
488 3551 623 3636 Nebias
642 3552 908 3643 Narbonensis,
930 3551 1172 3658 Raymondus
1192 3552 1239 3627 de
1259 3552 1443 3628 Pruhanis
1464 3549 1729 3637 Narbonensis,

305 3680 465 3757 Poncius
493 3682 675 3789 Tortossal
701 3683 980 3769 Nemausense,
1012 3684 1044 3759 J.
1075 3680 1280 3761 Cassanhas
1315 3680 1632 3770 Carcassonensis,
1663 3678 1732 3755 Ar-

305 3808 441 3885 naldus
461 3805 507 3882 de
527 3809 615 3913 Spel
629 3809 905 3915 Appamiensis,
922 3812 1112 3889 lohannes
1130 3810 1240 3888 Olibe
1255 3807 1733 3919 Tholosanefiuillelmus

307 3937 354 4012 de
385 3934 515 4011 Castro
549 3938 651 4014 Novo
680 3941 997 4031 Carcassonensis,
1026 3940 1240 4046 Stephanus
1273 3940 1422 4017 Saurini
1452 3938 1649 4023 Uticensis,
1669 3938 1732 4013 Jo-

306 4068 450 4142 hannes
477 4062 615 4140 Amelii
644 4065 965 4160 Carcassonensis,
991 4072 1233 4176 Raymondus
1259 4068 1307 4143 de
1340 4067 1492 4144 Roianis
1522 4064 1729 4170 Agatensis,

306 4194 466 4274 Peneius
498 4194 616 4298 Espes
636 4194 854 4284 Biterensis,
871 4199 1054 4274 Martinus
1072 4195 1194 4273 Rehol
1213 4196 1421 4302 Agatensis,
1437 4194 1665 4274 Bertrandus
1684 4196 1730 4274 de

306 4325 443 4402 Moleta
467 4322 514 4399 de
539 4322 687 4416 Anicio,
718 4323 981 4404 Bartholamus
1007 4323 1156 4405 Andrec
1186 4324 1397 4433 Agatensis,
1429 4323 1657 4404 Guillelmus
1684 4325 1731 4401 de

307 4457 411 4532 Fuxo
447 4453 557 4530 miles
585 4451 860 4560 Appamiensis,
889 4458 932 4534 P.
958 4457 1005 4535 de
1035 4460 1242 4535 Terracone
1276 4456 1612 4564 Petragoricensis,
1645 4457 1732 4532 Ber-

307 4583 462 4661 trandus
492 4584 690 4662 Cascavelli
725 4585 933 4694 Agatensis,
969 4589 1008 4665 P.
1046 4588 1232 4695 Stephani·
1262 4587 1474 4696 Agatensis,
1504 4585 1731 4663 Bertrandus

309 4716 428 4795 Aiuda
459 4717 558 4794 Dieu
587 4718 781 4826 presbyter
813 4718 1084 4827 Magalonensis
1113 4719 1332 4806 diocesium.
1364 4718 1440 4813 Qui
1477 4717 1664 4825 sigillatim
1695 4732 1733 4791 et

311 4850 505 4955 separatim
525 4849 712 4955 requisiti,
734 4852 765 4929 si
793 4851 968 4933 volebant
997 4852 1140 4931 dictum
1163 4851 1335 4930 ordinem
1356 4849 1573 4929 deffendere
1593 4849 1640 4924 ab
1658 4846 1731 4923 hiis
