4080 6052
309 581 380 649 ora
695 555 889 647 procus
917 572 1008 644 nas
1034 568 1336 642 ruurmans.

310 735 403 820 quot
436 718 547 793 Pater
577 731 691 792 noster
714 714 882 790 dicerent
911 738 979 816 pro
1009 709 1112 786 boris
1142 708 1229 786 suis.
1258 708 1347 806 Post
1376 735 1454 814 que
1485 706 1583 784 dicti
1612 706 1739 785 fratres

311 846 496 952 Seguinus
517 860 554 920 et
571 844 760 920 lohannes
781 841 935 920 Arestan
960 840 1148 917 duxerunt
1166 839 1291 943 ipsum
1309 853 1447 914 testem
1465 864 1604 913 versus
1622 866 1735 916 comu

310 974 433 1051 altaris
455 975 493 1047 in
511 974 677 1077 quodam
695 973 779 1050 loco
795 970 972 1062 obscuro,
995 986 1032 1046 ot
1048 970 1169 1046 dictus
1185 967 1373 1075 Seguinus
1391 967 1571 1073 precepit
1584 967 1617 1043 ei
1630 970 1729 1074 quod

309 1103 508 1210 abnegaret
526 1104 704 1190 Jhesum3
731 1119 769 1177 et
792 1102 872 1206 ipse
893 1099 1015 1186 testis,
1038 1099 1103 1220 qui
1124 1115 1202 1174 erat
1222 1115 1313 1173 tunc
1332 1123 1355 1174 x
1374 1094 1434 1173 vel
1455 1124 1510 1174 xrr
1531 1124 1726 1186 annorum,

312 1234 505 1340 abnegavit
520 1235 691 1319 theson,
711 1233 870 1309 sednon
891 1228 1067 1307 credebat
1086 1228 1192 1344 quod
1207 1229 1418 1333 preciperet
1439 1227 1478 1304 ei
1501 1228 1610 1335 quod
1624 1229 1732 1307 abue-

309 1382 411 1470 garet
441 1364 596 1440 Jhesum
619 1363 832 1449 Christum,
861 1388 929 1437 nec
959 1359 1135 1466 quodibi
1163 1358 1301 1436 faceret
1329 1358 1479 1466 aliquid
1508 1359 1549 1433 in
1575 1360 1731 1468 prejudi-

310 1495 407 1570 cium
430 1495 553 1570 anime
578 1522 656 1569 sue.
679 1494 766 1568 Post
788 1520 863 1597 que
884 1491 1051 1594 precepit
1077 1489 1110 1564 ei
1134 1487 1239 1594 quod
1257 1505 1410 1595 spueret
1435 1489 1479 1563 in
1502 1506 1643 1565 terram
1663 1508 1727 1578 ter,

310 1624 441 1728 etipse
462 1623 575 1728 spuit.
597 1621 813 1725 Requisitus
832 1621 862 1696 si
883 1619 936 1699 ibi
957 1635 1036 1695 erat
1051 1618 1175 1724 aliqua
1201 1646 1308 1709 crux,
1328 1617 1386 1694 vel
1408 1618 1439 1694 si
1460 1618 1496 1693 ei
1516 1619 1608 1695 dixit
1626 1624 1723 1727 quod

308 1769 462 1858 spueret
480 1752 518 1826 iu
535 1751 752 1855 despectum
764 1751 896 1840 Jhesu,
913 1749 1110 1855 respondit
1121 1748 1226 1853 quod
1241 1776 1333 1837 non,
1356 1749 1464 1854 quod
1481 1751 1559 1856 ipse
1572 1750 1720 1841 recolat,

309 1899 346 1958 et
366 1881 471 1987 quod
491 1881 562 1956 alia
588 1880 787 1957 inhonesta
808 1880 867 1955 vel
890 1878 1020 1955 illicita
1045 1906 1122 1955 non
1142 1879 1424 1955 intervenerunt
1444 1879 1488 1954 in
1509 1881 1724 1986 recepcione

307 2040 370 2088 sua
391 2010 556 2116 predicta
576 2038 646 2084 nec
663 2027 759 2115 post.
779 2011 894 2096 Item,
917 2009 1009 2086 dixit
1029 2009 1133 2115 quod
1154 2008 1312 2114 predicti
1330 2007 1464 2084 fratres
1484 2010 1675 2116 Seguinus
1692 2030 1726 2088 et

307 2141 513 2227 lohannes,
539 2157 623 2244 post
652 2139 848 2244 premissa,
881 2140 1069 2216 duxeruut
1089 2139 1232 2216 dictum
1259 2138 1415 2245 Helyam
1437 2140 1489 2215 ad
1515 2140 1725 2247 predictum

308 2270 434 2346 locum
459 2269 662 2346 obscurum
683 2269 730 2344 ad
750 2297 865 2375 quem
893 2268 1074 2345 duxerant
1097 2269 1221 2374 ipsum
1247 2285 1401 2358 testem,
1422 2285 1461 2345 et
1486 2268 1611 2346 credit
1629 2273 1726 2379 quod

308 2399 442 2475 eodem
472 2400 587 2475 modo
608 2397 779 2476 fecerunt
806 2426 894 2476 eum
915 2398 1100 2507 abnegare
1120 2399 1275 2475 Jhesum
1294 2416 1331 2474 et
1350 2425 1489 2504 spuere
1515 2428 1632 2505 super
1656 2419 1727 2478 ter·

304 2558 400 2617 ram,
423 2529 519 2606 sicut
538 2528 674 2606 fecerat
697 2527 776 2633 ipse
800 2528 923 2614 testis,
946 2546 984 2604 et
1006 2528 1109 2605 idem
1134 2528 1252 2604 credit
1266 2528 1379 2634 ⁴quod
1402 2527 1579 2605 fecerimt
1601 2559 1727 2608 omues

305 2658 367 2733 alii
393 2659 457 2764 qui
488 2658 764 2765 recipiebantur
787 2659 827 2734 in
851 2658 1007 2746 ordine,
1037 2660 1111 2735 hoc
1134 2676 1260 2734 tamen
1287 2686 1364 2735 non
1392 2659 1489 2736 vidit
1514 2658 1615 2753 fieri,
1641 2664 1725 2769 quia

305 2816 381 2864 non
396 2786 567 2867 interfuit
586 2789 625 2864 in
641 2788 723 2865 aliis
742 2789 1043 2893 recepciouibus3
1071 2817 1160 2864 nam
1179 2788 1345 2895 fugiebat
1363 2789 1591 2868 industriose
1609 2791 1722 2868 dictas

305 2919 543 3021 recepciones
574 2949 621 2995 ne
651 2919 704 2995 eis
731 2919 894 3006 adesset,
925 2918 1014 3025 quia
1036 2918 1198 2996 habebat
1226 2918 1501 3024 suspicionem,
1531 2938 1720 3028 postquam

306 3049 473 3150 pervenit
493 3049 542 3124 ad
561 3077 605 3127 xv
624 3079 784 3141 annum,
802 3050 905 3156 quod
920 3048 1088 3154 predicta
1108 3049 1237 3127 illicita
1257 3049 1297 3125 in
1313 3049 1424 3127 dictis
1445 3052 1724 3159 receptionibus

306 3176 454 3267 fierent,
478 3193 515 3252 et
530 3178 617 3282 quia
637 3179 847 3283 injunctum
866 3178 987 3255 fuerat
1007 3180 1041 3256 ei
1063 3181 1102 3255 in
1122 3180 1333 3285 penitencia
1350 3181 1456 3285 quod
1479 3210 1557 3258 non
1579 3182 1726 3259 interes

307 3321 363 3380 set
387 3305 469 3382 loco
496 3308 533 3381 in
559 3337 636 3411 quo
661 3307 828 3411 predicta
853 3308 982 3384 illicita
1009 3309 1161 3420 fierent,
1190 3339 1258 3415 per
1281 3310 1494 3387 iohannem
1520 3311 1555 3387 la
1578 3313 1723 3401 Fanria,

308 3436 568 3541 presbyterum
600 3438 802 3513 secularem
834 3438 1017 3514 donatum
1045 3439 1210 3544 Templi,
1241 3457 1333 3518 tunc
1366 3460 1656 3517 commorantem
1684 3447 1721 3518 in

308 3568 421 3643 domo
448 3569 493 3643 de
514 3568 692 3657 Paulhac,
714 3569 905 3671 quondam
936 3569 995 3645 cui
1014 3570 1203 3647 confessus
1222 3569 1293 3646 fuit
1323 3573 1371 3647 de
1391 3571 1562 3676 predictis
1585 3575 1720 3650 errori-

306 3697 393 3785 bus,
411 3725 455 3775 xv
467 3725 565 3772 anno
583 3699 689 3774 etatis
705 3725 771 3774 sue
784 3698 841 3774 vel
857 3698 969 3787 circa,
984 3698 1022 3774 in
1035 3699 1175 3805 capella
1190 3701 1286 3777 dicte
1304 3702 1442 3777 domus
1454 3701 1499 3776 de
1512 3701 1719 3792 Paulhac03

306 3827 370 3930 qui
392 3826 550 3903 absolvit
570 3855 674 3912 eum,
702 3827 876 3931 imposita
896 3830 1013 3905 eciam
1034 3829 1245 3934 penitencia
1271 3831 1377 3934 quod
1397 3832 1588 3939 jejunaret
1606 3833 1723 3910 tribus

306 3957 411 4031 annis
436 3957 546 4033 sextis
572 3957 673 4033 feriis
695 3957 734 4031 in
760 3987 854 4061 pane
881 3976 917 4034 et
942 3988 1051 4064 aqua,
1080 3976 1117 4035 et
1141 3960 1179 4035 in
1201 3961 1342 4037 eisdem
1368 3990 1469 4039 anno
1491 3982 1529 4040 et
1553 3965 1637 4041 loco
1656 3965 1723 4041 fuit
1786 4064 1791 4076 ,

307 4086 497 4164 confessus
526 4088 572 4164 de
594 4088 770 4192 predictis
800 4089 990 4167 erroribus
1020 4089 1122 4166 fratri
1147 4093 1295 4200 Hugoni
1327 4094 1374 4169 de
1399 4094 1581 4172 Cavalicis
1600 4125 1723 4201 quon-

308 4215 415 4303 dam,
452 4235 542 4292 tunc
577 4217 811 4293 conventuali
846 4218 1000 4296 fratrum
1033 4221 1224 4298 Minorum
1262 4225 1609 4313 Lemoviceusium,
1641 4228 1718 4330 qui,

309 4344 437 4421 audito
465 4347 568 4451 quod
595 4349 694 4424 dicto
719 4348 936 4454 presbytero
962 4351 1152 4429 confessus
1176 4351 1298 4429 fuerat
1323 4370 1360 4429 et
1383 4356 1490 4459 quod
1519 4356 1720 4461 predictam

305 4478 553 4579 penitenciam
591 4480 663 4557 sibi
697 4481 930 4587 injunxerat,
961 4482 1104 4559 nullam
1139 4484 1249 4581 aliam
1285 4485 1540 4590 penitenciam
1567 4489 1720 4595 injunxit

305 4605 440 4681 eidem.
471 4609 580 4700 Item,
611 4610 703 4687 dixit
731 4611 834 4715 quod
860 4639 937 4688 non
964 4612 1138 4689 credebat
1164 4611 1244 4690 fieri
1274 4615 1312 4689 in
1340 4615 1473 4692 ordine
1499 4617 1718 4727 dogmatiza-

304 4732 429 4808 ciones
449 4736 612 4826 illicitas,
628 4769 697 4816 nec
712 4741 816 4847 quod
834 4741 1094 4819 conculcarent
1110 4773 1277 4829 crucem,
1299 4775 1412 4850 quam
1434 4748 1473 4822 in
1489 4749 1552 4826 die
1567 4750 1716 4828 Veneris

303 4881 425 4939 sancta
450 4863 580 4940 devote
604 4885 640 4941 et
658 4888 868 4948 reverenter
892 4874 1112 4964 adorabant,
1143 4902 1210 4950 nec
1231 4876 1333 4980 quod
1355 4877 1558 4958 adorarent
1577 4900 1710 4964 catum,
