4080 6052
305 543 378 612 cm
691 516 885 609 procus
911 534 1005 606 ons
1032 532 1332 605 reveniens.

304 683 354 787 gii
371 680 541 784 proximo
561 679 730 783 preteriti
752 677 906 754 suerunt
926 674 1056 751 decem
1073 674 1162 750 anni
1181 673 1240 748 vel
1257 674 1370 757 eirca,
1392 696 1462 774 per
1481 666 1645 742 fratrem
1666 667 1731 741 llu-

304 838 441 917 gonem
470 808 517 884 de
542 808 713 884 Penrado
733 808 962 884 visitatorem
982 806 1151 892 Francie,
1179 804 1218 878 in
1247 800 1390 908 capella
1416 799 1567 874 domus
1587 795 1728 902 Templi

306 942 353 1018 de
373 943 561 1017 Mormant
584 939 829 1045 lingonensis
850 935 1023 1025 diocesis,
1040 933 1279 1040 presentibus
1293 929 1476 1008 fratribus
1492 927 1667 1006 Guidone
1680 927 1725 1003 de

305 1072 431 1148 Boche
458 1068 640 1158 Talhada,
661 1068 829 1176 Aymoue
851 1067 898 1143 de
915 1064 1087 1173 Oyselier
1100 1065 1307 1150 militibus,
1330 1079 1367 1156 et
1383 1059 1573 1140 Guidone
1591 1057 1636 1133 de
1652 1058 1725 1133 lin

291 1203 412 1310 ‚genis
448 1200 649 1289 serviente,
681 1200 746 1305 qui
779 1227 910 1276 omnes
940 1195 1269 1273 transfretaverunt
1304 1211 1342 1271 et
1375 1188 1631 1298 postmodum
1658 1217 1727 1265 non

307 1333 518 1421 redierunt,
547 1331 583 1405 in
607 1332 709 1407 hunc
730 1331 888 1408 modum
904 1363 912 1406 :
928 1356 1016 1404 nam
1039 1357 1124 1404 cum
1149 1326 1291 1432 pluries
1316 1322 1583 1430 requisivisset
1601 1348 1727 1426 panem

309 1483 346 1541 et
369 1491 520 1569 aquam,
546 1462 761 1538 societatem
784 1478 822 1538 et
841 1488 1046 1566 pauperem
1074 1458 1248 1534 vestitum
1277 1456 1442 1542 ordinis,
1468 1470 1509 1531 et
1533 1452 1676 1558 pluries
1697 1452 1726 1527 ei

307 1620 532 1701 responsum
546 1590 676 1668 fuisset
691 1593 794 1698 quod
808 1591 905 1667 bene
919 1589 1156 1675 deliberaret,
1175 1588 1262 1693 quia
1270 1587 1456 1696 grandem
1472 1612 1555 1661 rem
1572 1583 1724 1689 petebat,

310 1744 347 1801 et
362 1740 554 1828 oporteret
570 1751 659 1798 eum
674 1723 794 1798 multa
810 1721 904 1796 dura
925 1737 962 1796 et
982 1748 1110 1825 aspera
1131 1720 1330 1806 sustinere,
1347 1715 1522 1794 finaliter
1540 1715 1621 1792 secit
1639 1743 1721 1790 eum

308 1881 440 1932 vovere
470 1869 507 1927 et
530 1852 658 1957 jurare
685 1852 907 1940 castitatem,
935 1850 1214 1939 obedienciam,
1238 1865 1275 1925 et
1299 1848 1422 1924 vive're
1453 1847 1540 1923 sine
1565 1846 1723 1951 proprio,

309 2011 451 2062 servare
465 1981 586 2059 bonos
607 2011 698 2058 usus
713 1998 751 2058 et
765 1982 885 2058 bonas
900 1979 1193 2058 consuetudines
1209 1996 1246 2055 et
1258 1996 1399 2085 puncta
1415 1978 1587 2066 ordinis,
1605 1993 1643 2053 et
1658 2003 1726 2051 non

309 2113 471 2191 revelare
492 2130 632 2188 secreta
652 2112 915 2217 capitulorum.
932 2111 1181 2189 Postmodum
1198 2111 1381 2216 imposuit
1396 2108 1472 2185 sibi
1490 2107 1726 2190 mantellum,

311 2242 446 2347 etipse
467 2258 504 2317 et
528 2268 660 2318 omnes
680 2241 809 2320 lratres
829 2259 989 2320 astantes
1009 2241 1168 2318 fuerunt
1188 2271 1274 2317 eum
1296 2241 1454 2317 osculati
1478 2240 1519 2316 in
1537 2268 1618 2316 ore.
1636 2242 1730 2317 Post·

309 2373 469 2450 modum
493 2372 667 2448 instruxit
694 2401 781 2450 eum
807 2373 967 2479 qualiter
993 2390 1141 2481 regeret
1163 2402 1201 2450 se
1221 2374 1260 2448 in
1285 2372 1422 2449 ordine
1448 2388 1490 2447 et
1511 2388 1609 2478 quot
1630 2372 1732 2448 Pater

309 2520 423 2582 noster
447 2503 589 2579 diceret
611 2532 680 2608 pro
706 2505 810 2580 horis
833 2505 921 2581 suis.
947 2506 1078 2581 Postea
1105 2504 1227 2581 dictus
1246 2501 1360 2579 frater
1378 2502 1513 2581 Guido
1542 2503 1591 2578 de
1612 2504 1729 2580 lloche

309 2632 475 2710 Talhada
494 2632 600 2708 duxit
625 2662 713 2709 eum
737 2651 837 2710 retro
862 2634 977 2711 altare
998 2651 1041 2710 ut
1056 2635 1233 2711 indueret
1249 2633 1302 2710 ibi
1327 2650 1449 2710 vestes
1469 2633 1678 2740 religionis,
1697 2652 1729 2710 et

310 2792 396 2840 cum
422 2792 483 2840 eas
498 2763 699 2852 induisset,
715 2765 883 2870 precepit
896 2765 968 2842 sibi
988 2765 1094 2871 quod
1116 2766 1317 2872 abnegaret
1331 2764 1479 2855 Deum,
1502 2781 1541 2842 et
1555 2794 1637 2841 com
1651 2766 1724 2871 ipse

308 2894 412 2970 testis
428 2894 680 2998 respondisset
697 2897 802 3000 quod
823 2897 896 2972 hoc
916 2895 1023 2972 nullo
1040 2896 1156 2972 modo
1172 2895 1324 2987 laceret,
1348 2896 1438 3000 quia
1462 2925 1545 2973 non
1564 2913 1639 2973 erat
1652 2895 1725 2972 lici-

309 3039 392 3098 tum
419 3051 488 3099 nec
508 3024 730 3117 honestum,
748 3026 891 3105 dixitei
912 3017 1034 3104 dictus
1053 3025 1166 3102 frater
1185 3013 1310 3104 Guido
1323 3027 1433 3131 quod
1448 3029 1526 3104 boc
1542 3026 1727 3132 oportebat

312 3181 399 3228 eum
420 3152 552 3239 lacere,
574 3156 744 3258 quiahoc
756 3173 835 3233 erat
849 3185 893 3233 ex
908 3158 1057 3264 punctis
1078 3158 1242 3243 ordinis3
1265 3173 1303 3232 et
1318 3173 1411 3232 tunc
1429 3158 1511 3262 ipse
1523 3158 1631 3234 testis
1646 3158 1730 3234 dixit

310 3283 431 3389 quod,
455 3285 483 3359 si
506 3284 721 3392 abnegaret,
745 3287 944 3394 abnegaret
965 3317 1028 3365 ore
1051 3318 1127 3364 non
1149 3290 1272 3364 corde.
1295 3290 1430 3365 Postea
1457 3290 1550 3364 dixit
1574 3291 1606 3365 ei
1632 3290 1729 3394 quod

310 3414 518 3490 secundum
545 3416 641 3491 dicta
662 3435 798 3522 puncta
823 3437 967 3523 poterat
990 3421 1187 3498 carnaliter
1214 3421 1448 3496 commisceri
1473 3420 1651 3496 fratribus
1672 3450 1729 3496 or-

312 3545 429 3635 dinis,
454 3564 490 3621 et
504 3546 572 3650 ipsi
595 3548 688 3638 sibi3
709 3550 780 3625 boc
795 3567 920 3625 tamen
943 3579 1017 3627 non
1034 3552 1121 3627 lecit
1140 3580 1208 3626 nec
1234 3549 1306 3626 luit
1327 3552 1540 3657 requisitus,
1564 3579 1633 3624 nec
1649 3579 1725 3624 cre-

310 3676 365 3750 dit
387 3676 490 3778 quod
517 3677 554 3750 in
580 3679 711 3754 ordine
741 3678 870 3771 lieret,
898 3710 966 3757 nec
995 3683 1098 3787 quod
1123 3684 1159 3756 in
1188 3682 1473 3786 recepcionibus
1493 3682 1655 3756 aliorum
1675 3683 1729 3756 in»-

308 3808 534 3883 tervenirent
549 3807 618 3885 alia
635 3811 705 3886 nisi
727 3812 826 3889 licita
844 3831 880 3888 et
897 3812 1024 3890 illicita
1043 3843 1116 3919 que
1135 3815 1311 3919 deposuit
1331 3815 1576 3891 intervenisse
1594 3816 1634 3888 in
1650 3843 1728 3902 sna;

309 3964 377 4011 nec
401 3938 504 4041 quod
527 3938 596 4014 alia
620 3939 959 4046 dogmatizarentur
980 3945 1049 4034 eis,
1068 3974 1137 4020 nec
1158 3945 1262 4049 quod
1284 3944 1550 4020 conculcarent
1565 3974 1727 4029 crucem,

309 4094 377 4142 nec
401 4069 504 4171 quod
528 4089 707 4174 spuerent
727 4091 853 4148 contra
875 4103 954 4149 eam
984 4103 1096 4179 quam
1124 4076 1162 4148 in
1188 4076 1249 4150 die
1275 4077 1433 4152 Veneris
1453 4094 1581 4151 sancta
1604 4076 1730 4150 devote

309 4214 345 4271 et
359 4216 571 4274 reverenter
586 4202 807 4291 adorabant,
829 4233 898 4278 nec
911 4205 1016 4308 quod
1032 4207 1230 4282 adorarent
1244 4222 1382 4294 catum,
1402 4234 1473 4281 nec
1490 4207 1598 4310 quod
1615 4223 1733 4282 essent

309 4326 492 4404 increduli
518 4331 772 4409 ecclesiasticis
789 4337 1044 4426 sacramentis,
1067 4337 1206 4440 quibus
1225 4339 1301 4441 ipse
1323 4336 1520 4425 credebat,
1545 4367 1617 4413 nec
1631 4337 1731 4444 quod

309 4484 441 4532 eorum
458 4462 667 4539 sacerdotes
683 4480 809 4538 contra
826 4464 983 4542 sormam
1000 4467 1164 4543 Ecclesie
1185 4467 1434 4554 celebrarent,
1454 4496 1526 4544 nec
1546 4470 1654 4574 quod
1675 4497 1732 4545 eo-

309 4612 393 4659 rum
419 4587 500 4664 laici
525 4591 760 4668 absolverent
782 4596 837 4671 vel
866 4615 1019 4700 possent
1041 4597 1231 4673 absolvere
1263 4628 1282 4672 a
1312 4600 1494 4703 peccatis,
1527 4628 1598 4676 nec
1631 4600 1730 4706 quod

310 4711 444 4789 fierent
465 4720 589 4795 oscula
607 4724 815 4801 inhonesta.
836 4728 917 4803 Non
928 4728 1065 4834 juravit
1087 4729 1257 4804 ordinem
1277 4758 1354 4805 non
1376 4730 1491 4819 exire,
1516 4731 1586 4807 sed
1609 4730 1731 4806 fuitei

309 4845 451 4920 dictum
478 4850 581 4951 quod
605 4855 728 4929 statim
754 4886 821 4959 pro
843 4858 1008 4960 professo
1032 4859 1252 4936 habebatur.
1278 4860 1479 4936 Audiverat
1505 4878 1640 4939 tamen
1663 4860 1727 4937 dici
