4080 6052
695 522 1344 619 succussussnnursxuus.
1657 553 1730 627 sao

314 716 441 793 supra,
459 702 573 791 prout
590 683 694 760 dixit.
715 685 764 760 Et
782 712 870 761 cum
884 682 1040 789 lenimen
1050 683 1242 789 predicta,
1254 684 1493 767 tradidit-sibi
1509 688 1732 775 mantellum

314 816 472 903 ordinis,
490 812 1040 921 super‘quemstahantnliqui
1054 841 1110 892 nx
1122 813 1301 895 fratribus
1321 814 1637 921 montumano
1661 837 1733 899 tra-

311 947 406 1034 dito,
428 944 521 1022 fecit
531 973 623 1023 eum
642 944 1140 1028 sedere=ad=sormn‹.conm
1157 973 1215 1037 se,
1229 962 1268 1024 et
1283 944 1471 1031 leoitcum
1484 945 1612 1052 jurare
1629 951 1733 1053 quod

308 1077 476 1182 predicta
500 1104 579 1153 non
598 1076 816 1168 revelaret,
829 1093 874 1153 ‘et
884 1075 1008 1182 quodi
1018 1077 1225 1156 castitatem
1242 1090 1419 1177 servaret,
1441 1094 1482 1154 et·
1496 1077 1634 1157 vireret
1652 1081 1732 1159 sina

311 1208 463 1313 proprio
485 1225 522 1284 et
540 1208 621 1286 sub-
632 1208 862 1287 obediencia.
880 1207 982 1285 Dixit
999 1207 1116 1285 enimn
1135 1208 1171 1284 ei
1189 1207 1442 1314 rprod·ab;illa
1460 1208 1556 1286 hora
1568 1210 1610 1286 in
1626 1228 1733 1288 antea

312 1365 390 1414 non
407 1339 563 1415 intraret
582 1338 740 1416 domum
756 1339 796 1413 in
816 1362 898 1443 que:
909 1337 1039 1444 aliqua·
1050 1336 1189 1415 mulier
1202 1338 1343 1444 jaceret
1364 1339 1405 1415 in
1425 1340 1642 1444 puerperio,
1664 1369 1734 1418 nec

311 1469 517 1575 susciperet
534 1469 699 1576 aliquem
723 1497 794 1546 nac
814 1485 962 1546 teneret
978 1468 1021 1544 in
1038 1469 1282 1558 sacrofonte,
1303 1468 1466 1576 etquod
1485 1497 1561 1549 non
1582 1470 1735 1548 offerret
1867 1480 1870 1488 '

309 1599 349 1674 in
374 1600 508 1692 missa3
529 1618 567 1678 et
589 1600 758 1708 predicta
781 1599 869 1677 lecit
894 1628 983 1677 enm
1009 1600 1155 1707 jurare,
1181 1616 1229 1676 ut
1246 1598 1351 1676 dixit.
1373 1599 1451 1676 Sed
1474 1627 1551 1677 non
1580 1603 1735 1677 servavit

304 1728 579 1834 juramentum,
595 1749 642 1808 ut
659 1731 771 1824 dixit;
789 1746 1046 1836 nam-captus.
1055 1757 1194 1811 amore.
1206 1727 1412 1836 cujusdam:-
1420 1729 1607 1829 mulieris,
1624 1732 1734 1821 exivit

309 1861 482 1938 ordinem
502 1890 570 1967 per
589 1889 711 1939 unum
730 1862 876 1940 annumv
893 1879 978 1939 ante
997 1861 1222 1967 capcionemz
1234 1860 1554 1966 Templariorum,
1573 1878 1610 1938 et
1628 1861 1735 1938 dimi·

310 1991 357 2065 sit
383 1991 570 2080 habitum,
598 2009 641 2068 et·
663 1992 809 2098 aliquos
836 1991 969 2069 levavit
996 1992 1045 2068 de
1074 1989 1304 2069 sacrofonte
1333 2007 1536 2096 antequam·
1565 1992 1734 2071 exivisset

310 2121 500 2208 ordinem,
516 2141 555 2199 et
568 2141 665 2228 post,
673 2123 814 2200 obtulit
829 2125 947 2200 eciam
967 2124 1007 2199 in
1027 2124 1140 2202 missa
1157 2141 1357 2229 postquam
1377 2123 1487 2201 exivit
1501 2123 1691 2201 ordinem

364 2252 475 2340 Item,
493 2252 586 2328 dixit
602 2253 706 2357 quod
720 2270 805 2357 post
818 2253 1001 2357 predicta,
1020 2253 1142 2330 dictus
1158 2271 1331 2358 receptor
1345 2253 1438 2329 dixit
1454 2254 1492 2329 ei
1506 2256 1615 2358 quod·
1630 2282 1734 2361 oporr

309 2397 405 2457 teret
429 2383 463 2457 ei
488 2380 641 2458 esurire:
656 2381 807 2487 quando
831 2381 953 2457 vellet-
968 2381 1183 2470 comedere,
1207 2379 1435 2486 etvigillnre
1451 2382 1607 2485 quaudo.
1622 2383 1734 2465 vellet

310 2510 490 2603 dormire,
513 2529 551 2588 et
568 2512 687 2588 multa
709 2512 779 2588 alia
802 2511 924 2589 facere
938 2528 983 2588 et
1000 2538 1145 2589 serrare
1170 2539 1288 2617 super
1308 2510 1452 2617 quibus
1465 2510 1554 2588 alias
1573 2512 1734 2589 instrue.-

307 2661 365 2718 ret
385 2672 473 2719 eum
493 2671 580 2718 curn
600 2640 773 2720 rediisset
797 2642 846 2719 de
867 2641 1048 2732 Parisius,
1071 2667 1149 2745 quo
1173 2658 1254 2719 erat
1280 2659 1434 2748 propter
1455 2643 1610 2749 negocia
1632 2646 1733 2750 regia

306 2773 556 2877 profecturus,
579 2791 617 2850 et
643 2774 809 2880 precepit
834 2774 951 2850 eciam
979 2772 1013 2847 ei
1045 2773 1149 2876 quod
1169 2772 1217 2848 de
1237 2770 1347 2850 bonis
1365 2772 1514 2879 Templi
1533 2802 1610 2850 non
1628 2775 1734 2852 daret
1849 2855 1851 2859 ,

306 2903 448 3009 aliquid
477 2904 573 3009 patri
600 2920 666 2980 aut
693 2903 802 2979 matri
830 2903 891 2979 vel
918 2901 1000 2978 aliis
1032 2902 1160 2978 amieis
1183 2902 1276 2989 oris,
1303 2900 1370 2978 sed
1392 2900 1580 3007 quicquid
1607 2924 1732 3007 posset

307 3052 492 3139 aportaret
510 3036 558 3111 ad
576 3034 791 3139 Templum.
832 3052 834 3056 ‘
1232 3067 1234 3071 ·

363 3167 472 3253 Item,
496 3165 718 3271 dixitquod
739 3164 861 3242 dimus
886 3181 1057 3269 receptor
1081 3163 1280 3267 expoliavit
1305 3190 1345 3241 se
1369 3181 1493 3240 totum
1518 3166 1667 3242 nudum
1691 3169 1730 3243 in

306 3296 497 3398 presencia
528 3324 593 3372 sua
622 3313 661 3372 et
686 3294 846 3371 aliorum
870 3287 1028 3369 fratrum
1053 3293 1275 3380 astancium,
1303 3311 1341 3368 et
1368 3294 1535 3398 precepit
1564 3295 1597 3369 ei
1628 3299 1732 3400 quod

305 3426 536 3503 oscularetur
552 3452 643 3504 eum
660 3427 703 3503 in
715 3453 803 3518 ano,
822 3425 890 3502 sed
906 3425 985 3530 ipse
1004 3424 1133 3500 renuit
1151 3423 1225 3500 hoc
1240 3421 1385 3514 lacerer
1401 3422 1475 3500 luit
1487 3441 1613 3500 tamen
1632 3454 1731 3502 oscu-

304 3555 400 3632 latus
429 3585 518 3633 eum
547 3585 663 3661 super
691 3584 840 3633 carnem
875 3554 1018 3631 nudam
1034 3554 1087 3630 .in
1116 3531 1279 3631 humero
1306 3581 1353 3629 ex
1381 3570 1485 3658 parte
1515 3555 1728 3658 posteriori,

305 3704 342 3762 et
376 3688 471 3765 dixit·
495 3689 531 3764 ei
563 3689 667 3793 quod
695 3687 863 3802 predicta
882 3685 1008 3764 omnia
1036 3685 1214 3761 erantdo
1241 3684 1391 3790 punctis
1415 3684 1570 3762 ordinis.
1592 3687 1730 3791 Requi·

305 3815 397 3890 situs
417 3816 447 3890 si
468 3814 566 3889 dicta
585 3816 755 3921 recepcio
776 3844 843 3893 sua
867 3814 940 3892 luit
958 3814 1053 3891 facta
1077 3815 1124 3891 de
1151 3814 1212 3893 die
1234 3814 1294 3895 vel
1318 3814 1365 3891 de
1391 3832 1515 3906 nocte,
1538 3816 1733 3919 respondit

305 3944 409 4048 quod
430 3943 477 4019 de
496 3943 557 4019 die
579 3945 675 4020 circa
694 3945 827 4021 horam
843 3945 977 4049 prime.

361 4075 467 4166 Item,
489 4103 577 4150 cum
602 4073 792 4180 predictus
811 4076 917 4151 testis
936 4075 1127 4153 videretur
1152 4102 1232 4151 esse
1257 4075 1363 4152 valde
1390 4072 1509 4159 facilis
1530 4092 1568 4150 et
1596 4103 1731 4180 procax

289 4205 352 4280 ad
375 4186 641 4311 loquendum,
656 4220 694 4280 et
728 4205 768 4280 iu
796 4204 970 4310 pluribus
1002 4204 1117 4320 dictis
1142 4204 1222 4281 suis
1255 4231 1332 4281 non
1362 4222 1460 4282 esset
1485 4205 1649 4296 stabilis,
1662 4207 1732 4296 sed

305 4337 409 4442 quasi
434 4337 579 4413 varians
601 4353 640 4413 ot
662 4334 835 4426 vacilans,
864 4335 937 4412 fuit
964 4336 1214 4444 interrogatus
1243 4337 1273 4413 si
1303 4335 1432 4414 fuitei
1461 4356 1687 4446 preceptum.
1708 4368 1729 4412 a

306 4469 405 4544 dicto
425 4485 618 4574 receptore
640 4465 751 4574 quod·
771 4495 858 4544 cum
884 4468 1015 4575 digitis·
1035 4494 1177 4545 manus.
1203 4495 1270 4545 sue
1298 4466 1437 4545 Iaceret
1469 4469 1592 4547 licum
1607 4471 1730 4548 Cruci·-

306 4598 394 4685 Iixo,
417 4599 568 4703 quando
589 4598 714 4704 ipsum
733 4597 893 4686 videret,
916 4599 1003 4674 etsi
1022 4597 1095 4675 luit
1119 4599 1153 4675 ei
1179 4598 1321 4674 dictum
1334 4599 1452 4703 ·quod
1473 4601 1545 4677 hoc
1565 4618 1663 4677 esset
1680 4599 1728 4675 de

305 4728 455 4831 punctis
473 4728 640 4820 ordinis-5
656 4727 853 4834 respondit
868 4727 975 4834 quod
993 4757 1189 4835 nunquam
1209 4728 1351 4806 audivit
1368 4729 1473 4836 loqui
1494 4729 1541 4807 de
1562 4731 1649 4808 hoc,

360 4860 472 4948 Item,
499 4859 753 4966 requisitussi
773 4875 947 4937 contenta
970 4860 1011 4937 in
1036 4859 1144 4942 dictis
1170 4886 1210 4940 tv·
1231 4859 1397 4938 articulis
1423 4861 1666 4940 servabantur
1688 4863 1732 4934 in
