4080 6052
304 545 375 621 aaa
692 521 887 615 rsocbs
906 541 1005 613 nus
1031 540 1328 638 rnursinas.

302 687 429 774 bellos,
450 702 488 763 et
502 687 640 790 ipse-et
658 682 787 760 fratres
807 699 965 759 astantes
986 680 1225 760 fuerunt-eos
1245 682 1400 760 osculati
1420 683 1459 757 in
1478 707 1569 772 or03
1586 684 1716 760 exinde

303 817 410 895 dictis
424 814 652 921 quibusdam
672 810 1005 889 benediccionibus
1021 839 1090 915 per
1110 811 1254 888 dictum
1272 811 1509 917 capellanum
1523 828 1715 904 astantem,

304 964 342 1022 et
365 974 460 1052 aqua
483 942 681 1019 benedicta
704 969 852 1048 aspersa
876 968 989 1046 super
1012 969 1092 1032 eos,
1116 942 1238 1018 dictus
1262 960 1434 1048 receptor
1457 943 1631 1019 instruxit.
1648 970 1716 1021 eos

304 1077 465 1184 qualiter
483 1074 667 1150 deberent
686 1073 811 1149 dicere
831 1073 940 1147 Pater
959 1087 1098 1162 noster,
1119 1099 1250 1180 regere
1272 1099 1311 1150 se
1331 1073 1370 1148 in
1389 1072 1540 1162 ordine3
1556 1074 1716 1178 penno

307 1207 399 1283 dum
423 1204 513 1281 dicti
539 1203 672 1279 fratres
692 1202 884 1280 Deodatus
902 1217 946 1276 et
969 1200 1192 1305 Radulphus
1217 1202 1265 1278 de
1289 1201 1512 1278 Ardevillari
1534 1201 1717 1279 duxerunt

306 1339 430 1443 ipsum
458 1351 593 1412 testem
619 1334 666 1410 ad
691 1332 878 1439 quandam
909 1358 1093 1408 cameram
1120 1331 1370 1438 propinquam
1399 1331 1562 1437 capelle,
1583 1332 1623 1407 in
1647 1362 1718 1439 qua

307 1467 411 1543 exuit
431 1481 551 1541 vestes
578 1463 781 1551 seculares,
809 1481 847 1539 et
870 1462 995 1538 induit
1017 1478 1137 1538 vestes
1165 1462 1323 1552 ordinis,
1352 1479 1391 1538 et
1415 1478 1669 1568 preceperunt
1687 1463 1716 1538 ei

308 1596 413 1702 quod
424 1594 624 1700 abnegaret
635 1595 771 1683 Deum,
785 1610 822 1669 et
835 1593 912 1697 ipse
928 1592 1134 1696 respondit,
1147 1591 1351 1685 Quomodo
1363 1608 1492 1698 posset
1504 1590 1713 1679 hocsacere3

311 1742 347 1801 et
366 1725 436 1830 ipsi
455 1725 630 1800 dixerunt
648 1723 753 1829 quod
773 1723 846 1799 hoc
864 1720 1061 1826 oportebat
1081 1750 1169 1798 eum
1186 1720 1323 1810 lacere,
1341 1739 1379 1798 et
1394 1721 1467 1799 nisi
1484 1721 1560 1798 hoc
1577 1719 1714 1812 laceret,

309 1855 488 1959 punirent
511 1881 599 1932 eum
623 1853 664 1928 in
685 1852 750 1928 tali
774 1851 857 1929 loco
877 1850 943 1928 ubi
965 1851 1123 1929 baberet
1141 1853 1239 1958 pati,
1262 1869 1300 1928 et
1318 1869 1409 1928 tunc
1433 1853 1516 1958 ipse
1539 1830 1642 1928 testis
1661 1878 1717 1926 re-

311 1985 487 2091 spondit:
507 1986 588 2093 Ego
601 1983 732 2059 faciam
751 1983 985 2059 voluntatem
1001 1999 1178 2072 vestram,
1195 1983 1354 2061 sednon
1372 1982 1524 2059 recollit
1541 1982 1647 2088 quod
1662 1981 1718 2058 ab

312 2113 515 2220 negaverit,
540 2130 577 2189 et
597 2113 763 2218 predicta
784 2112 897 2190 verba
916 2111 1010 2188 dixit
1029 2140 1093 2188 ore
1118 2141 1197 2189 non
1217 2113 1623 2191 eorde.'Postmodum
1644 2139 1720 2217 pre·

313 2259 494 2347 ceperunt
529 2241 562 2317 ei
603 2241 711 2349 quod
741 2259 894 2349 spueret
922 2270 1037 2348 super
1064 2271 1214 2319 crucem
1245 2242 1414 2320 mantelli
1443 2241 1561 2319 unius
1599 2268 1721 2318 eorum

313 2371 384 2449 sibi
412 2388 614 2461 ostensam,
643 2373 711 2451 sed
739 2374 858 2449 nescit
886 2372 993 2480 cujus
1021 2400 1173 2466 eorum,
1201 2389 1238 2449 et
1262 2373 1341 2478 ipse
1372 2371 1495 2478 spuit,
1518 2399 1597 2447 non
1620 2399 1723 2478 super

315 2530 484 2592 crucem,
502 2504 569 2581 sed
578 2503 684 2610 juxta
702 2503 742 2580 in
761 2519 871 2581 terra.
895 2503 976 2580 Alia
989 2503 1208 2591 inhonesta,
1223 2519 1408 2609 quantum
1427 2501 1641 2591 adoscula,
1662 2501 1725 2577 cri·

315 2661 403 2710 men
423 2632 703 2723 sodomiticum,
727 2633 786 2709 vel
813 2633 936 2739 aliqua
965 2633 1037 2709 alia
1066 2634 1260 2711 inhonesta
1285 2660 1363 2709 non
1387 2630 1543 2710 fuerunt
1559 2631 1651 2708 facta
1671 2630 1724 2707 rel

316 2762 414 2839 dicta
434 2762 475 2838 in
493 2763 711 2870 recepcione
737 2791 822 2852 sua,
845 2791 915 2839 nec
937 2763 1079 2840 audivit
1099 2763 1204 2869 quod
1227 2762 1364 2838 fierent
1388 2761 1429 2836 in
1448 2759 1724 2864 recepcionibus

317 2890 493 2981 aliorum,
520 2895 587 2971 sed
613 2895 732 2972 eredit
755 2893 862 3000 quod
885 2895 1142 3000 reciperentur
1160 2893 1223 2970 alii
1244 2894 1495 2971 communiter
1516 2890 1553 2967 in
1570 2891 1723 2983 ordine,

319 3022 528 3097 secundum
556 3026 661 3128 quod
681 3025 856 3128 deposuit
875 3052 914 3102 se
933 3023 1046 3102 fuisse
1073 3042 1291 3129 receptum,
1315 3041 1353 3100 et
1375 3023 1480 3131 quod
1505 3022 1728 3129 abnegarent

319 3147 462 3235 Deum,
483 3165 520 3224 et
538 3153 794 3256 preciperetur
816 3155 920 3259 quod
938 3172 1116 3260 spuerent
1135 3183 1249 3259 super
1269 3183 1430 3231 crucem.
1451 3153 1587 3231 Dictus
1607 3170 1727 3230 autem

189 3335 191 3337 .
299 3275 432 3352 ·frater
448 3279 636 3356 lohannes
656 3280 702 3358 de
723 3281 976 3388 Ruffaymont,
995 3284 1062 3388 qui
1082 3282 1154 3358 fuit
1173 3302 1344 3387 receptus
1364 3312 1448 3359 cum
1470 3311 1534 3369 eo,
1555 3282 1629 3359 suit
1649 3300 1727 3388 post

321 3410 577 3513 recepcionem
611 3412 746 3487 ductus
775 3411 822 3487 ad
847 3411 957 3487 aliam
986 3441 1186 3504 cameram,
1208 3429 1252 3488 ut
1271 3413 1442 3489 indueret
1470 3440 1510 3489 se
1537 3413 1578 3488 in
1608 3442 1663 3501 ea,
1694 3429 1728 3487 et

322 3540 441 3616 credit
455 3541 558 3647 quod
576 3540 646 3616 sibi
664 3540 818 3618 fuerunt
834 3561 1008 3650 precepta
1028 3542 1091 3620 illa
1108 3543 1236 3620 illicita
1251 3544 1298 3620 de
1314 3543 1562 3648 abnegacione
1576 3559 1611 3616 et
1628 3542 1728 3644 spui-

322 3670 428 3746 cione
449 3700 522 3777 que
544 3672 698 3748 fuerunt
716 3690 889 3778 precepta
908 3674 978 3778 ipsi
993 3676 1092 3752 testi.

378 3801 489 3891 Item,
518 3801 565 3877 de
595 3803 779 3879 contentis
802 3804 841 3878 in
868 3819 905 3882 v⁰
925 3821 961 3880 et
988 3804 1165 3881 omnibus
1192 3804 1272 3882 aliis
1291 3806 1457 3882 articulis
1474 3804 1670 3909 respondit
1693 3833 1726 3878 se

323 3928 439 4005 nichil
456 3931 547 4006 scire
566 3932 752 4039 ultraque
771 3962 884 4037 supra
905 3935 1140 4039 deposuerit,
1157 3936 1230 4011 hoc
1248 3953 1398 4040 excepto
1417 3935 1523 4041 quod
1540 3935 1618 4040 ipse
1639 3934 1727 4009 bene

324 4058 503 4137 credebat·
518 4063 772 4138 ecclesiasticis
788 4065 1041 4155 sacramentis,
1057 4081 1094 4140 et
1107 4065 1224 4140 credit
1239 4066 1342 4171 quod
1357 4066 1418 4141 alii
1432 4066 1646 4152 crederent3
1663 4065 1729 4140 Ma-

324 4190 437 4293 gister
448 4209 594 4296 poterat
608 4194 661 4268 eis
677 4194 890 4282 remittere,
910 4194 940 4270 si
956 4194 1079 4300 aliqua
1094 4194 1357 4272 subtraherent
1375 4196 1422 4271 de
1444 4195 1556 4271 bonis
1577 4194 1727 4281 ordinis,

287 4330 292 4336 ’
326 4319 487 4398 sednon
512 4324 701 4401 absolvere
723 4353 743 4399 a
762 4324 932 4428 peccatis.
954 4325 1087 4401 Statim
1111 4354 1179 4429 pro
1200 4326 1374 4432 professis
1392 4325 1655 4410 habebantur,
1673 4321 1729 4400 sed

325 4477 400 4525 non
405 4449 583 4556 jurabant
594 4453 767 4529 ordinem
782 4482 860 4530 non
874 4456 972 4531 exire
983 4488 992 4544 3
1002 4453 1245 4532 clamdestine
1261 4457 1556 4562 recipiebantur3
1574 4452 1729 4533 cordulis

327 4580 428 4655 unde
452 4581 624 4660 volebant
653 4585 853 4688 assumptis
885 4584 1129 4690 cingebantur
1159 4614 1271 4691 super
1302 4614 1444 4692 pannos
1479 4587 1618 4674 lineos,
1655 4610 1729 4659 cum

327 4707 462 4810 quibus
474 4708 657 4812 jacebant.
670 4714 801 4792 Credit
815 4714 920 4820 quod
938 4715 1096 4794 fuissent
1111 4717 1232 4822 puniti
1246 4718 1310 4822 qui
1326 4717 1538 4794 noluissent
1557 4715 1728 4820 abnegare

328 4835 452 4910 Deum
475 4853 513 4912 et
533 4866 667 4942 spuere
687 4872 801 4949 super
820 4872 985 4934 crucem,
1006 4848 1065 4924 vel
1084 4848 1208 4955 juxta,
1228 4844 1286 4923 vel
1305 4849 1372 4953 qui
1393 4848 1578 4926 extraneis
1595 4847 1660 4922 boc
1677 4867 1729 4916 re
