4080 6052
470 531 787 627 procnsnes
812 554 1111 628 ruupmuas
1450 563 1497 635 55
1629 600 1636 607 .

87 699 191 795 dicti,
219 722 306 773 cum
329 694 517 770 sentencia
544 694 791 800 deposicionis
818 711 946 771 contra
968 694 1209 773 fredericum
1234 696 1498 801 imperatorem

86 827 197 905 dilata
215 825 329 903 fuerit
347 850 444 902 xxxu
462 824 578 900 annis.
599 824 702 902 Dixit
721 824 853 915 eciam,
870 824 976 931 quod
995 825 1073 931 ipse
1088 853 1164 902 non
1185 842 1264 902 erat
1282 823 1333 901 ita
1355 828 1500 930 sapiens

83 957 177 1035 sicut
197 937 390 1064 expediret
407 956 495 1048 sibi,
512 981 582 1031 nec
596 956 690 1040 tanti
710 955 854 1032 consilii
874 958 981 1062 quod
994 973 1121 1063 posset
1138 954 1341 1033 defendere
1358 956 1499 1034 dictum

14 1170 19 1180 ,
83 1086 256 1164 ordinem
277 1114 347 1193 per
368 1113 406 1162 se
426 1076 567 1191 ipsum3
588 1103 714 1163 tamen
735 1102 886 1191 paratus
909 1103 987 1162 erat
1005 1085 1111 1192 juxta
1135 1087 1193 1163 sui
1214 1087 1499 1193 possibilitatem

83 1213 1497 1324 dictumordinemdefendere3namalitersevillemetmiserumreputareltl,

84 1362 123 1421 et
133 1362 260 1452 posset
271 1344 317 1421 ab
332 1345 412 1421 aliis
425 1343 603 1450 reputari,
620 1345 690 1421 nisi
706 1344 829 1449 ipsum
845 1343 1018 1421 ordinem
1028 1341 1263 1437 defenderet,
1279 1374 1300 1420 a
1315 1373 1392 1451 qno
1404 1374 1500 1422 rece

83 1490 190 1578 perat
197 1490 253 1551 tot
261 1474 416 1551 comoda
429 1491 467 1551 11
478 1476 653 1562 honores,
663 1474 750 1552 licet
761 1472 911 1551 difficile
922 1473 994 1550 sibi
1003 1473 1206 1561 videretur,
1220 1475 1326 1580 quod
1334 1502 1498 1582 congrue

83 1603 264 1680 deffensio
284 1621 409 1710 posset
428 1603 511 1680 lieri
530 1631 599 1710 per
617 1633 722 1692 eum,
745 1633 832 1681 cum
852 1621 950 1681 esset
970 1604 1009 1679 in
1029 1602 1234 1708 captivitate
1255 1604 1497 1682 dominorum

81 1733 177 1838 Pape
194 1749 232 1810 ct
244 1734 371 1841 Regis,
390 1760 459 1810 nec
473 1732 630 1811 haberet
643 1734 803 1841 aliquid,
821 1734 937 1811 eciam
952 1747 1033 1810 11110‘
1048 1732 1238 1824 denarios,
1251 1759 1347 1837 qnos
1361 1759 1498 1839 expen-

82 1862 170 1941 dere
194 1883 321 1971 posset
343 1893 412 1971 pro
436 1864 602 1972 predicta
627 1865 843 1945 defensione
863 1867 922 1943 vel
945 1865 1042 1952 aliis,
1067 1864 1139 1942 uisi
1162 1863 1369 1941 secundum
1394 1866 1499 1970 qnod

81 1994 362 2073 ministrabatur
380 1996 515 2074 eidem.
537 1996 693 2104 Propter
717 1998 822 2104 quod
844 1996 996 2104 petebat
1015 1995 1064 2075 ad
1083 1994 1251 2101 predicta
1269 1993 1498 2100 perficienda

83 2124 262 2201 auxilium
290 2143 328 2202 et
352 2127 551 2204 concilim
571 2128 650 2205 dari
677 2128 817 2220 eidem,
840 2127 968 2205 dicens
996 2124 1101 2233 quod
1125 2124 1286 2201 intencio
1309 2150 1377 2199 sua
1401 2141 1495 2211 erat,

82 2253 187 2358 quod
209 2257 343 2334 veritas
366 2285 497 2336 eorum
523 2288 596 2365 que
622 2277 728 2338 erant
749 2260 921 2366 imposita
948 2258 1048 2334 dicto
1073 2256 1214 2342 ordini,
1239 2253 1397 2331 sciretur
1415 2280 1497 2330 non

82 2379 206 2477 solum
225 2410 295 2488 per
316 2385 400 2460 illos
420 2385 466 2460 de
488 2388 588 2462 dicto
611 2390 760 2472 ordine,
780 2415 912 2463 verum
932 2389 1048 2462 eciam
1070 2387 1109 2461 in
1130 2384 1312 2460 universis
1329 2381 1498 2486 partibus

80 2510 214 2587 mundi
234 2538 304 2616 per
322 2539 444 2619 reges,
466 2514 668 2620 principes,
691 2514 871 2623 prelatos,
889 2515 1019 2599 duces,
1041 2512 1196 2588 comites
1214 2528 1252 2586 11
1269 2511 1444 2595 barones,
1460 2511 1500 2585 li-

82 2656 139 2717 cet
157 2670 243 2717 cum
262 2641 437 2747 pluribus
457 2671 502 2736 ex
521 2643 664 2720 eisdem
689 2644 843 2750 prelatis
864 2640 918 2717 illi
946 2642 994 2717 de
1017 2640 1150 2718 ordine
1171 2662 1240 2715 suo
1262 2637 1421 2715 fuissent
1440 2639 1500 2715 ni-

80 2770 150 2847 mis
173 2771 285 2878 rigidi
308 2772 347 2847 in
368 2770 585 2850 defensione
600 2773 747 2880 jurium
774 2771 1009 2848 eorumdem.
1031 2769 1079 2844 Et
1101 2784 1251 2873 paratus
1275 2783 1354 2842 erat
1378 2766 1499 2844 dictus

79 2899 256 3007 Magister
272 2918 369 2978 stare
390 2900 692 3006 deposicionibus
712 2916 750 2975 et
768 2898 983 2975 testimonio
1003 2910 1153 3002 regum,
1174 2895 1404 3000 principum,
1420 2922 1499 3000 pre·

79 3028 259 3117 latorum,
275 3031 473 3115 comitum,
491 3030 649 3114 ducum,
664 3030 853 3104 baronum
868 3044 907 3102 et
920 3027 1080 3103 aliorum
1094 3025 1301 3131 proborum
1315 3027 1493 3103 virorum.

80 3157 179 3250 Quia
196 3184 285 3234 vero
304 3156 503 3263 negocium
519 3156 680 3232 arduum
695 3173 767 3241 est,
785 3172 823 3230 et
835 3156 1029 3258 predictus
1046 3156 1221 3259 Magister
1238 3182 1315 3232 non
1335 3154 1497 3232 liabebat

81 3310 225 3370 secum,
245 3284 315 3361 nisi
340 3312 460 3360 unum
481 3281 635 3359 fratrem
659 3283 899 3368 servientem,
926 3308 1014 3358 cum
1037 3308 1114 3386 quo
1139 3281 1337 3356 consilium
1356 3282 1496 3360 habere

79 3430 215 3519 posset,
227 3412 383 3519 predicti
398 3412 541 3489 domini
555 3411 798 3492 commissarii
816 3410 991 3487 dixerunt
1004 3410 1173 3516 predicto
1188 3410 1375 3516 Magistro,
1392 3411 1497 3518 quod

79 3542 176 3621 bene
192 3561 230 3622 11
242 3542 352 3650 plene
369 3542 596 3620 deliberaret
614 3568 729 3647 super
748 3539 846 3618 dicta
866 3538 1083 3617 defensione
1104 3542 1152 3618 ad
1171 3568 1284 3646 quam
1304 3567 1344 3619 se
1364 3540 1498 3620 oflere-

79 3671 158 3760 bat,
181 3689 219 3750 et
233 3674 337 3779 quod
352 3674 560 3750 adverteret
574 3672 627 3780 111ι
637 3671 700 3747 illa
714 3699 788 3777 que
803 3671 883 3778 jam
903 3668 1094 3748 confessus
1112 3664 1235 3747 fuerat
1253 3687 1381 3747 contra
1399 3699 1438 3750 se
1459 3688 1496 3747 et

80 3799 215 3910 contras
236 3803 408 3881 ordinem
432 3801 700 3909 supradictum.
727 3802 800 3906 Ipsi
823 3819 950 3878 tamen
976 3799 1185 3878 offerebant
1218 3803 1358 3892 eidem,
1392 3796 1500 3906 quod-

80 3931 198 4036 parati
226 3948 331 4007 erant
357 3960 443 4010 eum
474 3934 683 4011 addictam
712 3931 968 4011 defensionem
992 3933 1158 4039 recipere
1183 3934 1214 4010 si
1239 3951 1277 4010 11
1299 3947 1413 4038 prout
1439 3957 1497 4005 ra-

80 4060 137 4136 cio
157 4056 350 4145 suaderet,
371 4061 402 4135 si
424 4061 645 4165 persistebat
663 4063 701 4136 in
726 4062 823 4138 dicta
843 4061 1058 4138 defensione
1083 4060 1267 4149 facienda,
1289 4075 1328 4134 11
1351 4058 1497 4137 dilacio·

80 4216 167 4266 nem
183 4188 300 4265 eciam
317 4190 538 4280 concedere,
555 4190 585 4265 si
603 4188 762 4294 amplius
778 4189 985 4267 deliberare
1000 4187 1158 4262 volebat.
1172 4186 1357 4267 Volebant
1368 4207 1494 4267 tamen

80 4320 205 4426 ipsum
224 4317 316 4395 scire
345 4318 450 4425 quod
468 4318 508 4394 in
528 4345 637 4395 causa
655 4318 798 4395 heresis
820 4334 857 4395 11
876 4316 982 4404 fidei,
1003 4317 1287 4423 procedendum
1307 4333 1385 4396 erat
1413 4320 1496 4396 sim·
1621 4351 1623 4355 ¹

81 4448 238 4555 pliciter,
266 4449 311 4525 de
338 4447 466 4555 plano,
500 4466 537 4525 et
566 4448 706 4555 absque
732 4448 993 4526 advocatorum
1023 4464 1060 4525 et
1080 4446 1314 4554 judiciorum
1337 4448 1493 4554 strepitu

83 4594 121 4657 11
139 4576 269 4684 figura.
353 4554 365 4570 ’

98 4781 101 4788 .
136 4707 212 4786 Cui
234 4706 389 4813 quidem
413 4708 589 4814 Magistro
614 4708 815 4816 supradicti
846 4708 989 4786 domini
1017 4692 1276 4800 commissarii,
1311 4723 1354 4784 ut
1381 4705 1492 4812 plene

84 4837 289 4919 deliberare
308 4855 451 4943 posset,
472 4837 642 4917 fecerunt
667 4868 752 4917 cum
773 4838 971 4946 diligencia
989 4836 1062 4944 legi
1084 4855 1120 4916 11
1138 4836 1340 4945 vulgariter
1359 4836 1491 4944 exponi

165 4972 270 5036 arcels
292 4994 345 5037 nrs
365 4994 532 5039 rrurmrns.
545 4997 614 5036 -1.
1123 5060 1126 5065 Ι
1345 4975 1363 5034 5
