4080 6052
515 548 558 614 ιο
896 515 1092 608 saccas
1118 533 1211 605 nss
1237 531 1541 604 rsnrnrnns.

509 679 659 760 versalia
674 676 827 756 ecclesie
848 674 972 752 divina
985 674 1224 780 providencia
1237 674 1335 778 Papa
1348 672 1520 778 quintus,
1542 669 1648 749 vobis
1663 687 1702 748 et
1714 672 1831 751 michi
1845 703 1932 782 spe·

509 813 651 891 cialiter
675 807 904 888 commiserit
931 807 1112 914 quasdam
1141 805 1409 911 inquisiciones
1434 833 1503 911 per
1534 833 1600 881 vos
1630 820 1668 881 et
1698 833 1759 881 me
1789 806 1931 886 debere

508 944 593 1022 fieri
613 959 741 1019 contra
758 938 1008 1045 Templarios‚
1029 955 1067 1015 et
1086 960 1201 1043 super
1219 936 1329 1013 certis
1346 934 1513 1013 articulis
1528 934 1682 1013 cosdem
1696 937 1932 1043 Templarios

512 1091 550 1151 et
562 1075 695 1151 domos
710 1099 842 1149 eornm
859 1066 1178 1173 contingentibus,
1198 1084 1234 1145 et
1248 1095 1362 1173 super
1375 1065 1604 1173 quibusdam
1619 1065 1715 1157 aliis,
1732 1085 1848 1172 prout
1860 1069 1933 1147 hec

511 1206 551 1281 in
573 1204 708 1282 litteris
731 1203 828 1278 dicte
854 1199 1128 1278 commissionis
1147 1217 1186 1275 et
1204 1197 1376 1304 capitulis
1394 1198 1544 1304 plenius
1564 1199 1815 1290 continentur,
1837 1229 1929 1306 qaae,

512 1353 555 1413 ut
573 1334 696 1424 credo,
714 1332 793 1440 jam
813 1330 861 1407 ad
874 1347 1036 1407 vestram
1053 1329 1231 1407 noticiam
1248 1347 1516 1436 pervenerunt3
1536 1357 1680 1415 verum,
1701 1358 1790 1407 cum
1808 1330 1931 1436 presa-

492 1521 496 1528 -
510 1481 572 1541 tus
591 1461 768 1541 dominus
782 1461 881 1567 Papa
897 1459 1013 1536 michi
1032 1477 1116 1537 ante
1137 1460 1440 1538 commissionem
1459 1459 1666 1565 predictam
1682 1460 1932 1538 commisserit

511 1592 721 1700 specialiter
740 1609 778 1668 et
797 1590 963 1669 districte
983 1591 1207 1697 preceperit,
1232 1592 1272 1667 in
1290 1592 1427 1668 virtute
1447 1620 1543 1668 ame
1563 1591 1708 1696 prestiti
1722 1591 1930 1698 juramenti

513 1741 550 1801 et
568 1741 693 1801 sancte
714 1722 953 1811 obediencie,
973 1721 1078 1828 quod
1101 1750 1171 1826 ego
1191 1721 1385 1819 intendam
1411 1722 1612 1825 diligenter
1634 1740 1673 1798 et
1694 1721 1858 1801 fideliter
1881 1723 1930 1800 ad

512 1853 696 1931 decimam
716 1853 982 1961 colligendam,
1001 1851 1220 1957 exigendam
1239 1867 1277 1927 et
1292 1850 1546 1957 recipiendam
1566 1851 1605 1927 in
1623 1852 1823 1957 provinciis
1836 1853 1931 1933 Are-

509 1982 670 2074 latensi,
682 1984 866 2092 Aquensi,
886 1981 1166 2071 Ebredunensi,
1188 1981 1391 2062 Viennensi
1413 2012 1455 2059 ac
1475 1981 1592 2059 eciam
1611 1983 1851 2091 Lugdunensi
1879 1982 1928 2059 ab

512 2114 689 2191 omnibus
725 2114 896 2219 personis
921 2130 960 2190 et
983 2108 1076 2190 locis
1100 2110 1378 2203 ecclesiasticis,
1406 2113 1636 2221 quibusdam
1662 2129 1789 2190 tamen
1814 2112 1930 2191 terris

512 2259 550 2318 et
570 2242 740 2347 personis
767 2243 946 2347 exceptis,
971 2269 1184 2320 concessam
1206 2272 1277 2350 per
1295 2272 1384 2320 eum
1403 2243 1450 2320 ad
1469 2243 1666 2320 biennium
1689 2242 1827 2319 illustri
1846 2243 1927 2320 viro

422 2377 425 2383 ’
510 2372 664 2449 domino
690 2373 863 2480 Philippo
886 2373 1047 2480 principi
1065 2374 1312 2464 Tharantino,
1334 2374 1384 2452 ob
1408 2404 1537 2452 causas
1554 2373 1799 2450 racionabiles
1814 2391 1926 2479 atque

414 2597 418 2604 .
501 2501 638 2607 justas,
659 2519 813 2608 propter
831 2531 906 2607 que
928 2530 1016 2579 sum
1034 2502 1294 2604 multipliciter
1320 2518 1540 2601 occupatus,
1562 2501 1615 2574 sic
1633 2500 1739 2604 quod
1756 2501 1804 2578 ad
1821 2529 1925 2578 com-

507 2633 619 2709 missa
637 2633 792 2736 negocia
810 2630 916 2704 vobis
937 2645 976 2702 et
992 2627 1109 2701 michi
1133 2655 1202 2728 per
1221 2626 1387 2702 eundem
1407 2625 1606 2702 dominum
1626 2630 1764 2735 Papam
1783 2631 1823 2709 in
1839 2661 1926 2738 pre-

507 2762 630 2837 missis
652 2758 758 2834 nullo
771 2752 894 2831 -modo
912 2779 1069 2859 possum
1093 2750 1289 2827 intendere
1310 2751 1349 2827 in
1372 2753 1555 2858 presenti;
1577 2756 1716 2835 idcirco
1735 2788 1797 2836 me
1820 2761 1926 2839 vobis

508 2888 603 2962 circa
622 2887 694 2961 hec
714 2911 906 2968 excusans,
928 2897 967 2958 et
988 2880 1182 2957 confidens
1202 2880 1250 2956 de
1270 2880 1457 2986 legalitate
1478 2898 1516 2957 et
1540 2883 1767 2963 discrecione
1787 2909 1924 2979 vestra,

508 3044 622 3123 super
635 3010 823 3121 predictis,
840 3010 871 3087 si
887 3037 982 3114 opus
998 3027 1063 3100 est,
1082 3009 1172 3085 etin
1188 3027 1369 3116 quantum
1384 3010 1527 3115 dejure
1541 3040 1705 3116 possum,
1724 3020 1923 3098 commicto

506 3147 715 3254 specialiter
732 3144 831 3220 vices
849 3169 967 3230 meas,
990 3141 1202 3246 supplicans
1227 3159 1264 3218 et
1290 3142 1486 3248 requirens
1509 3142 1614 3248 quod
1638 3144 1677 3220 in
1702 3145 1921 3255 hujusmodi

506 3278 670 3385 negociis
701 3275 807 3353 vobis
836 3290 875 3352 et
902 3272 1019 3350 michi
1048 3272 1256 3350 commissis
1284 3273 1508 3379 procedatis,
1539 3275 1616 3352 mei
1645 3276 1815 3355 absencia
1843 3310 1921 3361 non

505 3406 686 3486 obstante.
709 3408 850 3488 Datum
873 3402 992 3510 Aquis
1016 3429 1038 3483 v
1064 3401 1126 3479 die
1160 3403 1300 3481 mensis
1328 3405 1434 3492 Maii,
1465 3431 1562 3481 anno
1589 3407 1744 3485 Domini
1775 3422 1815 3485 ιο
1841 3425 1922 3488 ccc⁰

504 3545 616 3616 nono.
636 3517 684 3614 ln
704 3538 810 3645 cujus
829 3535 883 3612 rei
903 3534 1164 3612 testimonium
1183 3538 1422 3641 presentibus
1445 3536 1580 3616 litteris
1599 3538 1765 3645 sigillum
1790 3569 1920 3619 meum

505 3670 769 3775 apponendum
790 3667 891 3745 duxi.
911 3667 1052 3745 Datum
1072 3685 1258 3774 utsupra.

557 3929 651 4006 ltem
673 3928 870 4006 sciendum
890 3945 961 4018 est,
984 3926 1089 4035 quod
1108 3928 1313 4034 supradicti
1338 3926 1484 4007 domini
1510 3925 1684 4004 Matheus
1706 3929 1807 4006 sedis
1831 3957 1921 4034 apo-

501 4058 627 4135 stolice
655 4061 838 4150 notarius,
873 4059 1067 4138 Johanncs
1094 4060 1340 4139 Tridentinus
1369 4078 1406 4137 et
1433 4059 1622 4138 Johannes
1645 4059 1920 4164 Magalonensis

501 4186 749 4266 archidiaconi
766 4208 1019 4281 asseruerunt,
1041 4190 1080 4268 in
1099 4192 1292 4297 presencia
1312 4191 1472 4269 aliorum
1493 4191 1734 4268 dominorum
1757 4186 1918 4295 collega-

499 4346 585 4395 rum
609 4348 766 4397 suorum
795 4339 833 4399 et
854 4323 931 4400 mei
955 4350 998 4398 ac
1027 4340 1238 4401 ceterorum
1257 4325 1491 4401 notariorum
1516 4341 1553 4401 et
1579 4321 1738 4400 aliorum
1760 4320 1917 4399 testium

498 4447 834 4556 infrascriptomm,
855 4480 895 4529 se
909 4478 979 4556 pro
997 4467 1100 4551 certo
1117 4469 1154 4528 et
1167 4482 1236 4558 pro
1256 4452 1439 4532 constanti
1460 4451 1643 4530 audivisse
1662 4481 1685 4529 a
1704 4450 1917 4529 reverendis
1978 4544 1982 4551 Ι

499 4575 538 4651 in
557 4578 708 4656 Christo
731 4578 900 4682 patribus
930 4578 1093 4657 dominis
1115 4582 1306 4688 Stephano
1335 4582 1407 4663 Dei
1434 4582 1556 4688 gracia
1581 4581 1683 4659 tituli
1707 4580 1823 4658 sancti
1853 4580 1916 4660 Ci-

498 4706 586 4782 riaci
601 4707 641 4783 in
655 4707 802 4785 Termis
817 4708 1024 4814 presbitero
1040 4728 1078 4788 et
1091 4712 1130 4790 P.
1149 4713 1195 4790 de
1211 4713 1424 4819 Columpna
1438 4729 1561 4789 sancte
1577 4714 1742 4787 Romane
1761 4709 1914 4788 ecclesie

497 4834 663 4918 diaconis
682 4839 949 4930 cardinalibus,
967 4842 1072 4949 quod
1091 4843 1145 4922 eis
1164 4845 1356 4924 constabat
1373 4845 1501 4952 ipsum
1522 4871 1601 4922 esse
1623 4870 1668 4918 ex
1683 4841 1803 4919 causis
1821 4839 1915 4946 legi-
