4080 6052
535 538 583 611 ss
673 616 676 621 ,
919 513 1118 608 moces
1143 530 1238 645 uns
1264 530 1564 603 reuertens.

531 676 603 755 sibi
624 677 821 753 commissa
839 690 969 751 contra
980 673 1170 763 ordinem,
1192 670 1401 748 secundum
1412 671 1588 748 traditam
1605 669 1829 751 cislormam
1848 676 1951 780 quod

532 834 596 883 eos
616 805 749 883 facere·
759 804 972 910 oportebat,
994 821 1032 881 et
1049 802 1245 908 requisivit
1263 800 1366 877 idem
1382 800 1558 907 Magister
1575 800 1681 906 quod
1700 801 1791 879 dicti
1808 803 1950 882 domini

531 936 773 1013 commissarii
790 935 997 1012 scriberent
1014 932 1169 1011 domino
1186 932 1301 1036 Pape,
1323 929 1428 1037 quod
1444 958 1484 1007 se
1501 947 1541 1007 et
1557 929 1650 1008 alios
1665 960 1733 1037 per
1752 933 1948 1013 dominum

530 1069 666 1174 Papam
693 1070 897 1144 reservatos
928 1065 977 1142 ad
1005 1092 1114 1143 suam
1143 1063 1374 1168 presenciam
1407 1078 1587 1139 evocaret.
1613 1063 1661 1138 Et
1689 1063 1779 1140 dicti
1807 1064 1947 1144 domini

529 1197 771 1273 commissarii
788 1195 1066 1301 responderunt
1085 1194 1120 1271 ei
1138 1192 1245 1299 quod
1263 1189 1509 1269 hocfacerent
1525 1220 1639 1297 quam
1655 1192 1769 1271 cicius
1784 1214 1944 1299 possent.

585 1327 671 1404 Acta
689 1324 843 1403 fuerunt
853 1326 924 1401 hec
934 1325 1112 1431 predictis
1124 1322 1186 1399 die
1203 1322 1346 1413 etloco,
1364 1319 1602 1426 presentibus
1618 1349 1680 1397 me
1697 1323 1945 1403 Floriamonte

527 1456 728 1533 Dondedei
748 1474 787 1533 et
807 1456 888 1532 aliis
905 1453 1059 1532 notariis
1076 1480 1187 1557 supra
1204 1452 1375 1557 proximo
1387 1449 1600 1528 nominau‘s.

582 1715 847 1806 Postmodum,
867 1715 928 1794 die
946 1713 1102 1794 Veneris
1118 1731 1205 1819 post
1219 1712 1357 1790 festum
1372 1713 1475 1789 Beati
1497 1709 1683 1818 Gregorii,
1703 1740 1777 1818 que
1794 1712 1867 1790 luit
1883 1742 1943 1792 xm

528 1844 608 1921 dies
620 1846 758 1923 mensis
777 1845 922 1932 Marcii,
937 1859 1192 1922 convenerunt
1201 1843 1241 1918 in
1255 1841 1420 1948 predicta
1437 1869 1582 1951 camera
1601 1840 1699 1918 dicte
1716 1840 1799 1919 aule
1809 1843 1942 1947 prefati

526 1975 670 2052 domini
702 1974 961 2063 commissarii,
986 1991 1138 2079 excepto
1161 1971 1316 2049 domino
1341 1971 1620 2060 archidiacono,
1643 1971 1878 2064 Tridentino,
1901 2003 1941 2050 se

524 2106 652 2209 quoad
671 2105 775 2180 illam
798 2104 899 2180 diem
929 2120 1141 2194 excusante,
1164 2119 1203 2179 et
1222 2102 1377 2179 suerunt
1399 2100 1553 2177 adducti
1574 2128 1697 2178 coram
1716 2101 1769 2178 eis
1796 2100 1940 2179 ibidem

524 2230 656 2311 fratres
675 2234 891 2341 subscripti,
912 2234 1106 2311 videlicet:

579 2365 706 2441 Frater
726 2363 938 2442 Gausredus
965 2363 1012 2440 de
1035 2363 1226 2442 Gonavilla
1245 2360 1369 2450 miles,
1389 2380 1584 2467 preceptor
1601 2362 1757 2439 Pictavie
1772 2379 1810 2439 et
1826 2361 1939 2469 Aqui·

522 2494 637 2583 tanie,
668 2496 732 2601 qui
762 2523 830 2600 per
858 2496 976 2592 dictos
1004 2493 1178 2571 dominos
1203 2493 1474 2573 commissarios
1503 2494 1750 2599 interrogatus
1775 2493 1806 2569 si
1831 2492 1940 2570 vellet

524 2624 726 2701 defendere
746 2624 920 2700 ordinem
937 2623 1108 2727 Templi,
1134 2621 1328 2727 respondit
1352 2620 1457 2728 quod
1479 2638 1557 2698 erat
1573 2639 1702 2727 captus
1718 2622 1757 2697 in
1777 2621 1938 2726 prisione

524 2753 766 2829 dominorum
786 2754 883 2858 Pape
895 2770 932 2827 et
951 2753 1077 2857 Regis,
1100 2769 1138 2828 et
1154 2768 1232 2827 erat
1251 2753 1366 2828 homo
1385 2751 1579 2847 illiteratus
1597 2769 1635 2828 et
1651 2749 1877 2829 insufficiens
1892 2753 1938 2827 ad
1999 2742 2003 2751 ¹

524 2879 781 2957 defensionem
792 2880 949 2968 ordinis,
963 2910 1032 2957 nec
1048 2881 1210 2957 habebat
1227 2881 1440 2967 consilium,
1459 2909 1528 2957 nec
1544 2881 1646 2959 unde
1665 2898 1791 2988 posset
1802 2880 1937 2958 habere

524 3010 739 3099 consilium,
767 3011 868 3086 unde
892 3011 939 3085 ad
961 2987 1114 3116 presens
1141 3040 1266 3088 coram
1287 3011 1463 3116 predictis
1493 3012 1655 3088 dominis
1680 3011 1937 3089 commissariis

524 3138 627 3215 aliud
647 3140 797 3216 nolebat
814 3168 883 3216 nec
902 3140 1065 3216 audebat
1081 3141 1224 3246 aliquid
1242 3142 1382 3228 dicere3
1400 3141 1567 3218 tamensi
1585 3141 1731 3220 essetin
1749 3141 1937 3246 presencia

524 3270 667 3346 domini
687 3273 784 3376 Pape
805 3271 861 3346 vel
879 3272 1009 3376 Regis,
1031 3299 1126 3375 quos
1142 3288 1246 3347 tenet
1263 3299 1332 3377 pro
1349 3271 1458 3348 bonis
1479 3271 1640 3349 dominis
1660 3290 1698 3348 et
1710 3272 1823 3378 justis
1836 3271 1937 3377 judi-

522 3390 643 3490 cibus,
672 3403 813 3477 diceret
835 3401 939 3506 quod
963 3401 1137 3506 expedire
1162 3402 1315 3477 videret.
1338 3403 1414 3495 Qui
1440 3403 1583 3479 domini
1608 3402 1847 3480 commissarii
1878 3429 1936 3476 re-

522 3531 756 3636 sponderunt
776 3529 846 3606 sibi
869 3530 973 3635 quod
992 3559 1120 3607 secure
1141 3549 1285 3636 poterat
1304 3530 1408 3636 loqui
1434 3561 1557 3609 coram
1580 3532 1648 3620 eis,
1679 3557 1747 3606 nec
1775 3528 1935 3605 debebat

520 3662 653 3736 timere
673 3661 719 3736 de
738 3659 926 3764 aliquibus
943 3659 1147 3748 violenciis,
1165 3661 1312 3767 injuriis
1328 3661 1386 3737 vel
1402 3662 1612 3748 tormentis,
1630 3660 1811 3765 quianon
1828 3658 1936 3735 inser·

520 3809 605 3869 rent
621 3820 690 3866 nec
709 3789 837 3866 inlerri
858 3791 1131 3894 permitterent,
1151 3792 1268 3866 immo
1288 3791 1530 3895 impedirent,
1543 3791 1574 3868 si
1593 3788 1721 3866 inferri
1741 3789 1932 3866 deberent.

520 3923 662 3998 Tamen
683 3921 798 3998 nichil
819 3919 921 3995 aliud
938 3920 1055 3996 voluit
1073 3920 1195 3996 dicere
1216 3948 1340 3997 coram
1358 3921 1464 3998 dictis
1482 3919 1642 3997 dominis
1658 3919 1933 4002 commissario,

520 4054 589 4128 nisi
612 4053 715 4160 quod
731 4051 884 4159 petebat
903 4079 941 4126 se
961 4050 1090 4127 reduci
1108 4050 1156 4125 ad
1172 4052 1401 4155 presenciam
1412 4051 1555 4128 domini
1575 4052 1684 4155 Pape.

576 4184 684 4269 Item,
708 4184 850 4259 eisdem
873 4181 933 4258 die
957 4198 994 4257 et
1015 4182 1114 4271 loco,
1137 4180 1209 4258 luit
1227 4182 1409 4259 adductus
1434 4182 1481 4257 ad
1501 4181 1728 4286 presenciam
1748 4179 1933 4255 dictorum

520 4308 760 4387 dominorum
780 4313 1119 4390 commissariorum
1136 4311 1366 4417 fraterHugo
1381 4311 1427 4388 de
1440 4313 1610 4389 Peraudo
1629 4309 1753 4398 miles,
1771 4308 1934 4385 visitator

519 4441 681 4516 Francie.
697 4442 773 4534 Qui
790 4444 1037 4548 interrogatus
1056 4442 1085 4516 si
1103 4442 1250 4520 volebat
1262 4441 1404 4548 aliquid
1420 4442 1541 4518 dicere
1552 4470 1674 4518 coram
1690 4441 1742 4517 eis
1754 4466 1823 4544 pro
1838 4438 1934 4515 dicto

520 4570 651 4643 ordine
668 4571 726 4643 vel
744 4589 884 4658 contra,
898 4569 1093 4677 respondit
1106 4572 1210 4676 quod
1223 4601 1315 4660 non,
1331 4574 1401 4650 nisi
1418 4572 1522 4678 quod
1536 4573 1641 4677 prius
1658 4571 1799 4648 dixerat
1813 4597 1932 4646 coram

521 4696 575 4771 eis
595 4697 633 4768 in
651 4697 772 4799 primo
793 4698 924 4774 edicto.

576 4825 686 4914 Item,
710 4826 851 4902 eisdem
877 4827 937 4903 die
963 4847 1000 4905 et
1023 4830 1121 4919 loco,
1143 4828 1296 4910 suerunt
1319 4833 1468 4910 adducti
1495 4862 1619 4910 coram
1647 4827 1933 4910 dictisdominis
