4148 6052
498 528 694 621 rnocbs
714 547 810 621 ors
836 550 1153 624 renuimus·
1480 556 1528 626 cs

113 709 213 771 ratus
232 690 385 769 ecclesie
405 688 453 765 de
472 686 587 776 Brali,
609 686 886 781 Ambianeusim
905 692 1125 798 Reynardus
1145 690 1192 765 de
1210 690 1384 767 Cuneriis
1404 692 1527 783 miles,

111 821 356 911 Belvacensis;
380 816 611 899 Guillelmus
636 817 684 895 de
712 819 837 896 Platea
863 822 911 899 de
938 820 1092 899 Belvaco
1120 837 1316 927 preceptor
1348 820 1395 896 de
1426 821 1528 929 Cysi-

110 970 254 1043 monte;
279 952 438 1031 Anticus
462 951 510 1027 de
525 947 757 1054 „Conpendio
783 950 1078 1043 suessionensis,
1105 950 1303 1029 Bertaldus
1328 951 1375 1028 de
1400 953 1531 1029 Some·
1605 984 1607 989 ’

110 1113 195 1162 rens
213 1081 490 1171 Ambianensis,
511 1080 700 1159 lohannes
720 1081 767 1157 dc
787 1082 895 1161 Bulle
914 1083 1054 1161 Noncia
1071 1082 1317 1173 Belvacensis,
1337 1083 1530 1189 Philippus

111 1215 157 1291 de
184 1214 337 1291 Manino
366 1209 603 1298 Morinensis,
630 1210 763 1287 Petrus
790 1210 826 1287 le
854 1211 940 1291 Gris
966 1211 1238 1301 Noviomensis,
1264 1213 1454 1290 lohannes
1482 1215 1530 1290 de

111 1363 236 1421 sancto
255 1346 361 1421 Justo
379 1338 624 1426 Belvacensis,
643 1340 825 1418 Martinus
845 1342 893 1417 de
913 1342 1086 1421 Marsiliis
1103 1342 1350 1431 Belvacensis,
1372 1345 1530 1421 Michael

30 1488 37 1499 '
111 1475 250 1553 Mosset
267 1470 542 1560 Ambianensis,
563 1471 697 1547 Petrus
715 1469 764 1547 de
778 1472 935 1550 Verenis
954 1472 1166 1563 Treceusis,
1187 1472 1361 1550 Decanus
1380 1474 1428 1551 de
1449 1477 1533 1555 Cbi·

111 1604 187 1681 lelli
209 1604 402 1681 Remensis
424 1600 643 1679 diocesium.

165 1734 241 1828 Qui
265 1731 456 1840 sigillatim
476 1747 514 1808 et
532 1731 732 1837 separatim
756 1733 927 1839 requisiti
951 1731 1103 1809 edictis
1130 1732 1293 1810 dominis
1317 1735 1532 1813 commissa-

109 1865 193 1957 riis,
215 1894 262 1941 an
281 1863 421 1941 vellent
440 1862 614 1940 ordinem
633 1862 782 1969 Templi
802 1862 849 1940 ab
869 1864 1035 1970 hiisque
1056 1862 1128 1940 sibi
1143 1862 1434 1969 imponebantur
1454 1866 1533 1943 del-

111 1993 282 2087 senderc,
304 1992 581 2099 responderunt
598 1993 703 2100 quod
728 1993 797 2080 sic,
824 2011 862 2071 et
880 1994 1077 2100 pecierunt
1097 1994 1168 2073 sibi
1187 1995 1388 2072 ministrari
1417 1994 1533 2073 eccle-

110 2122 251 2200 siastica
269 2139 507 2202 sacramenta.

166 2252 256 2330 Acta
266 2254 420 2330 luenmt
430 2251 705 2357 bec,predictis
715 2253 777 2330 die
788 2270 827 2329 et
840 2253 935 2345 loco,
944 2253 1183 2359 presentibus
1192 2268 1253 2331 m‘e
1265 2253 1530 2345 Floriamonte,

111 2382 240 2459 Nicolo
260 2382 539 2461 Constanciensi
560 2398 598 2457 et
617 2381 698 2456 eliis
720 2383 874 2459 notariis
897 2411 1009 2485 supra
1026 2384 1196 2485 proximo
1216 2385 1438 2469 nominatis,
1460 2388 1533 2463 hoc

111 2513 210 2588 salvo
230 2513 336 2617 quod
355 2512 478 2589 dictus
491 2510 664 2590 Nicolaus
683 2538 760 2588 non
780 2510 950 2589 interluit
964 2510 1251 2616 interrogacioni
1272 2539 1359 2590 xvnr
1375 2512 1532 2589 fratrum

111 2641 158 2718 dc
178 2640 385 2718 Senononsi
408 2657 445 2715 et
463 2639 705 2717 Ambianensi
726 2640 938 2719 diocesibus
958 2639 1220 2716 adductorum.

163 2903 234 2980 Die
254 2901 382 2979 Martis
401 2901 594 3008 sequenti,
616 2929 691 3007 que
705 2899 779 2977 luit
796 2898 942 2978 decima
963 2899 1043 2977 dies
1059 2899 1148 2976 dicti
1164 2901 1304 2978 mensis
1315 2900 1528 2992 Februarii,

109 3031 264 3109 luerunt
286 3029 400 3107 simul
423 3029 574 3107 adducti
593 3030 633 3106 in
655 3030 792 3107 eodem
810 3030 893 3107 loco
915 3029 965 3106 ad
987 3029 1105 3107 dictos
1125 3029 1300 3109 dominos
1319 3032 1532 3111 commissa-

111 3162 204 3246 rios,
226 3161 443 3238 absentibus
462 3160 626 3238 dominis
640 3160 869 3239 Narbonensi
891 3178 930 3237 et
942 3160 1132 3237 baiocensi
1149 3178 1187 3238 et
1202 3162 1358 3240 domino
1373 3164 1531 3243 Triden-

112 3293 205 3380 tino,
229 3293 277 3369 de
302 3292 440 3371 diocesi
468 3292 711 3371 Nemausensi
736 3290 897 3369 fratres:
927 3290 1104 3369 Albertus
1132 3290 1180 3367 de
1212 3292 1376 3371 Canellis
1406 3294 1529 3377 miles,

110 3424 309 3530 Aquensis;
331 3422 560 3503 Guillelmus
586 3424 633 3502 dc
656 3426 780 3501 Ranco
800 3422 1000 3513 Uticensis,
1023 3420 1184 3500 Jacobus
1207 3422 1383 3502 Calbardi
1409 3424 1532 3529 Mega-

111 3551 284 3643 lonensis,
307 3554 438 3633 Petrus
456 3554 505 3633 de
525 3553 698 3662 Agusano
717 3553 999 3642 Nemausensis,
1021 3552 1210 3630 lohannes
1233 3554 1281 3631 de
1307 3554 1340 3631 'l‘
1342 3552 1447 3630 ribus
1465 3554 1532 3631 viis

109 3684 395 3791 Magalonensis,
411 3688 572 3765 Poncius
588 3687 708 3764 Pisani
727 3683 1016 3793 Magalonensis,
1030 3684 1163 3763 Petrus
1180 3682 1360 3764 Gibellini
1378 3686 1532 3762 Neman-

110 3816 226 3889 scnsis
247 3816 466 3893 diocesium.

166 3941 240 4033 Qui
257 3941 445 4047 sigillatim
460 3964 498 4021 et
509 3947 706 4050 separatim
721 3945 893 4055 requisiti
908 3974 930 4021 a
945 3943 1054 4022 dictis
1073 3942 1236 4020 dominis
1252 3941 1531 4026 commissariis,

110 4099 156 4147 an
171 4070 310 4148 vellent
324 4073 498 4149 ordinem
513 4076 660 4180 Templi
679 4077 882 4154 defendere
896 4074 943 4151 ab
957 4073 1032 4147 hiis
1051 4101 1126 4177 que
1143 4072 1211 4148 sibi
1229 4070 1530 4176 imponebantur,

111 4204 388 4309 responderunt
406 4204 511 4310 quod
530 4204 594 4282 sic.

165 4332 316 4411 Eisdem
337 4333 398 4410 die
418 4351 458 4410 et
476 4333 576 4421 loco,
598 4361 723 4410 coram
738 4332 903 4412 dominis
916 4326 1179 4409 commissoriis
1193 4330 1389 4409 antedictis
1408 4347 1446 4406 et
1466 4332 1533 4406 d-o-

110 4462 214 4539 mino
243 4464 504 4543 archidiacono
533 4465 757 4542 Tridentino
788 4460 1095 4573 superveniente,
1115 4458 1272 4539 luerunt
1299 4460 1449 4539 adducti
1484 4459 1531 4537 de

111 4592 248 4672 diocesi
269 4597 475 4676 Senononsi
500 4598 632 4675 fratres
649 4598 806 4705 Egidius
826 4599 874 4676 de
889 4589 1109 4674 Valencenis
1130 4592 1338 4701 presbyter,
1360 4592 1533 4670 Camera-

111 4727 246 4817 censis3
268 4729 456 4808 Tierricus
471 4731 519 4807 de
534 4729 677 4814 Remis,
700 4746 737 4807 et
751 4730 940 4807 lohannes
958 4720 1128 4813 Borleta,
1145 4725 1340 4804 Travensis
1355 4723 1530 4811 diocesim

111 4856 354 4937 Constencius
378 4860 426 4936 de
445 4861 579 4968 Biceyo
604 4859 865 4968 Lingonensis‚
888 4856 1046 4935 Anricus
1073 4855 1099 4933 li
1123 4855 1224 4935 Abes
1252 4852 1529 4939 Laudunensim
