4080 6052
696 527 894 620 procus
920 547 1015 618 nos
1040 549 1343 623 rsuemnas.
1656 556 1728 633 sos

314 693 438 769 fratris
452 688 639 793 Radulphi
659 689 706 763 de
722 690 751 763 F
751 715 893 794 reynoy
908 687 1095 765 combusti
1114 691 1291 781 Parisius,
1303 693 1368 798 qui
1384 692 1457 768 luit
1473 711 1645 798 receptus
1663 718 1732 801 per

315 824 466 899 fratrem
482 819 698 924 Philippum
712 818 760 894 de
771 816 873 894 Axiis
889 817 1066 906 militem,
1084 820 1123 895 in
1137 821 1251 898 domo
1266 823 1431 929 predicta
1445 824 1492 900 de
1506 823 1730 930 Oysemont,

314 970 403 1029 sunt
427 951 573 1027 circiter
594 948 723 1056 viginti
753 976 815 1024 ser
843 949 947 1037 anni,
975 948 1022 1024 de
1047 951 1285 1054 presentibus
1311 976 1387 1030 non
1407 953 1637 1031 recordatur.
1661 957 1732 1032 Re·
1779 1024 1784 1029 .

312 1083 474 1190 quisitus
492 1082 578 1189 quis
598 1080 736 1157 modus
754 1078 876 1155 luerat
899 1094 1064 1155 servatus
1083 1080 1123 1155 in
1144 1084 1361 1188 recepcione
1382 1085 1569 1161 dictorum
1587 1085 1728 1174 trium,

313 1212 510 1319 respondit
526 1210 633 1318 quod
652 1209 736 1285 talis
755 1208 876 1315 qualis
895 1206 966 1285 fuit
986 1228 1151 1300 servatus
1168 1211 1206 1287 in
1226 1238 1288 1304 eo,
1306 1214 1466 1319 exceptis
1486 1213 1649 1320 hiisque
1674 1245 1731 1292 su-

313 1371 378 1447 pra
395 1343 487 1421 dixit
506 1343 553 1418 de
573 1367 612 1417 se
634 1341 714 1445 ipso
735 1356 920 1443 quantum
941 1339 988 1414 ad
1007 1338 1295 1446 abnegacionem
1316 1360 1353 1419 et
1372 1344 1605 1448 spuicionem
1626 1363 1663 1421 et
1678 1375 1731 1422 os

314 1472 443 1548 culum
462 1471 705 1548 inhonestum
723 1469 829 1574 quod
848 1496 926 1545 non
944 1468 1036 1545 vidit
1052 1468 1104 1544 ibi
1125 1469 1219 1546 fieri.

369 1602 586 1708 Requisitus
612 1599 641 1676 si
670 1614 882 1704 receptores
902 1614 940 1674 et
963 1598 1104 1704 recepti
1128 1599 1286 1704 predicti
1305 1618 1390 1707 post
1409 1601 1524 1680 dictas
1543 1605 1735 1709 recepci0-·

311 1759 379 1809 nes
396 1747 656 1809 remanserant
674 1728 744 1806 soli
766 1729 804 1805 in
824 1727 916 1806 locis
935 1728 974 1804 in
989 1728 1130 1834 quibus
1147 1728 1295 1807 lucrant
1313 1733 1469 1838 recepti,
1484 1733 1565 1839 ipso
1579 1750 1673 1810 teste
1695 1753 1731 1810 et

313 1861 395 1938 aliis
424 1861 601 1939 fratribus
632 1860 699 1974 qui
715 1858 932 1938 ‚adsuerant
966 1859 1245 1948 recedentibus,
1275 1862 1469 1968 respondit
1498 1864 1601 1969 quod
1633 1891 1727 1949 non,

312 1991 417 2068 inmo
437 2019 572 2068 omnes
588 1988 815 2067 recedebant
832 1988 958 2064 simul.

368 2122 479 2208 Item,
496 2120 703 2227 requisitus
721 2145 835 2224 super
854 2119 1038 2195 contentis
1053 2119 1090 2194 in
1103 2128 1136 2194 v⁰
1145 2119 1301 2196 articulo
1320 2137 1358 2195 et
1371 2146 1395 2196 x
1408 2120 1664 2227 sequentihus,
1682 2121 1729 2198 de

314 2249 644 2357 dogmatizacione,
674 2247 953 2325 conculcacione
979 2248 1108 2324 crucis'
1133 2264 1172 2324 et
1197 2265 1300 2337 cato,
1327 2250 1522 2355 respondit
1545 2279 1584 2327 se
1614 2250 1729 2326 nichil

312 2381 404 2456 scire
426 2381 497 2458 nisi
517 2380 627 2486 >quod
646 2406 758 2485 supra
779 2377 954 2483 deposuit
973 2376 1021 2453 de
1041 2405 1080 2453 se
1100 2377 1192 2483 ipso.

367 2512 485 2598 Item,
507 2509 555 2585 ad
577 2536 637 2588 xvr
661 2524 698 2583 et
722 2534 785 2584 (ιιι
810 2521 1028 2611 sequentes,
1053 2505 1100 2581 (1(
1125 2505 1364 2583 sacramentis
1388 2522 1426 2582 et
1443 2518 1626 2612 potestate
1644 2510 1731 2584 -Ma-

312 2640 437 2744 gistri,
454 2638 649 2745 respondit
668 2660 708 2715 se
729 2636 844 2714 nichil
865 2636 978 2725 scire,
1001 2635 1178 2740 adjiciens
1197 2635 1302 2741 quod
1321 2636 1399 2741 ipse
1420 2635 1595 2714 credebat
1613 2662 1731 2716 sacra-

310 2769 448 2845 mentis
471 2768 656 2853 Ecclesie,
678 2784 716 2844 et
742 2766 862 2843 credit
884 2764 989 2871 quod
1012 2764 1074 2840 alii
1093 2763 1226 2843 fratres
1245 2766 1456 2854 crederent,
1479 2782 1517 2842 et
1538 2796 1605 2872 per
1626 2768 1730 2874 signa

310 2899 559 2976 ostendebant
585 2927 624 2975 se
645 2897 818 2986 credere,
837 2924 907 2973 nec
925 2894 1091 2986 audivit,
1113 2923 1182 2971 nec
1202 2895 1321 2972 credit
1339 2896 1443 3000 quod
1466 2895 1559 3002 layci
1578 2913 1730 3001 possent

310 3028 500 3106 absolvere
520 3056 541 3105 a
559 3028 729 3134 peccatis.
818 3106 821 3111 ,

366 3159 476 3248 Item,
499 3157 753 3235 documentis
777 3156 817 3232 in
838 3181 965 3232 xxx-ru
989 3154 1186 3262 respondit
1203 3183 1242 3232 se
1263 3154 1380 3231 nichil
1399 3155 1509 3245 scire,
1531 3154 1610 3232 nisi¹
1623 3155 1729 3261 quod

311 3316 424 3394 supro
443 3286 619 3394 deposuit
638 3287 686 3363 de
705 3286 834 3363 osculo
851 3313 919 3391 per
940 3314 1028 3362 eum
1047 3285 1153 3362 lacto.

367 3421 482 3508 Item,
504 3434 678 3496 contenta
698 3417 737 3503 in
758 3443 977 3496 nunu-vnn
995 3415 1192 3522 respondit
1213 3444 1252 3492 se
1269 3415 1421 3492 credere
1441 3441 1526 3490 vera
1546 3440 1644 3502 esse,
1661 3416 1728 3491 sed

312 3549 358 3625 de
378 3549 561 3626 contentis
581 3548 620 3624 in
638 3573 792 3635 xxxvru,
813 3547 843 3623 si
863 3564 961 3624 esset
979 3547 1158 3652 suspicio,
1175 3543 1370 3651 respondit
1388 3570 1427 3620 se
1448 3541 1563 3620 nichil
1582 3542 1686 3619 scire.

364 3679 474 3769 Item,
498 3678 545 3754 ds
566 3677 750 3753 contentis
769 3676 809 3751 in
829 3703 876 3753 xc
894 3692 932 3752 et
950 3703 1010 3753 (ιι
1031 3673 1293 3781 sequentibus,
1316 3672 1363 3749 de
1388 3671 1544 3749 crimine
1569 3672 1728 3748 sodomi-

307 3806 382 3881 tico
400 3822 443 3882 et
453 3804 576 3911 ydolis
590 3822 631 3881 et
641 3805 826 3893 cordulis,
843 3805 1037 3911 respondit
1054 3833 1093 3883 se
1108 3805 1225 3883 nichil
1235 3805 1351 3894 scire,
1363 3805 1436 3881 hoc
1451 3822 1603 3911 excepto
1620 3807 1726 3910 quod

308 3936 348 4010 in
367 3934 451 4042 ejus
468 3935 686 4040 recepcione
706 3933 779 4010 fuit
803 3935 837 4009 ei
858 3935 1001 4011 dictum
1025 3935 1130 4043 quod
1154 3936 1366 4041 cingeretur
1390 3961 1468 4011 uno
1492 3935 1642 4042 cingulo
1662 3927 1724 4013 sul

307 4093 375 4170 per
393 4064 582 4142 camisiam
601 4092 708 4141 suam
730 4063 777 4141 de
797 4081 918 4142 nocte.

361 4198 473 4284 Item,
489 4196 537 4271 ((1
556 4221 644 4284 uu,
663 4220 702 4270 m
719 4211 757 4271 et
776 4220 847 4287 1111,
865 4194 912 4270 de
931 4193 1045 4270 modo
1065 4194 1310 4300 recepcionis,
1327 4193 1521 4299 respondit
1537 4212 1582 4272 ut
1598 4223 1721 4302 supra.

361 4331 471 4416 Item,
493 4328 540 4404 ad
564 4355 631 4407 mv
654 4342 693 4404 et
709 4354 760 4405 vu
780 4343 979 4436 sequentes
997 4328 1192 4434 respondit
1213 4357 1252 4405 se
1272 4328 1414 4405 nescire
1437 4328 1468 4404 si
1487 4328 1647 4408 fuissent
1665 4333 1724 4409 in-

305 4458 449 4533 terlecti
469 4457 529 4533 vel
554 4457 768 4534 incarcerati
794 4456 848 4533 illi
876 4457 941 4562 qui
965 4455 1011 4541 ,in
1036 4485 1171 4535 eorum
1194 4447 1413 4564 recepcione
1437 4459 1647 4538 noluissent
1669 4462 1720 4537 fa-

304 4614 388 4663 cere
418 4587 481 4664 illa
509 4615 584 4693 que
611 4588 786 4694 deposuit
813 4615 853 4664 se
886 4586 1034 4676 iecisse,
1067 4589 1126 4665 vel
1149 4590 1216 4696 qui
1243 4617 1287 4666 aa
1317 4588 1543 4667 revelassent
1565 4590 1722 4670 luissent

304 4718 402 4795 mole
421 4719 577 4795 tractati.

360 4850 469 4938 Item,
492 4848 540 4925 ad
564 4875 690 4939 cumr,
705 4876 782 4964 rur,
806 4876 828 4929 v
848 4865 887 4927 et
910 4875 946 4928 vs
965 4849 1161 4955 respondit
1183 4850 1287 4956 quod
1310 4848 1450 4957 absque
1468 4851 1624 4930 licencia
1643 4880 1720 4931 non

1531 4989 1586 5055 46.
