4080 6052
643 506 838 617 esoces
860 540 958 615 oss
985 468 1283 614 rsurtrunsi
1375 520 1382 531 '
1415 550 1428 636 ς
1599 542 1672 615 us

230 752 246 785 ,
256 675 382 768 Penne
389 674 519 796 Vayrie
529 688 568 762 in
581 684 765 762 cimiterio
773 683 841 760 vici
856 683 902 759 de
914 681 1173 777 Lucumdella,
1186 682 1225 757 in
1235 711 1309 787 qua
1322 698 1488 757 moratur
1496 680 1668 757 Nicolaus

260 821 307 897 de
323 819 479 907 Falesia,
496 816 562 893 ubi
579 812 845 892 detinebantur
855 838 945 889 xxur
957 806 1363 916 Templarii,·tidelicet
1380 794 1511 886 fratres
1531 807 1668 891 Johan-

257 964 323 1025 ne's
337 949 386 1025 de
400 946 574 1031 Parisius,
589 944 747 1049 Egidius
759 943 807 1019 de
822 941 1274 1039 Valencianis,·Jobannes
1295 942 1342 1016 de
1362 940 1521 1029 Pruino,
1539 938 1670 1015 Johan-

256 1106 323 1155 nes
347 1076 540 1166 de⁷Bersi,
567 1074 749 1151 Henricus
777 1073 825 1148 de
846 1071 1122 1175 Hentingentis,
1143 1072 1372 1148 bertrandus
1395 1071 1443 1148 de
1453 1069 1676 1161 Montinbi,

255 1208 294 1283 P.
324 1206 466 1294 Daties,
488 1207 607 1280 Lucas
631 1203 679 1279 de
698 1203 861 1306 Sonayo,
883 1201 1081 1308 Rogerius
1097 1201 1145 1277 de
1173 1200 1378 1291 Marseiles,
1401 1202 1510 1304 Hugo
1533 1199 1665 1292 Deilli,
1815 1196 1824 1209 ⁴

257 1338 448 1414 Jobannes
463 1335 510 1410 de
525 1332 780 1437 Compendio,
796 1329 970 1407 Clemens
983 1332 1030 1406 de
1047 1331 1195 1415 Turno,
1207 1331 1427 1434 Radulphus
1448 1330 1494 1406 de
1510 1330 1665 1436 Frenoy,

256 1467 439 1562 Therimcus
459 1465 506 1541 de
525 1461 668 1553 Remis,
697 1461 885 1538 Johannes
916 1459 963 1535 de
998 1458 1153 1545 Nivella,
1170 1460 1355 1536 *Nicolaus
1386 1461 1433 1535 de
1459 1458 1665 1546 Ambianis,

257 1595 500 1672 Constancius
512 1592 746 1680 deBissiaco,
760 1591 799 1666 P.
816 1589 1015 1694 Prepositi,
1038 1589 1226 1666 Iohannes
1242 1582 1537 1674 de'Ronaavalle,
1555 1589 1667 1667 Oddo

255 1723 290 1798 le
316 1724 530 1814 Culherier,
562 1721 737 1799 Galterus
757 1720 804 1796 de
825 1718 921 1798 Villa
946 1719 1096 1806 Sauoir,
1118 1717 1350 1795 etNicolaus
1370 1719 1418 1794 de
1442 1718 1594 1824 Boynel.
1621 1719 1670 1795 Et

255 1854 454 1958 petivimus
471 1853 583 1929 abeis
597 1849 884 1927 utrumvellent
901 1848 1066 1954 aliquem
1082 1877 1125 1923 ex
1146 1849 1199 1925 eis
1213 1848 1272 1924 rel
1286 1868 1332 1924 er
1347 1847 1428 1924 eliis
1439 1849 1667 1924 constituere

256 2001 533 2085 procuratorem
554 1982 602 2057 ad
622 1978 879 2057 defensionem
890 1980 1044 2056 ordinis.
1066 1978 1140 2071 Qui
1160 1978 1549 2084 respodderuntquod
1561 1977 1667 2054 nullo

257 2114 372 2188 modo
391 2128 669 2216 procuratorem
685 2109 852 2185 facerent
872 2109 919 2184 ad
938 2110 1026 2199 hoc,
1048 2109 1116 2184 sed
1136 2108 1304 2214 placebat
1323 2109 1376 2184 eis
1395 2123 1433 2184 et
1455 2105 1668 2213 gaudebant

257 2239 361 2345 quod
378 2238 646 2345 procederetur
658 2237 699 2312 in
713 2237 868 2340 negocio
885 2236 983 2312 bene
1002 2251 1039 2311 et
1050 2235 1167 2340 juste,
1185 2236 1416 2313 confidentes
1435 2236 1600 2313 multum
1620 2237 1667 2313 de

259 2368 439 2447 fidelitate
457 2367 644 2445 dictorum
658 2364 900 2445 dominorum
916 2363 1265 2440 commissariorum.
1279 2366 1534 2441 Protestantur
1549 2364 1596 2441 de
1611 2365 1669 2441 de·
1687 2431 1688 2434 ,

257 2499 450 2575 fendendo
463 2495 656 2584 ordinem,
670 2495 837 2572 dicentes
847 2492 953 2600 quod
965 2492 1156 2570 noluntud
1168 2520 1323 2597 presens
1331 2493 1479 2569 mittere
1490 2491 1665 2596 ediquem,

257 2628 325 2704 sed
339 2625 500 2732 quilibet
517 2624 598 2700 vult
610 2622 736 2699 venire
755 2622 825 2727 per
844 2623 952 2698 sead
971 2619 1229 2711 defensionem
1248 2622 1391 2698 ordinis
1405 2621 1590 2699 antedicti.
1639 2704 1644 2714 ,

311 2757 400 2833 Acta
422 2755 578 2831 fuerunt
601 2753 671 2829 bec
690 2752 869 2857 predictis
893 2751 954 2827 die
976 2767 1018 2826 et-
1031 2750 1140 2840 locis,
1160 2751 1397 2856 presentibus
1416 2752 1514 2828 dicto
1534 2752 1667 2858 magis·

257 2905 317 2964 tro
331 2864 491 2972 dmisio,
510 2911 572 2960 me
592 2881 844 2958 Floriamonte
856 2879 1074 2968 Dondedei,
1090 2896 1130 2956 et
1142 2879 1224 2958 aliis
1236 2881 1388 2975 notariis
1402 2910 1513 2987 supra
1526 2881 1666 2958 ultimo

257 3031 467 3093 nominatis.
1503 3035 1505 3039 ’

314 3276 403 3350 Post
413 3275 504 3363 -bec,
527 3275 588 3352 die
607 3274 802 3353 Dominica
819 3274 1006 3379 sequenti,
1027 3274 1255 3356 endeticas
1274 3275 1334 3351 die
1354 3275 1493 3352 mensis
1512 3274 1663 3380 Aprilis,

259 3405 478 3481 accessimus
497 3406 545 3482 ad
570 3406 728 3482 domum
754 3403 948 3482 Guillelmi
974 3404 1020 3481 de
1050 3404 1238 3481 Domonte
1269 3404 1308 3479 in
1336 3407 1416 3481 vico
1437 3420 1532 3481 nov'o
1556 3405 1665 3481 Beate
1778 3426 1782 3431 ·

258 3533 392 3620 Maris,
415 3531 481 3610 ubi
505 3532 729 3610 tenebantur
752 3532 846 3638 capti
875 3547 954 3609 ηιιοἳ
978 3532 1200 3638 Templarii,
1226 3562 1269 3609 ex
1293 3532 1454 3641 illisqui
1480 3533 1576 3610 dicta
1605 3533 1665 3610 die

258 3661 381 3738 Sabati
397 3661 642 3739 interfuerant
657 3662 695 3737 in
709 3661 852 3768 prefato
862 3662 1038 3739 viridario
1054 3662 1143 3739 dicti
1160 3663 1303 3739 domini
1315 3662 1477 3770 episcopi
1491 3663 1668 3739 Parisien·
1762 3726 1766 3735 ,

257 3791 328 3874 sis,
360 3789 538 3866 videlicet⁴
560 3791 690 3867 fratres
716 3791 902 3869 Robertus
937 3792 1000 3868 de
1016 3792 1220 3870 Dormellis
1254 3793 1454 3900 presbiter,
1482 3793 1667 3869 Robertus

257 3921 286 3993 F
288 3917 466 4024 lamengi,
483 3919 671 3995 Johannes
685 3920 733 3996 de
747 3922 918 3998 Rossiaco
933 3938 971 3997 et
983 3922 1170 3999 Robertus
1185 3909 1233 3999 de
1247 3922 1478 3999 Amblavilla.
1492 3923 1566 4015 Qui
1579 3920 1664 4027 [per]

259 4075 329 4126 nos
343 4046 525 4152 requisiti,
544 4063 589 4122 ut
604 4046 666 4122 alii
686 4076 813 4153 supra,
827 4050 1103 4154 responderunt
1119 4052 1240 4156 quod,
1255 4053 1286 4128 si
1306 4051 1367 4127 alii
1384 4051 1514 4127 fratres
1530 4049 1668 4127 vellent

259 4179 377 4255 facere
401 4193 660 4282 procuratores
677 4179 725 4254 ad
742 4177 999 4257 defensionem
1024 4182 1112 4258 dicti
1135 4182 1295 4267 ordinis,
1317 4201 1356 4259 et
1380 4183 1450 4288 ipsi
1473 4182 1604 4261 volunt
1628 4184 1665 4260 in

259 4308 377 4397 bono,
391 4308 422 4384 si
442 4306 503 4383 alii
518 4306 638 4384 facere
657 4307 811 4396 nolunt,
832 4309 902 4415 ipsi
914 4310 1086 4388 similiter
1100 4309 1260 4388 nollunt.

316 4438 426 4524 Item,
444 4438 613 4543 requisiti
636 4467 733 4546 quos
748 4438 888 4517 vellent
904 4440 1024 4518 facere
1048 4459 1323 4548 procuratores,
1350 4443 1380 4520 si
1404 4444 1465 4520 alii
1489 4443 1665 4535 facerent,

260 4567 535 4671 responderunt
551 4568 656 4674 quod
679 4567 810 4647 fratres
834 4571 1069 4678 Reynaldum
1090 4574 1138 4650 de
1152 4573 1301 4650 Pruino
1319 4589 1359 4650 et
1376 4576 1414 4650 P.
1436 4575 1484 4652 de
1502 4574 1670 4652 Bononia
1815 4567 1817 4572 ’

260 4694 465 4800 predictos,
486 4714 522 4772 et
540 4713 664 4773 retum
683 4698 866 4775 haberent
881 4716 919 4777 et
929 4699 1083 4778 firmum
1102 4704 1207 4808 quod
1221 4703 1260 4779 in
1273 4704 1462 4810 premissis
1473 4703 1582 4781 fieret
1603 4732 1671 4811 per

262 4824 464 4928 predictos,
487 4826 516 4902 si
529 4826 590 4902 alii
610 4825 740 4905 fratres
761 4846 884 4906 ratum
903 4829 1100 4922 haberent,
1126 4834 1292 4911 dieentes
1314 4837 1418 4941 quod
1435 4863 1512 4913 non
1530 4829 1672 4913 bahent

346 4958 515 5024 rsoedsrrs
527 4981 778 5026 rurenses—r.
1504 4991 1544 5032 so
