<?xml version="1.0" encoding="UTF-8"?>
<!DOCTYPE html PUBLIC "-//W3C//DTD XHTML 1.0 Transitional//EN"
    "http://www.w3.org/TR/xhtml1/DTD/xhtml1-transitional.dtd">
<html xmlns="http://www.w3.org/1999/xhtml" xml:lang="en" lang="en">
 <head>
  <title>
</title>
<meta http-equiv="Content-Type" content="text/html;charset=utf-8" />
  <meta name='ocr-system' content='tesseract 3.04.00' />
  <meta name='ocr-capabilities' content='ocr_page ocr_carea ocr_par ocr_line ocrx_word'/>
</head>
<body>
  <div class='ocr_page' id='page_1' title='image "./procsdestemplie02defegoog_0523.png"; bbox 0 0 4080 6052; ppageno 0'>
   <div class='ocr_carea' id='block_1_1' title="bbox 456 548 1485 661">
    <p class='ocr_par' dir='ltr' id='par_1_1' title="bbox 456 548 1485 661">
     <span class='ocr_line' id='line_1_1' title="bbox 456 548 1485 661; baseline 0.005 -23"><span class='ocrx_word' id='word_1_1' title='bbox 456 548 651 661; x_wconf 74' lang='lat' dir='ltr'><strong>recens</strong></span> <span class='ocrx_word' id='word_1_2' title='bbox 675 567 770 640; x_wconf 80' lang='lat' dir='ltr'><strong>nes</strong></span> <span class='ocrx_word' id='word_1_3' title='bbox 797 566 1097 643; x_wconf 80' lang='lat' dir='ltr'><strong>rsurmnns.</strong></span> <span class='ocrx_word' id='word_1_4' title='bbox 1412 571 1485 643; x_wconf 81' lang='lat'><strong>505</strong></span> 
     </span>
    </p>
   </div>
   <div class='ocr_carea' id='block_1_2' title="bbox 60 706 1504 4854">
    <p class='ocr_par' dir='ltr' id='par_1_2' title="bbox 61 706 1490 3007">
     <span class='ocr_line' id='line_1_2' title="bbox 71 706 1488 815; baseline 0.004 -33"><span class='ocrx_word' id='word_1_5' title='bbox 71 735 205 794; x_wconf 88' lang='lat' dir='ltr'><strong>manu,</strong></span> <span class='ocrx_word' id='word_1_6' title='bbox 230 723 267 783; x_wconf 88' lang='lat' dir='ltr'><strong>et</strong></span> <span class='ocrx_word' id='word_1_7' title='bbox 284 706 365 812; x_wconf 88' lang='lat' dir='ltr'><strong>ipse</strong></span> <span class='ocrx_word' id='word_1_8' title='bbox 387 709 488 813; x_wconf 81' lang='lat' dir='ltr'><strong>spuit</strong></span> <span class='ocrx_word' id='word_1_9' title='bbox 511 737 588 786; x_wconf 92' lang='lat' dir='ltr'><strong>non</strong></span> <span class='ocrx_word' id='word_1_10' title='bbox 606 735 717 814; x_wconf 89' lang='lat' dir='ltr'><strong>super</strong></span> <span class='ocrx_word' id='word_1_11' title='bbox 735 706 802 783; x_wconf 88' lang='lat' dir='ltr'><strong>sed</strong></span> <span class='ocrx_word' id='word_1_12' title='bbox 815 708 920 815; x_wconf 78' lang='lat' dir='ltr'><strong>juxta</strong></span> <span class='ocrx_word' id='word_1_13' title='bbox 939 736 1033 786; x_wconf 52' lang='lat' dir='ltr'><strong>cem,</strong></span> <span class='ocrx_word' id='word_1_14' title='bbox 1055 709 1133 787; x_wconf 87' lang='lat' dir='ltr'><strong>Sed</strong></span> <span class='ocrx_word' id='word_1_15' title='bbox 1154 707 1201 784; x_wconf 89' lang='lat' dir='ltr'><strong>de</strong></span> <span class='ocrx_word' id='word_1_16' title='bbox 1222 707 1359 784; x_wconf 89' lang='lat' dir='ltr'><strong>osculis</strong></span> <span class='ocrx_word' id='word_1_17' title='bbox 1378 709 1488 786; x_wconf 91' lang='lat' dir='ltr'><strong>inho·</strong></span> 
     </span>
     <span class='ocr_line' id='line_1_3' title="bbox 69 834 1486 943; baseline 0.004 -33"><span class='ocrx_word' id='word_1_18' title='bbox 69 836 184 913; x_wconf 84' lang='lat' dir='ltr'><strong>neatis</strong></span> <span class='ocrx_word' id='word_1_19' title='bbox 199 834 257 914; x_wconf 81' lang='lat' dir='ltr'><strong>vel</strong></span> <span class='ocrx_word' id='word_1_20' title='bbox 272 836 749 916; x_wconf 87' lang='lat' dir='ltr'><strong>crimine.sodomitico·vel</strong></span> <span class='ocrx_word' id='word_1_21' title='bbox 768 835 894 943; x_wconf 81' lang='lat' dir='ltr'><strong>aliquo</strong></span> <span class='ocrx_word' id='word_1_22' title='bbox 913 839 986 917; x_wconf 90' lang='lat' dir='ltr'><strong>alio</strong></span> <span class='ocrx_word' id='word_1_23' title='bbox 1004 834 1135 916; x_wconf 89' lang='lat' dir='ltr'><strong>illicito</strong></span> <span class='ocrx_word' id='word_1_24' title='bbox 1156 866 1234 914; x_wconf 90' lang='lat' dir='ltr'><strong>non</strong></span> <span class='ocrx_word' id='word_1_25' title='bbox 1251 836 1322 914; x_wconf 84' lang='lat' dir='ltr'><strong>fuit</strong></span> <span class='ocrx_word' id='word_1_26' title='bbox 1338 838 1486 915; x_wconf 91' lang='lat' dir='ltr'><strong>locutus</strong></span> 
     </span>
     <span class='ocr_line' id='line_1_4' title="bbox 69 964 1487 1076; baseline 0.004 -37"><span class='ocrx_word' id='word_1_27' title='bbox 69 964 298 1055; x_wconf 59' lang='lat' dir='ltr'><strong>eidem,¹nec</strong></span> <span class='ocrx_word' id='word_1_28' title='bbox 315 968 433 1046; x_wconf 85' lang='lat' dir='ltr'><strong>credit</strong></span> <span class='ocrx_word' id='word_1_29' title='bbox 445 969 550 1076; x_wconf 80' lang='lat' dir='ltr'><strong>quod</strong></span> <span class='ocrx_word' id='word_1_30' title='bbox 568 970 735 1075; x_wconf 84' lang='lat' dir='ltr'><strong>predicta</strong></span> <span class='ocrx_word' id='word_1_31' title='bbox 752 968 879 1046; x_wconf 89' lang='lat' dir='ltr'><strong>oscula</strong></span> <span class='ocrx_word' id='word_1_32' title='bbox 894 967 1023 1046; x_wconf 85' lang='lat' dir='ltr'><strong>illicita</strong></span> <span class='ocrx_word' id='word_1_33' title='bbox 1038 968 1193 1056; x_wconf 88' lang='lat' dir='ltr'><strong>fierent,</strong></span> <span class='ocrx_word' id='word_1_34' title='bbox 1219 977 1290 1045; x_wconf 84' lang='lat' dir='ltr'><strong>nec</strong></span> <span class='ocrx_word' id='word_1_35' title='bbox 1307 968 1412 1073; x_wconf 92' lang='lat' dir='ltr'><strong>quod</strong></span> <span class='ocrx_word' id='word_1_36' title='bbox 1435 969 1487 1045; x_wconf 90' lang='lat' dir='ltr'><strong>di·</strong></span> 
     </span>
     <span class='ocr_line' id='line_1_5' title="bbox 67 1096 1483 1205; baseline 0.005 -35"><span class='ocrx_word' id='word_1_37' title='bbox 67 1113 167 1172; x_wconf 89' lang='lat' dir='ltr'><strong>ctum</strong></span> <span class='ocrx_word' id='word_1_38' title='bbox 189 1096 456 1175; x_wconf 89' lang='lat' dir='ltr'><strong>sodomiticum</strong></span> <span class='ocrx_word' id='word_1_39' title='bbox 470 1099 978 1205; x_wconf 59' lang='lat' dir='ltr'><strong>peccatum‘committeretur</strong></span> <span class='ocrx_word' id='word_1_40' title='bbox 999 1100 1039 1176; x_wconf 92' lang='lat' dir='ltr'><strong>in</strong></span> <span class='ocrx_word' id='word_1_41' title='bbox 1053 1100 1207 1190; x_wconf 86' lang='lat' dir='ltr'><strong>ordine;</strong></span> <span class='ocrx_word' id='word_1_42' title='bbox 1231 1127 1301 1176; x_wconf 90' lang='lat' dir='ltr'><strong>nec</strong></span> <span class='ocrx_word' id='word_1_43' title='bbox 1322 1097 1392 1174; x_wconf 84' lang='lat' dir='ltr'><strong>alia</strong></span> <span class='ocrx_word' id='word_1_44' title='bbox 1414 1100 1483 1177; x_wconf 87' lang='lat' dir='ltr'><strong>scit</strong></span> 
     </span>
     <span class='ocr_line' id='line_1_6' title="bbox 66 1226 1479 1335; baseline 0.003 -34"><span class='ocrx_word' id='word_1_45' title='bbox 66 1226 113 1302; x_wconf 88' lang='lat' dir='ltr'><strong>de</strong></span> <span class='ocrx_word' id='word_1_46' title='bbox 125 1227 311 1305; x_wconf 88' lang='lat' dir='ltr'><strong>contentis</strong></span> <span class='ocrx_word' id='word_1_47' title='bbox 321 1228 360 1303; x_wconf 92' lang='lat' dir='ltr'><strong>in</strong></span> <span class='ocrx_word' id='word_1_48' title='bbox 370 1254 432 1305; x_wconf 76' lang='lat' dir='ltr'><strong>xus</strong></span> <span class='ocrx_word' id='word_1_49' title='bbox 444 1229 610 1307; x_wconf 78' lang='lat' dir='ltr'><strong>articulis</strong></span> <span class='ocrx_word' id='word_1_50' title='bbox 626 1228 859 1335; x_wconf 84' lang='lat' dir='ltr'><strong>supradictis.</strong></span> <span class='ocrx_word' id='word_1_51' title='bbox 873 1230 1090 1335; x_wconf 86' lang='lat' dir='ltr'><strong>Requisitus</strong></span> <span class='ocrx_word' id='word_1_52' title='bbox 1109 1230 1140 1306; x_wconf 89' lang='lat' dir='ltr'><strong>si</strong></span> <span class='ocrx_word' id='word_1_53' title='bbox 1159 1228 1279 1305; x_wconf 84' lang='lat' dir='ltr'><strong>credit</strong></span> <span class='ocrx_word' id='word_1_54' title='bbox 1295 1229 1399 1333; x_wconf 91' lang='lat' dir='ltr'><strong>quod</strong></span> <span class='ocrx_word' id='word_1_55' title='bbox 1416 1229 1479 1305; x_wconf 89' lang='lat' dir='ltr'><strong>alii</strong></span> 
     </span>
     <span class='ocr_line' id='line_1_7' title="bbox 66 1357 1490 1464; baseline 0.004 -32"><span class='ocrx_word' id='word_1_56' title='bbox 66 1357 323 1463; x_wconf 65' lang='lat' dir='ltr'><strong>reciperentur⁴</strong></span> <span class='ocrx_word' id='word_1_57' title='bbox 337 1360 647 1436; x_wconf 89' lang='lat' dir='ltr'><strong>communiterin</strong></span> <span class='ocrx_word' id='word_1_58' title='bbox 667 1360 821 1447; x_wconf 84' lang='lat' dir='ltr'><strong>ordine,</strong></span> <span class='ocrx_word' id='word_1_59' title='bbox 841 1361 938 1437; x_wconf 88' lang='lat' dir='ltr'><strong>sicut</strong></span> <span class='ocrx_word' id='word_1_60' title='bbox 957 1361 1036 1464; x_wconf 85' lang='lat' dir='ltr'><strong>ipse</strong></span> <span class='ocrx_word' id='word_1_61' title='bbox 1055 1358 1128 1436; x_wconf 82' lang='lat' dir='ltr'><strong>fuit</strong></span> <span class='ocrx_word' id='word_1_62' title='bbox 1146 1374 1334 1463; x_wconf 87' lang='lat' dir='ltr'><strong>receptus,</strong></span> <span class='ocrx_word' id='word_1_63' title='bbox 1351 1362 1490 1463; x_wconf 58' lang='lat' dir='ltr'><strong>quoad&gt;</strong></span> 
     </span>
     <span class='ocr_line' id='line_1_8' title="bbox 66 1486 1479 1593; baseline 0.003 -32"><span class='ocrx_word' id='word_1_64' title='bbox 66 1486 163 1564; x_wconf 87' lang='lat' dir='ltr'><strong>dicte</strong></span> <span class='ocrx_word' id='word_1_65' title='bbox 175 1486 316 1576; x_wconf 86' lang='lat' dir='ltr'><strong>illicita,</strong></span> <span class='ocrx_word' id='word_1_66' title='bbox 336 1488 532 1593; x_wconf 85' lang='lat' dir='ltr'><strong>respondit</strong></span> <span class='ocrx_word' id='word_1_67' title='bbox 542 1489 647 1592; x_wconf 91' lang='lat' dir='ltr'><strong>quod</strong></span> <span class='ocrx_word' id='word_1_68' title='bbox 663 1517 758 1576; x_wconf 93' lang='lat' dir='ltr'><strong>non,</strong></span> <span class='ocrx_word' id='word_1_69' title='bbox 775 1489 862 1592; x_wconf 90' lang='lat' dir='ltr'><strong>quia</strong></span> <span class='ocrx_word' id='word_1_70' title='bbox 874 1516 950 1564; x_wconf 91' lang='lat' dir='ltr'><strong>non</strong></span> <span class='ocrx_word' id='word_1_71' title='bbox 962 1487 1195 1564; x_wconf 88' lang='lat' dir='ltr'><strong>videratfieri</strong></span> <span class='ocrx_word' id='word_1_72' title='bbox 1209 1514 1278 1563; x_wconf 87' lang='lat' dir='ltr'><strong>nec</strong></span> <span class='ocrx_word' id='word_1_73' title='bbox 1289 1486 1479 1565; x_wconf 86' lang='lat' dir='ltr'><strong>audiverat</strong></span> 
     </span>
     <span class='ocr_line' id='line_1_9' title="bbox 66 1615 1477 1724; baseline 0.002 -31"><span class='ocrx_word' id='word_1_74' title='bbox 66 1616 138 1693; x_wconf 91' lang='lat' dir='ltr'><strong>dici</strong></span> <span class='ocrx_word' id='word_1_75' title='bbox 162 1618 266 1721; x_wconf 92' lang='lat' dir='ltr'><strong>quod</strong></span> <span class='ocrx_word' id='word_1_76' title='bbox 293 1615 447 1708; x_wconf 80' lang='lat' dir='ltr'><strong>fierent3</strong></span> <span class='ocrx_word' id='word_1_77' title='bbox 475 1634 513 1693; x_wconf 90' lang='lat' dir='ltr'><strong>et</strong></span> <span class='ocrx_word' id='word_1_78' title='bbox 536 1634 664 1694; x_wconf 87' lang='lat' dir='ltr'><strong>tamen</strong></span> <span class='ocrx_word' id='word_1_79' title='bbox 683 1617 961 1722; x_wconf 83' lang='lat' dir='ltr'><strong>videratrecipi</strong></span> <span class='ocrx_word' id='word_1_80' title='bbox 979 1617 1132 1694; x_wconf 83' lang='lat' dir='ltr'><strong>fratrem</strong></span> <span class='ocrx_word' id='word_1_81' title='bbox 1153 1617 1349 1703; x_wconf 82' lang='lat' dir='ltr'><strong>Amicum,</strong></span> <span class='ocrx_word' id='word_1_82' title='bbox 1372 1618 1477 1724; x_wconf 89' lang='lat' dir='ltr'><strong>cujus</strong></span> 
     </span>
     <span class='ocr_line' id='line_1_10' title="bbox 64 1746 1482 1856; baseline 0 -32"><span class='ocrx_word' id='word_1_83' title='bbox 64 1774 272 1856; x_wconf 89' lang='lat' dir='ltr'><strong>cognomen</strong></span> <span class='ocrx_word' id='word_1_84' title='bbox 284 1748 446 1856; x_wconf 88' lang='lat' dir='ltr'><strong>ignorat,</strong></span> <span class='ocrx_word' id='word_1_85' title='bbox 459 1748 684 1856; x_wconf 85' lang='lat' dir='ltr'><strong>clavigerum</strong></span> <span class='ocrx_word' id='word_1_86' title='bbox 701 1766 793 1824; x_wconf 88' lang='lat' dir='ltr'><strong>tunc</strong></span> <span class='ocrx_word' id='word_1_87' title='bbox 805 1747 943 1824; x_wconf 89' lang='lat' dir='ltr'><strong>domus</strong></span> <span class='ocrx_word' id='word_1_88' title='bbox 956 1746 1106 1852; x_wconf 90' lang='lat' dir='ltr'><strong>Templi</strong></span> <span class='ocrx_word' id='word_1_89' title='bbox 1123 1747 1332 1832; x_wconf 87' lang='lat' dir='ltr'><strong>Remensis,</strong></span> <span class='ocrx_word' id='word_1_90' title='bbox 1360 1748 1399 1822; x_wconf 93' lang='lat' dir='ltr'><strong>in</strong></span> <span class='ocrx_word' id='word_1_91' title='bbox 1425 1778 1482 1824; x_wconf 88' lang='lat' dir='ltr'><strong>ca-</strong></span> 
     </span>
     <span class='ocr_line' id='line_1_11' title="bbox 62 1875 1477 1984; baseline 0 -31"><span class='ocrx_word' id='word_1_92' title='bbox 62 1877 160 1981; x_wconf 93' lang='lat' dir='ltr'><strong>pella</strong></span> <span class='ocrx_word' id='word_1_93' title='bbox 173 1878 270 1955; x_wconf 90' lang='lat' dir='ltr'><strong>dicte</strong></span> <span class='ocrx_word' id='word_1_94' title='bbox 283 1878 433 1965; x_wconf 89' lang='lat' dir='ltr'><strong>domus,</strong></span> <span class='ocrx_word' id='word_1_95' title='bbox 449 1907 516 1984; x_wconf 90' lang='lat' dir='ltr'><strong>per</strong></span> <span class='ocrx_word' id='word_1_96' title='bbox 531 1878 902 1954; x_wconf 81' lang='lat' dir='ltr'><strong>fratrcmlohannem</strong></span> <span class='ocrx_word' id='word_1_97' title='bbox 914 1875 1105 1983; x_wconf 66' lang='lat' dir='ltr'><strong>leVerjus</strong></span> <span class='ocrx_word' id='word_1_98' title='bbox 1119 1876 1272 1952; x_wconf 82' lang='lat' dir='ltr'><strong>fratrem</strong></span> <span class='ocrx_word' id='word_1_99' title='bbox 1285 1877 1477 1982; x_wconf 90' lang='lat' dir='ltr'><strong>quondam</strong></span> 
     </span>
     <span class='ocr_line' id='line_1_12' title="bbox 63 2005 1475 2113; baseline 0 -29"><span class='ocrx_word' id='word_1_100' title='bbox 63 2007 233 2113; x_wconf 89' lang='lat' dir='ltr'><strong>ejusdem</strong></span> <span class='ocrx_word' id='word_1_101' title='bbox 260 2009 384 2095; x_wconf 87' lang='lat' dir='ltr'><strong>testis,</strong></span> <span class='ocrx_word' id='word_1_102' title='bbox 403 2025 494 2084; x_wconf 88' lang='lat' dir='ltr'><strong>sunt</strong></span> <span class='ocrx_word' id='word_1_103' title='bbox 512 2035 559 2084; x_wconf 83' lang='lat' dir='ltr'><strong>xx</strong></span> <span class='ocrx_word' id='word_1_104' title='bbox 578 2006 666 2082; x_wconf 91' lang='lat' dir='ltr'><strong>anni</strong></span> <span class='ocrx_word' id='word_1_105' title='bbox 685 2006 744 2082; x_wconf 86' lang='lat' dir='ltr'><strong>vel</strong></span> <span class='ocrx_word' id='word_1_106' title='bbox 765 2006 878 2093; x_wconf 88' lang='lat' dir='ltr'><strong>circa,</strong></span> <span class='ocrx_word' id='word_1_107' title='bbox 899 2023 1073 2112; x_wconf 74' lang='lat' dir='ltr'><strong>presente</strong></span> <span class='ocrx_word' id='word_1_108' title='bbox 1091 2006 1201 2085; x_wconf 86' lang='lat' dir='ltr'><strong>fratre</strong></span> <span class='ocrx_word' id='word_1_109' title='bbox 1222 2005 1408 2083; x_wconf 88' lang='lat' dir='ltr'><strong>Richardo</strong></span> <span class='ocrx_word' id='word_1_110' title='bbox 1428 2009 1475 2084; x_wconf 88' lang='lat' dir='ltr'><strong>de</strong></span> 
     </span>
     <span class='ocr_line' id='line_1_13' title="bbox 62 2136 1475 2246; baseline 0.001 -34"><span class='ocrx_word' id='word_1_111' title='bbox 62 2138 188 2216; x_wconf 86' lang='lat' dir='ltr'><strong>Remis</strong></span> <span class='ocrx_word' id='word_1_112' title='bbox 202 2140 417 2246; x_wconf 83' lang='lat' dir='ltr'><strong>presbytero</strong></span> <span class='ocrx_word' id='word_1_113' title='bbox 433 2139 532 2214; x_wconf 88' lang='lat' dir='ltr'><strong>dicte</strong></span> <span class='ocrx_word' id='word_1_114' title='bbox 546 2139 699 2224; x_wconf 90' lang='lat' dir='ltr'><strong>domus,</strong></span> <span class='ocrx_word' id='word_1_115' title='bbox 714 2152 876 2214; x_wconf 89' lang='lat' dir='ltr'><strong>mortuo.</strong></span> <span class='ocrx_word' id='word_1_116' title='bbox 886 2136 1041 2215; x_wconf 80' lang='lat' dir='ltr'><strong>Viderat</strong></span> <span class='ocrx_word' id='word_1_117' title='bbox 1058 2138 1175 2214; x_wconf 85' lang='lat' dir='ltr'><strong>eciam</strong></span> <span class='ocrx_word' id='word_1_118' title='bbox 1189 2139 1305 2243; x_wconf 85' lang='lat' dir='ltr'><strong>recipi</strong></span> <span class='ocrx_word' id='word_1_119' title='bbox 1322 2137 1475 2215; x_wconf 79' lang='lat' dir='ltr'><strong>fratrem</strong></span> 
     </span>
     <span class='ocr_line' id='line_1_14' title="bbox 61 2266 1478 2376; baseline 0.003 -35"><span class='ocrx_word' id='word_1_120' title='bbox 61 2267 270 2345; x_wconf 90' lang='lat' dir='ltr'><strong>Johannem</strong></span> <span class='ocrx_word' id='word_1_121' title='bbox 290 2267 518 2375; x_wconf 82' lang='lat' dir='ltr'><strong>Agricolam,</strong></span> <span class='ocrx_word' id='word_1_122' title='bbox 543 2269 648 2374; x_wconf 89' lang='lat' dir='ltr'><strong>cujus</strong></span> <span class='ocrx_word' id='word_1_123' title='bbox 669 2293 879 2374; x_wconf 85' lang='lat' dir='ltr'><strong>cognomen</strong></span> <span class='ocrx_word' id='word_1_124' title='bbox 906 2266 1068 2376; x_wconf 85' lang='lat' dir='ltr'><strong>ignorat,</strong></span> <span class='ocrx_word' id='word_1_125' title='bbox 1096 2268 1288 2372; x_wconf 88' lang='lat' dir='ltr'><strong>quondam</strong></span> <span class='ocrx_word' id='word_1_126' title='bbox 1312 2297 1380 2372; x_wconf 88' lang='lat' dir='ltr'><strong>per</strong></span> <span class='ocrx_word' id='word_1_127' title='bbox 1406 2269 1478 2345; x_wconf 82' lang='lat' dir='ltr'><strong>lra-</strong></span> 
     </span>
     <span class='ocr_line' id='line_1_15' title="bbox 62 2396 1478 2504; baseline 0.003 -32"><span class='ocrx_word' id='word_1_128' title='bbox 62 2415 160 2473; x_wconf 88' lang='lat' dir='ltr'><strong>trem</strong></span> <span class='ocrx_word' id='word_1_129' title='bbox 186 2397 466 2488; x_wconf 85' lang='lat' dir='ltr'><strong>Godolredum,</strong></span> <span class='ocrx_word' id='word_1_130' title='bbox 485 2416 575 2475; x_wconf 91' lang='lat' dir='ltr'><strong>tunc</strong></span> <span class='ocrx_word' id='word_1_131' title='bbox 591 2413 852 2504; x_wconf 88' lang='lat' dir='ltr'><strong>preceptorem</strong></span> <span class='ocrx_word' id='word_1_132' title='bbox 875 2396 976 2482; x_wconf 90' lang='lat' dir='ltr'><strong>Brie,</strong></span> <span class='ocrx_word' id='word_1_133' title='bbox 1002 2398 1041 2472; x_wconf 92' lang='lat' dir='ltr'><strong>in</strong></span> <span class='ocrx_word' id='word_1_134' title='bbox 1059 2396 1200 2501; x_wconf 88' lang='lat' dir='ltr'><strong>capella</strong></span> <span class='ocrx_word' id='word_1_135' title='bbox 1219 2397 1317 2474; x_wconf 90' lang='lat' dir='ltr'><strong>dicte</strong></span> <span class='ocrx_word' id='word_1_136' title='bbox 1341 2398 1478 2476; x_wconf 88' lang='lat' dir='ltr'><strong>domus</strong></span> 
     </span>
     <span class='ocr_line' id='line_1_16' title="bbox 63 2525 1476 2635; baseline 0 -32"><span class='ocrx_word' id='word_1_137' title='bbox 63 2528 110 2603; x_wconf 89' lang='lat' dir='ltr'><strong>de</strong></span> <span class='ocrx_word' id='word_1_138' title='bbox 123 2528 363 2617; x_wconf 78' lang='lat' dir='ltr'><strong>Golo&#39;meriis,</strong></span> <span class='ocrx_word' id='word_1_139' title='bbox 379 2545 468 2605; x_wconf 89' lang='lat' dir='ltr'><strong>sunt</strong></span> <span class='ocrx_word' id='word_1_140' title='bbox 489 2529 625 2635; x_wconf 86' lang='lat' dir='ltr'><strong>vigenti</strong></span> <span class='ocrx_word' id='word_1_141' title='bbox 644 2528 750 2615; x_wconf 88' lang='lat' dir='ltr'><strong>anni,</strong></span> <span class='ocrx_word' id='word_1_142' title='bbox 767 2526 826 2604; x_wconf 87' lang='lat' dir='ltr'><strong>vel</strong></span> <span class='ocrx_word' id='word_1_143' title='bbox 848 2528 959 2618; x_wconf 86' lang='lat' dir='ltr'><strong>circa,</strong></span> <span class='ocrx_word' id='word_1_144' title='bbox 981 2525 1220 2632; x_wconf 86' lang='lat' dir='ltr'><strong>presentibus</strong></span> <span class='ocrx_word' id='word_1_145' title='bbox 1240 2525 1341 2604; x_wconf 92' lang='lat' dir='ltr'><strong>dicto</strong></span> <span class='ocrx_word' id='word_1_146' title='bbox 1363 2526 1476 2603; x_wconf 80' lang='lat' dir='ltr'><strong>fratre</strong></span> 
     </span>
     <span class='ocr_line' id='line_1_17' title="bbox 62 2642 1481 2765; baseline -0.001 -31"><span class='ocrx_word' id='word_1_147' title='bbox 62 2657 228 2735; x_wconf 86' lang='lat' dir='ltr'><strong>Roherto</strong></span> <span class='ocrx_word' id='word_1_148' title='bbox 240 2661 269 2734; x_wconf 88' lang='lat' dir='ltr'>F</span> <span class='ocrx_word' id='word_1_149' title='bbox 270 2659 394 2736; x_wconf 90' lang='lat' dir='ltr'><strong>risone</strong></span> <span class='ocrx_word' id='word_1_150' title='bbox 412 2674 450 2736; x_wconf 86' lang='lat' dir='ltr'><strong>et</strong></span> <span class='ocrx_word' id='word_1_151' title='bbox 465 2642 667 2737; x_wconf 81' lang='lat' dir='ltr'><strong>lamberto</strong></span> <span class='ocrx_word' id='word_1_152' title='bbox 681 2656 868 2765; x_wconf 78' lang='lat' dir='ltr'><strong>Agricola,</strong></span> <span class='ocrx_word' id='word_1_153' title='bbox 891 2657 1102 2734; x_wconf 83' lang='lat' dir='ltr'><strong>deffunctis&#39;.</strong></span> <span class='ocrx_word' id='word_1_154' title='bbox 1120 2657 1163 2733; x_wconf 93' lang='lat' dir='ltr'><strong>ln</strong></span> <span class='ocrx_word' id='word_1_155' title='bbox 1180 2685 1345 2763; x_wconf 87' lang='lat' dir='ltr'><strong>quorum</strong></span> <span class='ocrx_word' id='word_1_156' title='bbox 1358 2684 1481 2764; x_wconf 83' lang='lat' dir='ltr'><strong>recep</strong></span> 
     </span>
     <span class='ocr_line' id='line_1_18' title="bbox 62 2786 1478 2894; baseline 0 -31"><span class='ocrx_word' id='word_1_157' title='bbox 62 2788 234 2865; x_wconf 87' lang='lat' dir='ltr'><strong>cionibus</strong></span> <span class='ocrx_word' id='word_1_158' title='bbox 263 2788 379 2865; x_wconf 90' lang='lat' dir='ltr'><strong>nichil</strong></span> <span class='ocrx_word' id='word_1_159' title='bbox 404 2787 476 2865; x_wconf 86' lang='lat' dir='ltr'><strong>luit</strong></span> <span class='ocrx_word' id='word_1_160' title='bbox 502 2787 642 2865; x_wconf 86' lang='lat' dir='ltr'><strong>sactum</strong></span> <span class='ocrx_word' id='word_1_161' title='bbox 663 2787 839 2865; x_wconf 90' lang='lat' dir='ltr'><strong>illicitum</strong></span> <span class='ocrx_word' id='word_1_162' title='bbox 868 2815 938 2864; x_wconf 87' lang='lat' dir='ltr'><strong>nec</strong></span> <span class='ocrx_word' id='word_1_163' title='bbox 966 2804 1066 2894; x_wconf 81' lang='lat' dir='ltr'><strong>post,</strong></span> <span class='ocrx_word' id='word_1_164' title='bbox 1094 2786 1195 2894; x_wconf 92' lang='lat' dir='ltr'><strong>quod</strong></span> <span class='ocrx_word' id='word_1_165' title='bbox 1218 2787 1296 2893; x_wconf 91' lang='lat' dir='ltr'><strong>ipse</strong></span> <span class='ocrx_word' id='word_1_166' title='bbox 1313 2786 1402 2864; x_wconf 86' lang='lat' dir='ltr'><strong>sciet</strong></span> <span class='ocrx_word' id='word_1_167' title='bbox 1418 2789 1478 2864; x_wconf 85' lang='lat' dir='ltr'><strong>vel</strong></span> 
     </span>
     <span class='ocr_line' id='line_1_19' title="bbox 62 2921 789 3007; baseline 0.007 -15"><span class='ocrx_word' id='word_1_168' title='bbox 62 2921 198 2996; x_wconf 87' lang='lat' dir='ltr'><strong>credat.</strong></span> <span class='ocrx_word' id='word_1_169' title='bbox 782 2996 789 3007; x_wconf 85' lang='grc'>,</span> 
     </span>
    </p>

    <p class='ocr_par' dir='ltr' id='par_1_3' title="bbox 60 3051 1504 4854">
     <span class='ocr_line' id='line_1_20' title="bbox 101 3051 1480 3160; baseline -0.001 -30"><span class='ocrx_word' id='word_1_170' title='bbox 101 3051 226 3138; x_wconf 68' lang='grc' dir='ltr'><strong>Ἰῑειη,</strong></span> <span class='ocrx_word' id='word_1_171' title='bbox 245 3054 448 3160; x_wconf 89' lang='lat' dir='ltr'><strong>requisitus</strong></span> <span class='ocrx_word' id='word_1_172' title='bbox 458 3081 655 3159; x_wconf 85' lang='lat' dir='ltr'><strong>superxnn</strong></span> <span class='ocrx_word' id='word_1_173' title='bbox 664 3072 703 3132; x_wconf 90' lang='lat' dir='ltr'><strong>et</strong></span> <span class='ocrx_word' id='word_1_174' title='bbox 717 3054 896 3132; x_wconf 87' lang='lat' dir='ltr'><strong>omnibus</strong></span> <span class='ocrx_word' id='word_1_175' title='bbox 907 3054 991 3132; x_wconf 77' lang='lat' dir='ltr'><strong>aliis</strong></span> <span class='ocrx_word' id='word_1_176' title='bbox 1005 3054 1267 3160; x_wconf 85' lang='lat' dir='ltr'><strong>sequentibus,</strong></span> <span class='ocrx_word' id='word_1_177' title='bbox 1276 3053 1480 3159; x_wconf 66' lang='lat' dir='ltr'><strong>,respondit</strong></span> 
     </span>
     <span class='ocr_line' id='line_1_21' title="bbox 61 3180 1478 3294; baseline 0.001 -37"><span class='ocrx_word' id='word_1_178' title='bbox 61 3208 102 3257; x_wconf 87' lang='lat' dir='ltr'><strong>se</strong></span> <span class='ocrx_word' id='word_1_179' title='bbox 123 3180 240 3256; x_wconf 89' lang='lat' dir='ltr'><strong>nichil</strong></span> <span class='ocrx_word' id='word_1_180' title='bbox 264 3183 359 3261; x_wconf 91' lang='lat' dir='ltr'><strong>scire</strong></span> <span class='ocrx_word' id='word_1_181' title='bbox 381 3183 480 3260; x_wconf 89' lang='lat' dir='ltr'><strong>ultra</strong></span> <span class='ocrx_word' id='word_1_182' title='bbox 501 3185 606 3290; x_wconf 91' lang='lat' dir='ltr'><strong>quod</strong></span> <span class='ocrx_word' id='word_1_183' title='bbox 633 3213 744 3294; x_wconf 90' lang='lat' dir='ltr'><strong>supra</strong></span> <span class='ocrx_word' id='word_1_184' title='bbox 769 3185 961 3291; x_wconf 88' lang='lat' dir='ltr'><strong>deposuit,</strong></span> <span class='ocrx_word' id='word_1_185' title='bbox 989 3184 1062 3260; x_wconf 89' lang='lat' dir='ltr'><strong>hoc</strong></span> <span class='ocrx_word' id='word_1_186' title='bbox 1087 3199 1241 3289; x_wconf 88' lang='lat' dir='ltr'><strong>excepto</strong></span> <span class='ocrx_word' id='word_1_187' title='bbox 1266 3182 1373 3288; x_wconf 90' lang='lat' dir='ltr'><strong>quod</strong></span> <span class='ocrx_word' id='word_1_188' title='bbox 1398 3182 1478 3287; x_wconf 83' lang='lat' dir='ltr'><strong>ipse</strong></span> 
     </span>
     <span class='ocr_line' id='line_1_22' title="bbox 61 3311 1479 3423; baseline 0 -35"><span class='ocrx_word' id='word_1_189' title='bbox 61 3312 159 3389; x_wconf 87' lang='lat' dir='ltr'><strong>bene</strong></span> <span class='ocrx_word' id='word_1_190' title='bbox 175 3312 351 3391; x_wconf 75' lang='lat' dir='ltr'><strong>credebat</strong></span> <span class='ocrx_word' id='word_1_191' title='bbox 368 3330 405 3390; x_wconf 84' lang='lat' dir='ltr'><strong>et</strong></span> <span class='ocrx_word' id='word_1_192' title='bbox 424 3315 559 3403; x_wconf 90' lang='lat' dir='ltr'><strong>credit,</strong></span> <span class='ocrx_word' id='word_1_193' title='bbox 576 3317 679 3423; x_wconf 91' lang='lat' dir='ltr'><strong>quod</strong></span> <span class='ocrx_word' id='word_1_194' title='bbox 695 3316 757 3392; x_wconf 81' lang='lat' dir='ltr'><strong>alii</strong></span> <span class='ocrx_word' id='word_1_195' title='bbox 777 3315 909 3393; x_wconf 83' lang='lat' dir='ltr'><strong>fratres</strong></span> <span class='ocrx_word' id='word_1_196' title='bbox 927 3314 1125 3392; x_wconf 88' lang='lat' dir='ltr'><strong>crederent</strong></span> <span class='ocrx_word' id='word_1_197' title='bbox 1139 3311 1396 3390; x_wconf 85' lang='lat' dir='ltr'><strong>ecclesiasticis</strong></span> <span class='ocrx_word' id='word_1_198' title='bbox 1420 3339 1479 3388; x_wconf 88' lang='lat' dir='ltr'><strong>sa·</strong></span> 
     </span>
     <span class='ocr_line' id='line_1_23' title="bbox 61 3441 1480 3552; baseline 0.001 -34"><span class='ocrx_word' id='word_1_199' title='bbox 61 3445 276 3534; x_wconf 85' lang='lat' dir='ltr'><strong>crementis,</strong></span> <span class='ocrx_word' id='word_1_200' title='bbox 295 3461 332 3521; x_wconf 87' lang='lat' dir='ltr'><strong>et</strong></span> <span class='ocrx_word' id='word_1_201' title='bbox 346 3446 449 3552; x_wconf 88' lang='lat' dir='ltr'><strong>quod</strong></span> <span class='ocrx_word' id='word_1_202' title='bbox 471 3475 601 3523; x_wconf 90' lang='lat' dir='ltr'><strong>eorum</strong></span> <span class='ocrx_word' id='word_1_203' title='bbox 618 3445 830 3524; x_wconf 85' lang='lat' dir='ltr'><strong>sacerdotes</strong></span> <span class='ocrx_word' id='word_1_204' title='bbox 850 3445 977 3524; x_wconf 87' lang='lat' dir='ltr'><strong>debite</strong></span> <span class='ocrx_word' id='word_1_205' title='bbox 998 3441 1250 3539; x_wconf 77' lang='lat' dir='ltr'><strong>celebrarent3</strong></span> <span class='ocrx_word' id='word_1_206' title='bbox 1273 3470 1343 3540; x_wconf 89' lang='lat' dir='ltr'><strong>nec</strong></span> <span class='ocrx_word' id='word_1_207' title='bbox 1357 3441 1480 3519; x_wconf 81' lang='lat' dir='ltr'><strong>credit</strong></span> 
     </span>
     <span class='ocr_line' id='line_1_24' title="bbox 61 3571 1482 3685; baseline -0.004 -33"><span class='ocrx_word' id='word_1_208' title='bbox 61 3576 163 3679; x_wconf 86' lang='lat' dir='ltr'><strong>quod</strong></span> <span class='ocrx_word' id='word_1_209' title='bbox 179 3574 262 3651; x_wconf 87' lang='lat' dir='ltr'><strong>laici</strong></span> <span class='ocrx_word' id='word_1_210' title='bbox 277 3593 429 3681; x_wconf 87' lang='lat' dir='ltr'><strong>possent</strong></span> <span class='ocrx_word' id='word_1_211' title='bbox 441 3576 631 3655; x_wconf 85' lang='lat' dir='ltr'><strong>absolvere</strong></span> <span class='ocrx_word' id='word_1_212' title='bbox 647 3606 667 3653; x_wconf 93' lang='lat' dir='ltr'><strong>a</strong></span> <span class='ocrx_word' id='word_1_213' title='bbox 682 3578 853 3685; x_wconf 76' lang='lat' dir='ltr'><strong>peccatis.</strong></span> <span class='ocrx_word' id='word_1_214' title='bbox 869 3577 1110 3681; x_wconf 89' lang='lat' dir='ltr'><strong>Preceptores</strong></span> <span class='ocrx_word' id='word_1_215' title='bbox 1122 3593 1250 3650; x_wconf 90' lang='lat' dir='ltr'><strong>tamen</strong></span> <span class='ocrx_word' id='word_1_216' title='bbox 1266 3600 1397 3649; x_wconf 85' lang='lat' dir='ltr'><strong>eorum</strong></span> <span class='ocrx_word' id='word_1_217' title='bbox 1415 3571 1482 3647; x_wconf 88' lang='lat' dir='ltr'><strong>im·</strong></span> 
     </span>
     <span class='ocr_line' id='line_1_25' title="bbox 61 3703 1478 3812; baseline -0.001 -31"><span class='ocrx_word' id='word_1_218' title='bbox 61 3706 253 3808; x_wconf 88' lang='lat' dir='ltr'><strong>ponebant</strong></span> <span class='ocrx_word' id='word_1_219' title='bbox 270 3706 324 3783; x_wconf 89' lang='lat' dir='ltr'><strong>eis</strong></span> <span class='ocrx_word' id='word_1_220' title='bbox 341 3735 455 3812; x_wconf 90' lang='lat' dir='ltr'><strong>penas</strong></span> <span class='ocrx_word' id='word_1_221' title='bbox 470 3707 630 3796; x_wconf 75' lang='lat' dir='ltr'><strong>ordinis,</strong></span> <span class='ocrx_word' id='word_1_222' title='bbox 650 3709 774 3784; x_wconf 86' lang='lat' dir='ltr'><strong>statim</strong></span> <span class='ocrx_word' id='word_1_223' title='bbox 790 3734 859 3811; x_wconf 90' lang='lat' dir='ltr'><strong>pro</strong></span> <span class='ocrx_word' id='word_1_224' title='bbox 874 3704 1050 3811; x_wconf 79' lang='lat' dir='ltr'><strong>professis</strong></span> <span class='ocrx_word' id='word_1_225' title='bbox 1066 3704 1313 3791; x_wconf 90' lang='lat' dir='ltr'><strong>habebantur,</strong></span> <span class='ocrx_word' id='word_1_226' title='bbox 1331 3719 1368 3778; x_wconf 91' lang='lat' dir='ltr'><strong>et</strong></span> <span class='ocrx_word' id='word_1_227' title='bbox 1381 3703 1478 3780; x_wconf 91' lang='lat' dir='ltr'><strong>clan-</strong></span> 
     </span>
     <span class='ocr_line' id='line_1_26' title="bbox 63 3833 1478 3941; baseline 0.001 -32"><span class='ocrx_word' id='word_1_228' title='bbox 63 3833 516 3940; x_wconf 80' lang='lat' dir='ltr'><strong>destinerecipiebantur.</strong></span> <span class='ocrx_word' id='word_1_229' title='bbox 543 3835 800 3941; x_wconf 86' lang='lat' dir='ltr'><strong>Cingehentur</strong></span> <span class='ocrx_word' id='word_1_230' title='bbox 825 3833 1007 3923; x_wconf 88' lang='lat' dir='ltr'><strong>cordulis,</strong></span> <span class='ocrx_word' id='word_1_231' title='bbox 1028 3835 1228 3940; x_wconf 86' lang='lat' dir='ltr'><strong>assumptis</strong></span> <span class='ocrx_word' id='word_1_232' title='bbox 1251 3835 1353 3911; x_wconf 91' lang='lat' dir='ltr'><strong>unde</strong></span> <span class='ocrx_word' id='word_1_233' title='bbox 1376 3834 1478 3912; x_wconf 85' lang='lat' dir='ltr'><strong>vole-</strong></span> 
     </span>
     <span class='ocr_line' id='line_1_27' title="bbox 61 3944 1472 4074; baseline 0.003 -36"><span class='ocrx_word' id='word_1_234' title='bbox 61 3963 166 4053; x_wconf 87' lang='lat' dir='ltr'><strong>bant,</strong></span> <span class='ocrx_word' id='word_1_235' title='bbox 201 3991 311 4070; x_wconf 84' lang='lat' dir='ltr'><strong>supra</strong></span> <span class='ocrx_word' id='word_1_236' title='bbox 331 3993 474 4070; x_wconf 86' lang='lat' dir='ltr'><strong>pannos</strong></span> <span class='ocrx_word' id='word_1_237' title='bbox 493 3965 614 4042; x_wconf 91' lang='lat' dir='ltr'><strong>lineos</strong></span> <span class='ocrx_word' id='word_1_238' title='bbox 634 3944 719 4042; x_wconf 83' lang='lat' dir='ltr'><strong>cum</strong></span> <span class='ocrx_word' id='word_1_239' title='bbox 745 3965 886 4072; x_wconf 87' lang='lat' dir='ltr'><strong>quibus</strong></span> <span class='ocrx_word' id='word_1_240' title='bbox 905 3964 1091 4074; x_wconf 86' lang='lat' dir='ltr'><strong>jacebant.</strong></span> <span class='ocrx_word' id='word_1_241' title='bbox 1125 3965 1396 4072; x_wconf 87' lang='lat' dir='ltr'><strong>lnjungebatur</strong></span> <span class='ocrx_word' id='word_1_242' title='bbox 1420 3967 1472 4042; x_wconf 90' lang='lat' dir='ltr'><strong>eis</strong></span> 
     </span>
     <span class='ocr_line' id='line_1_28' title="bbox 61 4092 1481 4202; baseline 0 -31"><span class='ocrx_word' id='word_1_243' title='bbox 61 4122 129 4198; x_wconf 90' lang='lat' dir='ltr'><strong>per</strong></span> <span class='ocrx_word' id='word_1_244' title='bbox 147 4112 420 4172; x_wconf 89' lang='lat' dir='ltr'><strong>sacramentum</strong></span> <span class='ocrx_word' id='word_1_245' title='bbox 443 4096 548 4202; x_wconf 90' lang='lat' dir='ltr'><strong>quod</strong></span> <span class='ocrx_word' id='word_1_246' title='bbox 568 4123 646 4172; x_wconf 92' lang='lat' dir='ltr'><strong>non</strong></span> <span class='ocrx_word' id='word_1_247' title='bbox 671 4095 897 4173; x_wconf 85' lang='lat' dir='ltr'><strong>revellerent</strong></span> <span class='ocrx_word' id='word_1_248' title='bbox 915 4113 1053 4172; x_wconf 86' lang='lat' dir='ltr'><strong>secreta</strong></span> <span class='ocrx_word' id='word_1_249' title='bbox 1076 4092 1344 4200; x_wconf 77' lang='lat' dir='ltr'><strong>capitulorum3</strong></span> <span class='ocrx_word' id='word_1_250' title='bbox 1371 4093 1402 4170; x_wconf 90' lang='lat' dir='ltr'><strong>si</strong></span> <span class='ocrx_word' id='word_1_251' title='bbox 1422 4123 1481 4171; x_wconf 87' lang='lat' dir='ltr'><strong>re-</strong></span> 
     </span>
     <span class='ocr_line' id='line_1_29' title="bbox 60 4223 1476 4333; baseline 0.003 -34"><span class='ocrx_word' id='word_1_252' title='bbox 60 4223 259 4318; x_wconf 85' lang='lat' dir='ltr'><strong>velassent,</strong></span> <span class='ocrx_word' id='word_1_253' title='bbox 276 4227 395 4304; x_wconf 88' lang='lat' dir='ltr'><strong>nescit</strong></span> <span class='ocrx_word' id='word_1_254' title='bbox 407 4226 569 4333; x_wconf 87' lang='lat' dir='ltr'><strong>qualiter</strong></span> <span class='ocrx_word' id='word_1_255' title='bbox 582 4227 705 4333; x_wconf 89' lang='lat' dir='ltr'><strong>puniti</strong></span> <span class='ocrx_word' id='word_1_256' title='bbox 720 4226 889 4304; x_wconf 81' lang='lat' dir='ltr'><strong>luissent.</strong></span> <span class='ocrx_word' id='word_1_257' title='bbox 910 4229 993 4327; x_wconf 81' lang='lat' dir='ltr'><strong>Non</strong></span> <span class='ocrx_word' id='word_1_258' title='bbox 1009 4223 1082 4302; x_wconf 85' lang='lat' dir='ltr'><strong>luit</strong></span> <span class='ocrx_word' id='word_1_259' title='bbox 1099 4225 1132 4301; x_wconf 88' lang='lat' dir='ltr'><strong>ei</strong></span> <span class='ocrx_word' id='word_1_260' title='bbox 1148 4223 1355 4302; x_wconf 90' lang='lat' dir='ltr'><strong>inhibitum</strong></span> <span class='ocrx_word' id='word_1_261' title='bbox 1373 4227 1476 4331; x_wconf 88' lang='lat' dir='ltr'><strong>quod</strong></span> 
     </span>
     <span class='ocr_line' id='line_1_30' title="bbox 63 4355 1481 4447; baseline 0 -15"><span class='ocrx_word' id='word_1_262' title='bbox 63 4383 140 4432; x_wconf 94' lang='lat' dir='ltr'><strong>non</strong></span> <span class='ocrx_word' id='word_1_263' title='bbox 161 4356 431 4434; x_wconf 85' lang='lat' dir='ltr'><strong>confiterentur</strong></span> <span class='ocrx_word' id='word_1_264' title='bbox 448 4359 520 4435; x_wconf 89' lang='lat' dir='ltr'><strong>nisi</strong></span> <span class='ocrx_word' id='word_1_265' title='bbox 540 4358 796 4436; x_wconf 88' lang='lat' dir='ltr'><strong>sacerdotibus</strong></span> <span class='ocrx_word' id='word_1_266' title='bbox 812 4357 975 4447; x_wconf 77' lang='lat' dir='ltr'><strong>ordinis3</strong></span> <span class='ocrx_word' id='word_1_267' title='bbox 998 4375 1037 4433; x_wconf 88' lang='lat' dir='ltr'><strong>et</strong></span> <span class='ocrx_word' id='word_1_268' title='bbox 1052 4355 1149 4433; x_wconf 80' lang='lat' dir='ltr'><strong>infra</strong></span> <span class='ocrx_word' id='word_1_269' title='bbox 1174 4372 1259 4433; x_wconf 91' lang='lat' dir='ltr'><strong>octo</strong></span> <span class='ocrx_word' id='word_1_270' title='bbox 1285 4355 1366 4434; x_wconf 88' lang='lat' dir='ltr'><strong>dies</strong></span> <span class='ocrx_word' id='word_1_271' title='bbox 1389 4383 1481 4432; x_wconf 89' lang='lat' dir='ltr'><strong>are-</strong></span> 
     </span>
     <span class='ocr_line' id='line_1_31' title="bbox 63 4480 1480 4595; baseline 0 -32"><span class='ocrx_word' id='word_1_272' title='bbox 63 4487 240 4590; x_wconf 90' lang='lat' dir='ltr'><strong>cepcione</strong></span> <span class='ocrx_word' id='word_1_273' title='bbox 254 4516 335 4578; x_wconf 89' lang='lat' dir='ltr'><strong>sua,</strong></span> <span class='ocrx_word' id='word_1_274' title='bbox 352 4487 425 4564; x_wconf 86' lang='lat' dir='ltr'><strong>fuit</strong></span> <span class='ocrx_word' id='word_1_275' title='bbox 440 4488 629 4566; x_wconf 84' lang='lat' dir='ltr'><strong>confessus</strong></span> <span class='ocrx_word' id='word_1_276' title='bbox 644 4489 691 4566; x_wconf 91' lang='lat' dir='ltr'><strong>de</strong></span> <span class='ocrx_word' id='word_1_277' title='bbox 712 4487 889 4595; x_wconf 87' lang='lat' dir='ltr'><strong>predictis</strong></span> <span class='ocrx_word' id='word_1_278' title='bbox 907 4480 1116 4578; x_wconf 79' lang='lat' dir='ltr'><strong>erroribus,</strong></span> <span class='ocrx_word' id='word_1_279' title='bbox 1131 4487 1173 4561; x_wconf 91' lang='lat' dir='ltr'><strong>in</strong></span> <span class='ocrx_word' id='word_1_280' title='bbox 1187 4485 1329 4592; x_wconf 86' lang='lat' dir='ltr'><strong>capella</strong></span> <span class='ocrx_word' id='word_1_281' title='bbox 1343 4484 1480 4563; x_wconf 86' lang='lat' dir='ltr'><strong>domus</strong></span> 
     </span>
     <span class='ocr_line' id='line_1_32' title="bbox 63 4614 1504 4724; baseline 0.001 -32"><span class='ocrx_word' id='word_1_282' title='bbox 63 4642 195 4692; x_wconf 89' lang='lat' dir='ltr'><strong>eorum</strong></span> <span class='ocrx_word' id='word_1_283' title='bbox 219 4614 266 4690; x_wconf 88' lang='lat' dir='ltr'><strong>de</strong></span> <span class='ocrx_word' id='word_1_284' title='bbox 285 4616 452 4710; x_wconf 73' lang='lat' dir='ltr'><strong>Prinne,</strong></span> <span class='ocrx_word' id='word_1_285' title='bbox 474 4618 623 4697; x_wconf 84' lang='lat' dir='ltr'><strong>cuidem</strong></span> <span class='ocrx_word' id='word_1_286' title='bbox 651 4619 756 4699; x_wconf 78' lang='lat' dir='ltr'><strong>l&#39;retri</strong></span> <span class='ocrx_word' id='word_1_287' title='bbox 781 4618 936 4708; x_wconf 84' lang='lat' dir='ltr'><strong>Minori,</strong></span> <span class='ocrx_word' id='word_1_288' title='bbox 966 4617 1072 4724; x_wconf 87' lang='lat' dir='ltr'><strong>cujus</strong></span> <span class='ocrx_word' id='word_1_289' title='bbox 1099 4643 1240 4694; x_wconf 88' lang='lat' dir='ltr'><strong>nomen</strong></span> <span class='ocrx_word' id='word_1_290' title='bbox 1270 4633 1308 4692; x_wconf 90' lang='lat' dir='ltr'><strong>et</strong></span> <span class='ocrx_word' id='word_1_291' title='bbox 1340 4642 1504 4722; x_wconf 86' lang='lat' dir='ltr'><strong>cogno-¹</strong></span> 
     </span>
     <span class='ocr_line' id='line_1_33' title="bbox 63 4746 1481 4854; baseline 0.001 -32"><span class='ocrx_word' id='word_1_292' title='bbox 63 4775 151 4822; x_wconf 88' lang='lat' dir='ltr'><strong>men</strong></span> <span class='ocrx_word' id='word_1_293' title='bbox 177 4746 339 4852; x_wconf 86' lang='lat' dir='ltr'><strong>ignorat,</strong></span> <span class='ocrx_word' id='word_1_294' title='bbox 364 4749 594 4854; x_wconf 84' lang='lat' dir='ltr'><strong>quivenerat</strong></span> <span class='ocrx_word' id='word_1_295' title='bbox 611 4749 659 4827; x_wconf 87' lang='lat' dir='ltr'><strong>ad</strong></span> <span class='ocrx_word' id='word_1_296' title='bbox 677 4750 821 4829; x_wconf 90' lang='lat' dir='ltr'><strong>dictum</strong></span> <span class='ocrx_word' id='word_1_297' title='bbox 839 4749 983 4839; x_wconf 87' lang='lat' dir='ltr'><strong>locum,</strong></span> <span class='ocrx_word' id='word_1_298' title='bbox 1001 4765 1039 4825; x_wconf 86' lang='lat' dir='ltr'><strong>et</strong></span> <span class='ocrx_word' id='word_1_299' title='bbox 1062 4747 1221 4825; x_wconf 80' lang='lat' dir='ltr'><strong>absolvit</strong></span> <span class='ocrx_word' id='word_1_300' title='bbox 1238 4772 1342 4834; x_wconf 90' lang='lat' dir='ltr'><strong>eum,</strong></span> <span class='ocrx_word' id='word_1_301' title='bbox 1363 4746 1481 4854; x_wconf 76' lang='lat' dir='ltr'><strong>impe</strong></span> 
     </span>
    </p>
   </div>
   <div class='ocr_carea' id='block_1_3' title="bbox 63 4877 1476 5102">
    <p class='ocr_par' dir='ltr' id='par_1_4' title="bbox 63 4877 1476 5102">
     <span class='ocr_line' id='line_1_34' title="bbox 63 4877 1476 4988; baseline 0 -34"><span class='ocrx_word' id='word_1_302' title='bbox 63 4878 133 4954; x_wconf 91' lang='lat' dir='ltr'><strong>sita</strong></span> <span class='ocrx_word' id='word_1_303' title='bbox 157 4877 364 4982; x_wconf 87' lang='lat' dir='ltr'><strong>penitencia</strong></span> <span class='ocrx_word' id='word_1_304' title='bbox 387 4880 491 4985; x_wconf 88' lang='lat' dir='ltr'><strong>quod</strong></span> <span class='ocrx_word' id='word_1_305' title='bbox 513 4880 703 4988; x_wconf 88' lang='lat' dir='ltr'><strong>jejunaret</strong></span> <span class='ocrx_word' id='word_1_306' title='bbox 721 4910 794 4987; x_wconf 71' lang='lat' dir='ltr'><strong>per,</strong></span> <span class='ocrx_word' id='word_1_307' title='bbox 814 4909 933 4960; x_wconf 87' lang='lat' dir='ltr'><strong>unum</strong></span> <span class='ocrx_word' id='word_1_308' title='bbox 954 4905 1112 4965; x_wconf 90' lang='lat' dir='ltr'><strong>annum,</strong></span> <span class='ocrx_word' id='word_1_309' title='bbox 1136 4878 1176 4956; x_wconf 91' lang='lat' dir='ltr'><strong>in</strong></span> <span class='ocrx_word' id='word_1_310' title='bbox 1205 4877 1342 4956; x_wconf 85' lang='lat' dir='ltr'><strong>diebus</strong></span> <span class='ocrx_word' id='word_1_311' title='bbox 1361 4904 1476 4954; x_wconf 77' lang='lat' dir='ltr'><strong>vene·</strong></span> 
     </span>
     <span class='ocr_line' id='line_1_35' title="bbox 149 5013 1354 5102; baseline 0.003 -28"><span class='ocrx_word' id='word_1_312' title='bbox 149 5013 251 5078; x_wconf 74' lang='lat' dir='ltr'><strong>esocis</strong></span> <span class='ocrx_word' id='word_1_313' title='bbox 274 5037 325 5078; x_wconf 80' lang='lat' dir='ltr'><strong>nes</strong></span> <span class='ocrx_word' id='word_1_314' title='bbox 345 5037 516 5102; x_wconf 73' lang='lat' dir='ltr'><strong>restauras.</strong></span> <span class='ocrx_word' id='word_1_315' title='bbox 530 5052 572 5065; x_wconf 92' lang='lat'>-</span> <span class='ocrx_word' id='word_1_316' title='bbox 586 5039 607 5077; x_wconf 89' lang='lat'><strong>1.</strong></span> <span class='ocrx_word' id='word_1_317' title='bbox 1315 5013 1354 5078; x_wconf 77' lang='lat' dir='ltr'><strong>hd</strong></span> 
     </span>
    </p>
   </div>
   <div class='ocr_carea' id='block_1_4' title="bbox 0 0 2044 6052">
    <p class='ocr_par' dir='ltr' id='par_1_5' title="bbox 0 0 2044 6052">
     <span class='ocr_line' id='line_1_36' title="bbox 0 0 2044 6052; baseline 0 4"><span class='ocrx_word' id='word_1_318' title='bbox 0 0 2044 6052; x_wconf 95' lang='lat' dir='ltr'><strong> </strong></span> 
     </span>
    </p>
   </div>
  </div>
 </body>
</html>
