4080 6052
322 524 396 597 raa
516 508 519 515 ’
709 502 1354 596 rnocrsossrrnrmms.

321 681 554 773 ponerentur
570 691 682 770 supra
698 678 859 754 tectum3
878 659 1039 768 capitula
1058 677 1184 737 autern
1202 676 1242 736 et
1257 660 1496 766 recepciones
1514 660 1610 737 vidit
1625 663 1749 739 teneri

321 799 457 876 etsieri
479 797 527 874 de
548 797 629 888 die,
650 811 692 873 ut
711 794 815 871 dixit.
1647 804 1653 813 ‘

377 931 489 1016 Item,
508 926 712 1034 requisitus
728 952 844 1032 super
861 948 995 1004 evit-xi
1012 923 1194 1011 articulis,
1214 923 1410 1030 respondit
1423 950 1463 1001 se
1477 923 1624 1001 nescire
1641 925 1748 1032 quod

321 1061 466 1167 possint
484 1087 641 1167 magnus
662 1057 850 1164 Magister,
865 1055 1073 1134 visitatores
1092 1072 1130 1133 et
1145 1072 1399 1161 preceptores,
1415 1055 1608 1134 absolvere
1622 1084 1647 1135 a
1662 1086 1748 1165 peo-

321 1193 411 1269 catis
428 1190 642 1269 consessatis
657 1187 717 1266 vel
734 1215 811 1267 nou
828 1185 1059 1275 conlassatis,
1076 1214 1146 1262 neo
1167 1186 1309 1263 audivit
1323 1186 1414 1274 dici,
1432 1214 1501 1262 nec
1517 1187 1652 1265 credit
1668 1190 1745 1269 Au·

321 1323 414 1399 divit
428 1339 555 1399 tamen
576 1319 649 1397 dici
669 1317 775 1425 quod
795 1318 918 1396 dictus
936 1344 1095 1427 magnus
1116 1317 1290 1423 Magister
1311 1314 1503 1394 consessus
1522 1333 1581 1394 est
1599 1319 1744 1427 aliquos

321 1481 467 1530 errores
486 1478 612 1529 coram
631 1448 816 1556 pluribus.
929 1514 936 1528 .
1043 1434 1046 1439 ’

377 1587 488 1671 ltem,
510 1581 715 1689 requisitus
737 1607 852 1687 super
869 1606 942 1659 cru
963 1596 1000 1657 et
1021 1606 1087 1657 ιιιι·
1102 1579 1284 1669 articulis,
1308 1581 1505 1685 respoudit
1528 1610 1567 1658 se
1591 1584 1743 1662 credere

322 1716 427 1820 quod
445 1731 548 1792 totus
567 1714 662 1792 ordo
680 1711 881 1791 tenebatur
897 1738 1043 1788 servare
1059 1710 1165 1817 quod
1184 1738 1342 1818 magnus
1361 1711 1539 1819 Magister
1557 1743 1645 1790 cum
1663 1744 1747 1792 con-

321 1864 436 1924 ventu
460 1872 531 1924 suo
557 1845 772 1934 ordinabat,
802 1843 905 1921 unde
930 1843 977 1918 iu'
994 1841 1164 1948 capitulis
1188 1842 1464 1949 precipiebatur
1490 1861 1529 1921 et
1552 1845 1745 1924 dicebatur

323 1977 428 2082 quod
439 1994 629 2055 servarent
638 1976 761 2053 bonos
773 2002 865 2054 usus
878 1990 917 2051 et
928 1973 1048 2050 bonas
1062 1973 1356 2051 consuetudines
1370 1974 1514 2052 ordinis
1526 2002 1626 2082 quos
1636 1977 1745 2057 habe

321 2106 413 2182 bant
431 2124 560 2213 etque
580 2106 620 2182 in
637 2122 831 2213 posterum
847 2132 917 2211 per
936 2104 1154 2212 Magistrum
1174 2132 1263 2181 cum
1281 2121 1467 2181 conventu
1484 2104 1715 2186 ordinarent.

377 2239 489 2324 Item,
519 2236 723 2343 requisitus
751 2262 866 2342 super
891 2258 1066 2314 cxiv-xvir
1092 2233 1277 2324 articulis,
1305 2232 1501 2339 respondit
1530 2266 1572 2313 se
1600 2241 1742 2317 nescire

321 2367 473 2473 quando
494 2365 711 2444 habuerunt
728 2366 886 2445 inicium
905 2366 1080 2444 horrores
1098 2391 1199 2470 quos
1219 2361 1412 2441 confessus
1431 2382 1488 2441 est
1506 2394 1637 2474 supra,
1657 2373 1743 2477 quia

321 2496 369 2575 de
388 2498 470 2576 aliis
487 2497 604 2587 nichil
623 2496 703 2576 scit.
726 2498 780 2575 De
801 2496 883 2574 aliis
900 2522 989 2573 vero
1008 2494 1194 2572 contentis
1212 2495 1252 2571 in
1272 2494 1363 2600 ipsis
1380 2494 1567 2586 articulis,
1588 2499 1739 2608 respon·

320 2630 378 2708 dit
394 2649 439 2709 ut
456 2660 580 2740 supra.
935 2618 939 2625 ¹
1301 2658 1305 2665 ·

376 2765 487 2852 Item,
507 2764 712 2870 requisitus
731 2789 846 2867 super
861 2775 987 2840 οιιιιιιιο
1004 2761 1179 2853 articulo,
1199 2760 1396 2867 respondit
1414 2789 1455 2838 sc
1474 2762 1618 2841 nescire
1635 2766 1741 2871 quod

321 2891 437 2997 aliqui
459 2893 638 2970 exiverint
654 2892 800 2969 dictum
819 2891 994 2969 ordinem
1013 2908 1168 2998 propter
1184 2891 1357 2969 feditates
1373 2891 1531 2969 ordinis.

377 3022 488 3110 Item,
502 3023 707 3129 requisitus
723 3048 838 3127 super
854 3037 992 3103 (ιιιιιιι0
1006 3022 1181 3112 articulo,
1198 3022 1395 3129 respondit
1408 3050 1449 3103 se
1465 3025 1622 3105 credere
1638 3028 1741 3133 quod

319 3171 405 3256 post
424 3154 640 3259 capcionem
660 3153 979 3259 Templariorum,
1001 3138 1069 3232 sed
1093 3181 1171 3232 non
1188 3171 1289 3243 ante,
1312 3152 1468 3231 luerunt
1491 3174 1621 3234 exorta
1640 3186 1742 3236 scan-

320 3283 402 3360 dala
422 3301 596 3362 contenta
615 3285 656 3361 in
676 3284 777 3362 dicto
798 3283 973 3373 articulO,
996 3301 1035 3362 et
1052 3285 1157 3391 quod
1175 3285 1287 3363 multi
1308 3314 1352 3361 er
1373 3284 1551 3365 fratribus
1571 3289 1663 3366 dicti
1683 3320 1742 3368 or-

319 3414 418 3491 dinis
436 3416 662 3494 revelassent
678 3443 824 3492 errores
844 3443 940 3522 quos
965 3416 1130 3493 sciebant
1151 3445 1231 3521 esse
1257 3417 1297 3494 in
1319 3417 1467 3508 ordine,
1489 3418 1519 3494 si
1544 3435 1741 3521 putassent

317 3547 421 3649 quod
441 3544 537 3625 lides
562 3546 601 3623 in
619 3547 690 3622 boc
717 3540 886 3623 adbibita
909 3546 1042 3625 fuisset
1067 3547 1226 3636 eisdem,
1250 3563 1289 3623 et
1312 3547 1385 3625 nisi
1407 3546 1618 3624 timuissent
1638 3551 1740 3653 peri-

317 3677 460 3753 cullum
481 3676 585 3784 quod
606 3705 649 3754 ex
672 3676 901 3755 revelacione
927 3679 980 3756 eis
1002 3695 1148 3785 poterat
1173 3679 1372 3755 imminere
1397 3676 1442 3754 ab
1464 3674 1597 3753 ordine
1625 3707 1739 3785 supra

317 3808 428 3886 dictu.

371 3943 482 4029 ltem,
502 3942 706 4048 requisitus
726 3970 841 4049 super
858 3968 985 4020 cxx-ru
1005 3944 1185 4033 articulis,
1208 3943 1405 4048 respondit
1423 3970 1463 4020 se
1488 3970 1568 4020 non
1588 3945 1737 4023 credere

315 4089 489 4148 contenta
509 4073 549 4149 in
566 4073 655 4179 ipsis
669 4073 835 4150 articulis
854 4101 934 4151 esse
955 4102 1056 4164 vera,
1077 4101 1148 4150 nec
1167 4075 1285 4150 eciam
1307 4102 1389 4151 esse
1409 4072 1516 4180 quod
1535 4075 1737 4153 coulessata

314 4228 381 4302 per
401 4231 488 4278 eum
509 4205 585 4281 sint
604 4205 751 4281 notoria
772 4221 810 4281 et
827 4205 917 4280 scita
940 4204 987 4281 ab
1012 4203 1190 4281 omnibus
1210 4204 1291 4283 aliis
1310 4202 1500 4280 fratribus.

369 4334 479 4426 Item,
495 4337 699 4444 requisitus
716 4364 829 4441 super
845 4361 1020 4415 cxx1v-vu
1038 4335 1220 4425 articulis,
1240 4335 1436 4442 respondit
1451 4351 1627 4441 utsupra
1638 4334 1736 4445 quod
1757 4366 1775 4385 ¹·

312 4464 504 4542 audiverat
527 4466 599 4543 dici
626 4467 769 4571 aliquos
793 4493 938 4543 errores
965 4465 1079 4544 luisse
1107 4463 1332 4544 confessatos
1359 4494 1429 4571 per
1454 4465 1675 4572 Magistrum
1703 4481 1736 4542 et

312 4595 525 4697 perplures
547 4596 638 4673 alios
656 4594 789 4674 iratres
809 4595 900 4673 dieti
921 4597 1076 4675 ordinis.

369 4722 479 4812 ltem,
502 4726 704 4829 requisitus
724 4728 754 4803 si
780 4729 832 4804 sic
852 4728 1029 4835 deposuit
1041 4756 1172 4834 prece,
1189 4744 1384 4836 precepto,
1399 4728 1566 4833 premio,
1589 4754 1727 4811 amore,

310 4853 463 4940 timore,
492 4854 602 4943 odio,
632 4854 792 4932 comodo
820 4859 1037 4962 temporali,
1067 4858 1198 4937 habito
1223 4857 1284 4935 vel
1311 4858 1513 4949 habendo,
1534 4848 1729 4936 instructus
