4148 6052
324 573 372 641 ss
710 548 906 640 procus
932 565 1027 639 ons
1053 565 1354 639 ruurmnus.

320 714 511 788 lohannes
535 710 706 788 Barbona
732 710 946 799 Trecensis,
972 707 1200 787 Guillelmus
1229 707 1277 785 de
1303 708 1456 786 Berines
1484 707 1770 801 Camotencis,v

321 843 512 918 lohannes
530 839 646 916 Palho
665 838 898 925 Parisiensis,
920 841 959 941 Ρ.
980 838 1030 913 de
1051 837 1213 944 Arbleyo
1234 838 1466 929 Parisiensis,
1486 840 1681 918 Jobannes
1699 842 1749 919 de

324 974 440 1049 domo
454 972 525 1049 Dei
540 1000 589 1046 au
600 971 736 1077 Moyne
751 969 966 1057 Meldensis,
982 970 1023 1045 P.
1040 967 1087 1044 de
1104 967 1261 1075 Clargor
1274 971 1558 1060 Lemovicensis,
1577 972 1747 1049 Thomas

324 1103 371 1177 de
396 1103 525 1178 Trecis
550 1101 800 1189 civitatensis,
831 1098 1054 1175 Lamhertus
1080 1100 1129 1174 de
1151 1101 1315 1178 Vercura
1343 1102 1606 1206 Lingonensis‚
1638 1105 1749 1181 [am-

323 1232 454 1306 bertus
481 1232 528 1305 de
558 1229 700 1306 Gorion
725 1229 1014 1316 Bisuntinensis‚
1049 1228 1175 1305 Droco
1210 1229 1258 1305 de
1291 1229 1468 1335 Capriaco
1496 1231 1742 1324 Senoneusis,

324 1362 480 1437 Anticus
497 1360 564 1436 des
581 1361 719 1435 Recors
734 1358 985 1446 Ebroicensis,
1004 1358 1191 1434 Robcrtus
1207 1358 1255 1435 de
1275 1358 1416 1436 Grandi
1434 1360 1577 1436 villarii
1594 1361 1745 1440 Ambia-

324 1490 465 1578 nensis,
485 1488 599 1566 Oddo
623 1488 672 1565 dc
693 1489 879 1564 latiniaco
898 1488 983 1564 Sico
1001 1487 1221 1574 Meldensis,
1242 1487 1465 1593 Radulpbus
1488 1489 1535 1566 de
1554 1491 1745 1570 Porosello

324 1619 601 1711 Ambianeusis,
619 1618 776 1724 Egidius
792 1617 840 1693 de
858 1619 1018 1693 Pannne
1035 1617 1331 1705 suessionensis,
1350 1618 1564 1721 Stephanus
1578 1621 1744 1699 Domout

325 1750 557 1840 Parisiensis,
580 1747 737 1826 Gilanus
757 1749 838 1850 'l'oe
859 1746 1085 1852 bajocensis,
1112 1744 1353 1823 Guauhedus
1376 1746 1489 1823 Cruci
1514 1748 1742 1854 Bajooensis,

327 1881 498 1956 Matheus
513 1879 681 1956 Renaudi
701 1876 952 1965 Ebroicensis,
971 1876 1143 1953 Audinus
1156 1874 1298 1982 Anglici
1316 1876 1565 1965 Ebroicensis,
1582 1895 1621 1954 et
1636 1879 1744 1957 Chri-

325 2010 527 2115 stopborus
547 2009 595 2084 de
621 2008 813 2084 Locaveris
835 2007 1070 2082 Ebroicensis
1098 2006 1304 2081 diocesium
1332 2007 1607 2110 responderunt
1634 2011 1743 2114 quod

325 2141 457 2216 volunt
475 2139 619 2214 dictum
639 2139 812 2215 ordinem
832 2137 1047 2214 defendere.
1068 2137 1252 2215 Dixerunt
1270 2154 1397 2213 tamen
1417 2138 1506 2214 dicti
1525 2138 1744 2243 Amulphus

327 2271 375 2346 de
393 2269 585 2359 Fontanis,
601 2270 790 2346 Johannes
807 2269 855 2344 de
871 2267 1107 2354 Ambleu'lla,
1126 2265 1353 2345 Guillelmus
1369 2268 1418 2344 de
1434 2269 1604 2359 Bernies,
1620 2269 1743 2347 Droco

327 2400 375 2475 de
405 2399 582 2505 Capriaco
609 2416 647 2475 et
675 2398 788 2477 Oddo
809 2398 857 2474 de
881 2398 1068 2475 Latiniaco
1092 2398 1193 2488 Sico,
1221 2425 1292 2502 pro
1316 2425 1427 2502 posse
1453 2427 1540 2485 suo,
1562 2417 1601 2476 et
1623 2400 1742 2506 pecie-

327 2548 415 2606 runt
441 2531 529 2606 dicti
557 2529 783 2608 Guillclmus
803 2528 850 2605 de
871 2528 1047 2611 Amulio,
1068 2529 1108 2603 P.
1135 2527 1183 2602 de
1205 2527 1437 2615 Chambleis,
1459 2528 1675 2633 Stephanus
1696 2530 1741 2606 de

326 2661 536 2749 Romanba‚
559 2662 598 2736 P.
625 2660 673 2734 de
698 2658 849 2747 Villers,
874 2657 1061 2733 Robertus
1086 2656 1134 2730 de
1157 2655 1298 2732 Grandi
1318 2657 1478 2747 villarii,
1505 2656 1742 2736 Guaufredus

327 2789 457 2874 Cruci,
482 2790 656 2865 Matheus
679 2787 865 2875 Renaudi,
896 2802 935 2861 et
963 2786 1136 2863 Audinus
1164 2784 1323 2890 Anglici,
1356 2787 1601 2864 ecclesiastica
1631 2816 1742 2867 sacra·

329 2935 465 2992 menta.

384 3045 474 3122 Acta
501 3043 655 3121 fuerimt
682 3046 750 3121 hec
775 3046 952 3150 predictis
983 3045 1044 3120 die
1076 3061 1113 3119 et
1136 3043 1235 3131 loco,
1259 3046 1498 3149 presentibus
1521 3074 1584 3124 me
1610 3048 1749 3126 noris·-

330 3193 458 3254 monte
477 3175 673 3255 Dondedei
687 3192 726 3252 ct
742 3175 823 3252 abis
841 3175 995 3251 notariis
1013 3201 1124 3279 supra
1139 3174 1310 3278 proximo
1327 3176 1537 3252 nominatis.

385 3439 473 3513 Post
494 3437 580 3523 hec,
611 3435 673 3511 die
691 3437 849 3513 Veneris
871 3438 1059 3542 sequenti,
1082 3465 1158 3544 que
1182 3436 1253 3513 fuit
1271 3437 1479 3542 penultima
1501 3437 1584 3512 dies
1610 3441 1745 3517 mensis

332 3564 539 3654 Februarii,
577 3585 830 3644 convenenmt
862 3569 902 3641 in
928 3568 1092 3672 predicta
1123 3567 1263 3673 capella
1292 3568 1497 3644 adherente
1531 3567 1633 3646 dicte
1665 3570 1744 3647 aule

330 3694 529 3800 episcopali
550 3694 681 3799 prefati
704 3695 792 3772 dicti
815 3697 958 3773 domini
980 3698 1238 3787 commissarii,
1259 3714 1413 3802 excepto
1435 3714 1531 3773 etse
1548 3716 1744 3775 excusante

329 3825 455 3931 quoad
485 3825 706 3902 hodiernam
743 3826 844 3902 diem
868 3826 1011 3932 prefato
1034 3828 1189 3903 domino
1209 3828 1461 3904 Lemouicensi
1491 3829 1681 3934 episcopo,
1710 3847 1746 3905 et

330 3955 482 4032 absente
500 3955 656 4032 domino
676 3957 884 4062 bajocensi:
905 3975 944 4033 ct
962 3957 1117 4034 suerunt
1135 3958 1285 4035 adducti
1305 3986 1431 4035 coram
1451 3959 1505 4035 cis
1524 3958 1670 4036 ibidem
1691 3959 1745 4035 in-

331 4087 442 4163 simul
468 4087 600 4165 fratres
625 4087 842 4193 subscripti,
867 4089 933 4195 qui
955 4088 1105 4166 adducti
1131 4087 1245 4166 fuisse
1262 4089 1484 4166 dicebantur
1505 4090 1554 4165 de
1571 4091 1744 4167 bernone

332 4217 640 4325 Rothomagensis
659 4220 833 4303 diocesis,
851 4219 1023 4297 n'delicet
1043 4219 1173 4297 fratres
1190 4221 1378 4298 lohannes
1394 4220 1537 4298 Botella
1553 4220 1746 4331 presbyter

334 4345 381 4419 de
409 4346 586 4434 Parisius,
611 4350 769 4426 Jacobus
798 4349 846 4425 dc
873 4352 1010 4428 Priveri
1035 4351 1286 4441 Ebmicensis,
1317 4351 1539 4456 Radulphus
1562 4351 1612 4428 de
1636 4352 1746 4431 Com-

333 4476 471 4576 pendio
504 4479 782 4557 suessionensis
815 4477 1021 4556 diocesium
1051 4484 1110 4582 (et
1137 4497 1228 4556 tunc
1258 4482 1430 4558 veniente
1461 4481 1619 4558 domino
1650 4482 1747 4589 Bajo

334 4607 433 4678 censi
462 4633 588 4679 coram
614 4610 694 4710 ipso
725 4628 763 4684 et
791 4608 873 4684 aliis
897 4610 1074 4712 predictis
1102 4610 1267 4687 dominis
1294 4613 1589 4713 commissariis),
1619 4610 1747 4689 fratrer

334 4731 523 4807 lohannes
542 4734 591 4809 de
610 4735 734 4812 Pelles·
751 4739 1006 4829 Camotensis,
1025 4743 1157 4818 Petrus
1178 4742 1228 4818 de
1248 4739 1485 4848 Compendio
1510 4743 1748 4820 suessionen

335 4864 401 4953 sis,
419 4861 608 4942 lohannes
625 4865 872 4973 Dcysimonce
887 4868 1162 4961 Ambianensis,
1181 4872 1370 4951 lohannes
1387 4876 1554 4951 Lomone
1572 4874 1748 4952 constan
