4080 6052
539 530 612 601 ιιι
922 503 1116 597 proces
1140 523 1234 594 ors
1260 522 1560 595 rrurmms.

534 664 608 743 suit
631 678 796 740 servatus
815 661 882 738 iste
907 663 1054 740 modus.
1082 665 1173 740 Nam
1206 690 1293 738 cum
1322 663 1493 768 periisset
1522 686 1657 766 panem
1688 674 1727 733 et
1752 656 1891 764 aquam
1916 637 1950 738 et

537 795 676 871 bonam
695 793 908 871 societatem
922 793 1129 897 proborum
1145 793 1288 869 ordinis
1325 809 1363 869 et
1379 793 1449 899 ipsi
1467 791 1665 868 traxissent
1680 817 1720 866 se
1738 789 1788 864 ad
1808 807 1948 895 partem

539 941 577 1002 et
591 924 866 1014 concessissent,
887 923 1011 999 eidem
1026 921 1194 998 fecerunt
1208 950 1296 998 eum
1309 951 1441 999 vovere
1458 922 1675 1010 castitatem,
1691 918 1947 997 obedienciam

539 1072 577 1131 et
593 1055 712 1129 vivere
733 1054 812 1128 sine
831 1054 1001 1159 proprio,
1024 1069 1061 1128 et
1075 1054 1203 1159 jurare
1226 1080 1340 1158 super
1362 1053 1567 1158 quemdam
1586 1049 1728 1126 librum
1749 1050 1857 1156 quod
1876 1078 1949 1127 ser-

537 1200 638 1259 varet
656 1199 840 1259 secretum
860 1183 1016 1270 ordinis,
1040 1198 1078 1256 et
1096 1181 1201 1287 quod
1220 1197 1380 1259 servaret
1401 1181 1499 1257 bene
1521 1187 1560 1263 et
1583 1179 1749 1257 fideliter
1770 1177 1871 1255 bona
1891 1189 1949 1256 or·

539 1312 647 1402 dinis,
663 1329 700 1388 et
715 1311 820 1418 quod
832 1339 874 1388 ea
886 1312 983 1388 bene
995 1310 1225 1416 dispensaret
1237 1309 1516 1387 transeuntibus
1531 1310 1561 1386 si
1578 1324 1784 1414 peteretur.
1802 1307 1950 1400 Quibus

498 1528 501 1531 ,
538 1443 694 1546 peractis
719 1441 825 1517 dedit
850 1441 920 1517 sibi
942 1442 1062 1517 dictus
1080 1456 1251 1545 receptor
1270 1440 1489 1516 mantellum
1511 1439 1666 1515 ordinis.
1683 1437 1770 1530 Quo
1794 1437 1897 1527 dato,
1916 1457 1952 1516 et

540 1586 702 1675 aportata
726 1599 793 1675 per
817 1571 958 1646 dictum
985 1569 1235 1675 presbiterum
1258 1570 1420 1675 quadam
1444 1594 1552 1644 cruce
1575 1569 1698 1674 lignea
1719 1567 1760 1641 ih
1778 1572 1949 1672 quaerat

539 1728 670 1805 ymago
685 1699 859 1776 Crucifixi
873 1700 1033 1805 depicta,
1046 1700 1138 1775 dixit
1153 1701 1186 1774 ei
1199 1701 1389 1806 predictus
1399 1717 1568 1805 receptor
1580 1699 1684 1805 quod
1694 1726 1772 1776 non
1784 1697 1949 1775 crederet

535 1828 579 1904 'in
595 1828 705 1905 illum
720 1831 784 1934 qui
799 1829 1123 1934 representabatur
1136 1857 1203 1935 per
1213 1830 1350 1906 dictam
1365 1830 1592 1937 ymaginem,
1609 1829 1678 1905 sed
1696 1830 1735 1904 in
1747 1830 1869 1907 Deum
1881 1828 1947 1932 qui

542 1975 619 2034 erat
635 1958 674 2033 in
689 1959 873 2065 paradis0‚
892 1976 929 2035 et
943 1961 1047 2065 quod
1061 1976 1214 2064 negaret
1226 1959 1370 2036 dictum
1382 1957 1613 2037 Crucifixum
1629 1973 1667 2032 et
1681 1957 1786 2063 quod
1801 1973 1952 2063 spueret
1969 1984 1975 1998 ·

542 2105 669 2163 contra
681 2118 785 2180 eum,
803 2108 840 2164 et
854 2090 931 2194 ipse
946 2089 1093 2174 dolens,
1108 2105 1151 2164 ut
1166 2088 1269 2182 dixit,
1287 2105 1325 2166 et
1334 2090 1451 2195 magis
1466 2106 1558 2164 tunc
1574 2087 1701 2164 volens
1719 2088 1801 2165 esse
1819 2086 1951 2164 subtus

542 2234 679 2292 terram
697 2248 766 2324 per
784 2235 935 2296 centum
953 2220 1053 2295 alnas
1070 2247 1184 2324 quam
1203 2219 1275 2306 ibi,
1295 2220 1442 2325 negavit
1460 2247 1561 2307 orre,
1580 2218 1647 2294 sed
1666 2244 1745 2293 non
1765 2217 1896 2305 corde,
1917 2233 1952 2293 et

542 2349 643 2452 spuit
666 2376 741 2424 non
761 2378 873 2454 supra
892 2349 958 2425 sed
976 2376 1092 2454 prope
1113 2349 1249 2425 dictam
1269 2377 1434 2440 crucem,
1457 2366 1494 2425 et
1515 2347 1759 2454 postmodum
1779 2348 1828 2424 de
1848 2376 1951 2424 man-

544 2477 629 2555 dato
649 2477 736 2554 dicti
755 2478 957 2584 recepturis
976 2478 1162 2554 osculatus
1181 2476 1253 2555 fuit
1267 2479 1390 2583 ipsum
1407 2479 1447 2554 in
1462 2506 1570 2553 carne
1586 2478 1690 2554 nuda
1702 2494 1805 2554 retro
1820 2477 1951 2555 'subtus

543 2634 673 2684 ronam
700 2626 738 2684 et
764 2637 874 2714 supra
892 2608 1071 2684 braccale.
1092 2606 1173 2684 Alia
1195 2634 1271 2683 non
1290 2607 1446 2684 suerunt
1465 2607 1517 2683 ibi
1542 2606 1634 2683 lacta
1656 2608 1830 2686 inonesta
1848 2608 1951 2715 quod

542 2737 711 2824 recollat,
730 2740 825 2815 sicut
842 2738 948 2824 dixit,
972 2738 1126 2813 credens
1152 2737 1256 2843 quod
1276 2737 1326 2812 ita
1345 2739 1594 2816 communiter
1611 2739 1869 2844 reciperentur
1885 2737 1946 2813 alii

544 2864 582 2937 in
599 2868 729 2943 ordine
743 2869 837 2944 sicut
850 2868 1024 2973 deposuit
1038 2896 1076 2943 se
1090 2865 1205 2948 luisse
1219 2883 1424 2971 receptum.
1441 2869 1523 2944 Non
1536 2884 1664 2942 tamen
1678 2867 1752 2943 boc
1764 2866 1844 2953 scit,
1859 2865 1946 2971 quia

545 3018 621 3068 non
641 2995 807 3071 interfuit
824 2996 994 3100 capitulis
1012 3024 1143 3072 eorum
1165 3024 1233 3072 nec
1250 2995 1531 3100 recepcionibus
1551 2994 1724 3071 aliorum.
1737 2993 1947 3103 Requisitus

456 3102 463 3109 ⁵
545 3120 575 3196 si
596 3121 737 3199 dictum
755 3122 827 3200 fuit
846 3125 914 3200 sibi
935 3125 975 3198 in
993 3125 1090 3199 dicta
1116 3154 1181 3200 sua
1208 3125 1426 3229 recepcione
1445 3125 1550 3228 quod
1573 3123 1741 3229 predicta
1770 3123 1951 3200 deberent

545 3251 625 3328 fieri
644 3254 852 3357 expunctis
873 3254 1014 3329 ordinis
1040 3254 1098 3329 vel
1120 3284 1164 3330 ex
1183 3256 1343 3339 statutis,
1365 3254 1558 3359 respondit
1577 3253 1681 3360 quod
1701 3283 1788 3331 non.

600 3384 708 3471 Item,
727 3385 808 3462 adv
831 3401 868 3459 et
883 3413 904 3460 x
922 3400 1135 3489 sequentes,
1154 3384 1200 3459 de
1219 3384 1549 3489 dogmatizacione,
1572 3385 1851 3462 conculcacione
1867 3412 1949 3458 cru-

545 3512 595 3588 cis
616 3529 652 3588 et
671 3532 767 3605 cat0,
786 3516 978 3620 respondit
998 3542 1036 3589 se
1055 3514 1172 3588 nichil
1193 3514 1284 3589 scire
1304 3514 1376 3590 nisi
1395 3531 1577 3621 quantum
1598 3541 1703 3618 supra
1718 3512 1903 3617 deposuit.

600 3645 710 3730 Item,
740 3645 786 3721 ad
815 3671 874 3722 xv1
899 3661 936 3720 et
960 3670 1007 3720 ιιι
1032 3661 1247 3749 sequentes,
1279 3644 1325 3718 de
1352 3645 1591 3721 sacramentis
1615 3659 1651 3719 et
1675 3641 1944 3729 sacerdotibus,

544 3774 737 3878 respondit
753 3802 791 3852 se
812 3773 927 3849 nichil
946 3775 1055 3862 scire,
1077 3774 1144 3849 sed
1164 3773 1242 3878 ipse
1260 3772 1357 3848 bene
1378 3773 1553 3849 credebat
1573 3772 1810 3848 sacramentis
1835 3771 1952 3848 eccle-

545 3904 708 3987 siasticis.
1761 3894 1765 3901 ’

599 4036 708 4124 Item,
729 4034 776 4108 ad
794 4060 893 4110 xx1111
916 4051 992 4111 etv
1011 4050 1208 4138 sequentes
1230 4034 1427 4138 respondit
1448 4062 1486 4110 se
1507 4060 1583 4108 non
1606 4033 1758 4108 credere
1782 4048 1952 4109 contenta

544 4164 583 4238 in
605 4165 657 4239 eis
672 4193 751 4241 esse
768 4193 863 4239 vera.

599 4293 707 4382 ltem,
734 4294 781 4370 ad
805 4322 874 4371 xxx
898 4312 937 4373 ¹et
961 4320 998 4369 ιιι
1023 4308 1238 4398 sequentes,
1268 4293 1313 4368 de
1340 4292 1491 4382 osculis,
1519 4290 1712 4396 respondit
1736 4290 1843 4396 quod
1870 4305 1949 4394 post

544 4421 713 4496 osculum
742 4423 880 4498 factum
909 4423 948 4497 in
977 4422 1086 4498 dorso
1115 4422 1316 4527 receptoris
1336 4422 1409 4497 luit
1432 4451 1520 4498 eum
1545 4421 1732 4498 osculatus
1757 4436 1795 4495 et
1822 4418 1947 4495 fratres

543 4567 701 4628 astantes
720 4551 758 4625 in
780 4580 856 4628 ore.

598 4681 708 4765 Item,
731 4680 778 4754 ad
803 4681 922 4757 ιιιιιιιιιι
943 4698 1021 4758 etv
1048 4679 1242 4783 respondit
1266 4679 1410 4756 dictum
1431 4677 1503 4755 sibi
1527 4677 1640 4755 fuisse
1668 4679 1707 4753 in
1729 4675 1940 4783 recepcione

542 4833 608 4883 sua
624 4806 728 4911 quod
747 4807 840 4885 adeo
862 4828 938 4887 erat
954 4811 1123 4888 astrictus
1142 4810 1314 4920 religioni
1334 4811 1453 4916 prima
1471 4808 1531 4886 die
1551 4810 1640 4887 acsi
1660 4807 1793 4887 luisset
1807 4799 1859 4886 ibi
1877 4828 1940 4911 per
