4080 6052
474 543 670 638 recens
694 563 787 636 ons
813 543 1115 637 rennuens.
1432 571 1499 643 roi

84 707 158 787 fuit
180 706 245 786 ille
267 705 337 814 qui
360 705 455 785 dixit
478 706 552 785 sihi
571 705 678 813 quod
697 704 862 783 debebat
884 705 1068 785 adhorare
1087 703 1232 783 dictum
1253 706 1391 810 capud,
1414 709 1506 789 dixit

84 839 190 946 quod
215 839 278 916 ille
297 836 511 944 capellanus
531 837 597 942 qui
617 836 759 943 recepit
780 864 888 928 eum,
908 863 979 914 nec
997 835 1091 914 vidit
1110 834 1208 916 illud
1225 835 1348 942 capud
1372 837 1419 915 ab
1440 839 1506 917 ali·

84 997 162 1076 que
188 968 380 1060 adhorari,
408 995 479 1045 nec
505 967 576 1044 scit
589 966 632 1043 in
649 967 757 1073 cujus
780 967 1023 1049 veneracione
1045 983 1128 1045 erat
1141 966 1298 1056 factum,
1319 995 1391 1045 nec
1409 995 1506 1045 nun-

84 1125 199 1208 quam
217 1098 308 1176 alias
330 1096 426 1175 vidit
449 1095 557 1174 illud.
578 1095 797 1202 Requisitus
822 1096 863 1173 in
887 1125 963 1203 qua
981 1095 1167 1215 horapluit
1189 1096 1262 1175 sihi
1285 1096 1506 1177 hostensnm

86 1229 231 1310 dictum
250 1227 389 1336 capud,
409 1227 504 1304 dixit
522 1226 627 1333 quod
646 1226 687 1303 in
705 1227 799 1305 hera
818 1226 920 1305 dicte
937 1253 1006 1304 sue
1024 1227 1266 1333 rocepcionis.
1307 1270 1309 1275 ·

118 1402 122 1406 ·
142 1351 254 1451 Item,
272 1359 367 1437 dixit
382 1358 487 1465 quod
502 1357 542 1434 in
558 1356 662 1435 dicta¹
672 1385 739 1435 sue
751 1357 988 1464 receptione,
1002 1355 1079 1435 filit
1096 1358 1168 1435 sibi
1187 1359 1324 1436 tradita
1341 1360 1506 1467 quedam

87 1490 255 1568 cordulla
270 1489 317 1567 de
331 1488 400 1567 filo
413 1482 513 1580 elbo,
533 1486 803 1593 quadicehant
821 1485 937 1567 luxisse
957 1487 1124 1564 cinctum
1143 1487 1288 1584 dictum
1306 1491 1446 1596 capud,
1469 1508 1507 1567 et
1598 1570 1600 1574 ,

86 1620 191 1727 qnod
209 1619 422 1726 capellamr‘s
439 1617 634 1726 predictus
656 1616 842 1724 recipiens
866 1645 975 1706 eum,
995 1617 1165 1723 precepit
1190 1617 1264 1695 sibi
1291 1619 1397 1725 quod
1424 1647 1506 1697 earn

84 1767 251 1857 portaret
269 1777 384 1858 super.
403 1730 595 1828 camisiam
614 1776 722 1828 suam
742 1747 792 1836 de
810 1747 873 1825 die
893 1764 934 1826 et
950 1765 1078 1840 nocte,
1098 1748 1270 1827 sedeam
1293 1776 1370 1826 non
1389 1767 1515 1855 porte·

85 1880 155 1972 rit,
173 1896 218 1958 ut
237 1882 347 1974 dixit,
368 1880 438 1960 sed
455 1880 614 1988 projecit
632 1901 726 1957 eam.
767 1972 769 1976 μ
1280 1905 1288 1915 ”

142 2011 253 2100 ltem,
275 2013 369 2089 dixit
393 2039 434 2088 se
454 2011 608 2088 credere
628 2007 839 2116 quodcum
859 2009 992 2086 similis
1011 2009 1168 2088 cordula
1184 2009 1404 2089 tradebatur
1418 2005 1508 2088 'eliis

87 2141 241 2247 quando
259 2141 537 2247 recipiehnnurr
555 2141 599 2217 in
614 2139 747 2217 iratres
767 2139 857 2216 dicti
877 2139 1020 2218 ordinis
1036 2157 1077 2217 et
1095 2141 1201 2247 quod
1221 2141 1339 2218 eciem
1357 2141 1509 2220 diceba·
1615 2129 1619 2136 ’

87 2287 152 2348 tur
171 2269 225 2346 eis
248 2269 354 2377 quod
373 2267 565 2348 dehebant
582 2268 765 2345 adherere
786 2269 926 2373 capud,
946 2268 1065 2351 nescit
1086 2286 1214 2348 tamen
1238 2269 1349 2376 quale
1373 2271 1506 2377 capud.

88 2400 146 2477 De
166 2400 248 2477 aliis
268 2399 452 2477 contentis
471 2399 511 2474 in
530 2397 638 2474 dietis
656 2395 838 2488 articulis,
860 2396 955 2473 dixit
971 2424 1012 2474 se
1031 2397 1149 2474 nichil
1168 2399 1273 2475 scire.

144 2530 254 2620 ltem,
269 2558 383 2635 super
397 2545 466 2609 txr
479 2527 649 2614 trucido,
666 2527 733 2631 qui
746 2525 889 2630 incipit,
904 2527 1000 2604 Item
1014 2525 1121 2634 quod
1135 2529 1202 2634 qui
1217 2526 1412 2619 nolebant,
1426 2547 1507 2637 ete,

66 2684 69 2687 ·
91 2676 128 2738 et
146 2687 259 2766 super
279 2678 475 2738 extr-exart
493 2656 660 2734 articulis
679 2655 899 2761 requisitus,
925 2655 1121 2761 respondit
1143 2657 1307 2763 quod-in
1328 2658 1390 2735 die
1409 2687 1512 2735 rece·

88 2790 231 2896 poionis
250 2819 318 2867 sue
336 2788 411 2866 luit
428 2786 500 2865 sihi
519 2786 726 2864 inhibitum
745 2786 794 2863 nd
812 2784 1057 2891 recipientem
1071 2782 1150 2893 [sic]
1173 2816 1263 2864 eum
1281 2816 1331 2865 ne
1350 2789 1510 2866 modum

89 2949 157 2999 sue
175 2919 406 3025 recepcionie
425 2917 535 2996 alicui
556 2944 635 2995 non
658 2915 856 3008 revelaret,
878 2932 917 2993 et
934 2917 1043 3022 quod
1061 2916 1182 2995 credit
1203 2917 1309 3024 quod
1327 2917 1379 2994 ita
1396 2915 1511 2995 fiebat

90 3051 128 3126 in
147 3049 365 3155 recepcione
382 3048 555 3124 omnium
569 3046 729 3125 fratrum
742 3046 833 3123 dicti
848 3045 1010 3135 ordinis,
1025 3047 1185 3124 sednon
1200 3047 1295 3124 vidit
1308 3047 1390 3125 aliis
1408 3048 1509 3137 fieri3

91 3178 235 3255 audivit
250 3195 378 3265 tamen
398 3177 472 3254 dici
491 3177 531 3253 in
550 3177 685 3254 ordine
705 3204 726 3254 e
745 3176 950 3282 recipiente
970 3205 1060 3253 eum
1078 3176 1235 3283 quodsi
1254 3177 1390 3285 aliquis
1408 3207 1511 3257 rere-

91 3309 186 3387 laret
203 3306 286 3385 aliis
304 3307 423 3385 eciam
440 3305 620 3384 fratribus
638 3307 757 3412 ipsius
776 3305 931 3395 ordinis,
950 3305 1025 3387 nisi,
1042 3304 1314 3394 interfuissent,
1335 3307 1442 3414 quod
1460 3337 1512 3385 ca-

91 3455 270 3544 perentur
290 3437 385 3517 etin
405 3437 571 3544 prisione
593 3455 631 3515 et
648 3436 758 3514 ferris
779 3453 1013 3543 ponerentur
1039 3453 1079 3514 et
1100 3453 1321 3516 tenerentur
1344 3465 1509 3543 semper,
1593 3430 1599 3439 ’
1672 3488 1677 3498 ·
1779 3445 1783 3454 '

91 3597 167 3648 non
195 3587 323 3648 tamen
349 3568 443 3647 vidit
470 3569 577 3676 quod
605 3567 722 3675 niqui
749 3584 905 3673 propter
929 3567 1003 3644 hoc
1027 3584 1260 3673 caperentur.
1282 3567 1407 3674 Super
1431 3568 1512 3643 eliis

91 3701 274 3781 contentis
293 3700 333 3776 in
352 3697 465 3784 dictis
480 3698 646 3777 mucidis
664 3698 759 3777 dixit
777 3696 895 3775 nichil
912 3696 1017 3776 eliud
1035 3697 1139 3777 scire.
1281 3728 1284 3735 ·

148 3829 259 3917 Item,
280 3807 395 3932 snper
419 3853 527 3905 tirus
551 3827 726 3920 articulo,
747 3828 814 3933 qui
838 3827 983 3935 incipit,
1009 3827 1104 3905 Item
1130 3823 1236 3933 quod
1263 3825 1512 3934 injungeban-

92 3975 171 4045 tur,
190 3973 278 4047 etc,
298 3973 337 4033 et
354 3983 468 4060 super
487 3983 588 4035 txmr
608 3974 683 4036 ets
698 3957 864 4037 uuerde
883 3958 1104 4063 requisitus,
1124 3957 1319 4063 respondit
1337 3955 1378 4032 se
1396 3956 1512 4032 nichil

94 4087 187 4165 scire
208 4086 304 4193 quid
323 4092 448 4162 ectum
466 4083 583 4162 fuerit
601 4087 650 4163 de
669 4088 853 4167 contentis
871 4088 912 4165 in
931 4087 1041 4165 dictis
1060 4086 1235 4163 articulis.
1538 4178 1547 4195 .
1574 4068 1576 4074 ¹

97 4283 100 4290 .
147 4217 258 4306 Item,
285 4244 399 4322 super
414 4216 725 4309 ,cxxvi-articulo,
747 4217 817 4322 qui-
834 4216 980 4324 incipit,
1000 4217 1094 4293 ltem
1120 4216 1226 4322 quod
1249 4243 1330 4294 non
1350 4244 1511 4294 recesse-

95 4363 198 4436 runt,
217 4365 305 4439 etc,
321 4347 543 4455 requisitus,
558 4346 756 4453 respondit
770 4375 813 4424 se
830 4346 984 4426 credere
1008 4375 1192 4444 remeses
1212 4363 1384 4423 contenta
1403 4348 1442 4424 in
1462 4349 1514 4425 di·

95 4495 155 4555 cto
183 4476 357 4567 articulo,
382 4505 430 4556 eo
455 4479 561 4584 quod
584 4477 817 4557 clandestine
835 4494 874 4558 et
891 4476 1010 4556 celato
1028 4477 1145 4555 modo
1172 4477 1356 4555 faciehant
1378 4477 1440 4554 illa
1465 4477 1513 4554 de

94 4606 238 4711 quibus
257 4635 371 4714 supra
389 4607 575 4714 deposuit.
795 4618 797 4622 ’

149 4738 263 4829 Item,
280 4766 393 4845 super
407 4764 527 4820 mutu
543 4724 721 4831 articulo,
737 4739 804 4846 qui
820 4739 964 4845 incipit,
987 4739 1082 4817 ltem
1096 4739 1405 4847 quodpredicta,
1422 4758 1510 4826 etc,

75 4883 136 4955 Αἱ
154 4895 271 4976 super-
287 4894 538 4959 ,uteru-rou
561 4868 731 4949 aniculis
740 4869 965 4984 requisitus,
978 4870 1179 4976 'rmpaudit
1196 4897 1237 4947 se
1256 4872 1409 4948 cedere
1426 4895 1512 4946 vera
