<?xml version="1.0" encoding="UTF-8"?>
<!DOCTYPE html PUBLIC "-//W3C//DTD XHTML 1.0 Transitional//EN"
    "http://www.w3.org/TR/xhtml1/DTD/xhtml1-transitional.dtd">
<html xmlns="http://www.w3.org/1999/xhtml" xml:lang="en" lang="en">
 <head>
  <title>
</title>
<meta http-equiv="Content-Type" content="text/html;charset=utf-8" />
  <meta name='ocr-system' content='tesseract 3.04.00' />
  <meta name='ocr-capabilities' content='ocr_page ocr_carea ocr_par ocr_line ocrx_word'/>
</head>
<body>
  <div class='ocr_page' id='page_1' title='image "./procsdestemplie02defegoog_0438.png"; bbox 0 0 4080 6052; ppageno 0'>
   <div class='ocr_carea' id='block_1_1' title="bbox 333 523 1363 619">
    <p class='ocr_par' dir='ltr' id='par_1_1' title="bbox 333 523 1363 619">
     <span class='ocr_line' id='line_1_1' title="bbox 333 523 1363 619; baseline -0.008 -4"><span class='ocrx_word' id='word_1_1' title='bbox 333 542 407 615; x_wconf 80' lang='lat' dir='ltr'><strong>mo</strong></span> <span class='ocrx_word' id='word_1_2' title='bbox 721 523 915 619; x_wconf 76' lang='lat' dir='ltr'><strong>Procas</strong></span> <span class='ocrx_word' id='word_1_3' title='bbox 941 541 1035 614; x_wconf 81' lang='lat' dir='ltr'><strong>nas</strong></span> <span class='ocrx_word' id='word_1_4' title='bbox 1060 536 1363 611; x_wconf 74' lang='lat' dir='ltr'><strong>remeamus.</strong></span> 
     </span>
    </p>
   </div>
   <div class='ocr_carea' id='block_1_2' title="bbox 330 671 1798 4433">
    <p class='ocr_par' dir='ltr' id='par_1_2' title="bbox 330 671 1798 4433">
     <span class='ocr_line' id='line_1_2' title="bbox 330 671 1751 787; baseline -0.005 -26"><span class='ocrx_word' id='word_1_5' title='bbox 330 686 469 762; x_wconf 81' lang='lat' dir='ltr'><strong>bantur</strong></span> <span class='ocrx_word' id='word_1_6' title='bbox 487 711 564 761; x_wconf 91' lang='lat' dir='ltr'><strong>non</strong></span> <span class='ocrx_word' id='word_1_7' title='bbox 583 683 747 762; x_wconf 87' lang='lat' dir='ltr'><strong>revelare</strong></span> <span class='ocrx_word' id='word_1_8' title='bbox 767 685 926 763; x_wconf 90' lang='lat' dir='ltr'><strong>modum</strong></span> <span class='ocrx_word' id='word_1_9' title='bbox 945 679 1175 786; x_wconf 88' lang='lat' dir='ltr'><strong>recepoionis</strong></span> <span class='ocrx_word' id='word_1_10' title='bbox 1194 704 1329 756; x_wconf 88' lang='lat' dir='ltr'><strong>eorum</strong></span> <span class='ocrx_word' id='word_1_11' title='bbox 1349 673 1466 753; x_wconf 90' lang='lat' dir='ltr'><strong>eciam</strong></span> <span class='ocrx_word' id='word_1_12' title='bbox 1487 671 1670 755; x_wconf 81' lang='lat' dir='ltr'><strong>fratribus</strong></span> <span class='ocrx_word' id='word_1_13' title='bbox 1686 680 1751 787; x_wconf 92' lang='lat' dir='ltr'><strong>qui</strong></span> 
     </span>
     <span class='ocr_line' id='line_1_3' title="bbox 332 804 1761 918; baseline -0.001 -29"><span class='ocrx_word' id='word_1_14' title='bbox 332 842 410 889; x_wconf 91' lang='lat' dir='ltr'><strong>non</strong></span> <span class='ocrx_word' id='word_1_15' title='bbox 425 811 593 890; x_wconf 75' lang='lat' dir='ltr'><strong>aluerant</strong></span> <span class='ocrx_word' id='word_1_16' title='bbox 612 828 650 889; x_wconf 94' lang='lat' dir='ltr'><strong>et</strong></span> <span class='ocrx_word' id='word_1_17' title='bbox 668 818 809 891; x_wconf 87' lang='lat' dir='ltr'><strong>secreta</strong></span> <span class='ocrx_word' id='word_1_18' title='bbox 826 808 1108 918; x_wconf 74' lang='lat' dir='ltr'><strong>capituliorum3</strong></span> <span class='ocrx_word' id='word_1_19' title='bbox 1124 807 1334 886; x_wconf 89' lang='lat' dir='ltr'><strong>secundum</strong></span> <span class='ocrx_word' id='word_1_20' title='bbox 1353 821 1491 883; x_wconf 85' lang='lat' dir='ltr'><strong>statuta</strong></span> <span class='ocrx_word' id='word_1_21' title='bbox 1511 804 1660 884; x_wconf 81' lang='lat' dir='ltr'><strong>ordinis</strong></span> <span class='ocrx_word' id='word_1_22' title='bbox 1675 836 1761 887; x_wconf 87' lang='lat' dir='ltr'><strong>non·</strong></span> 
     </span>
     <span class='ocr_line' id='line_1_4' title="bbox 332 930 1743 1049; baseline -0.004 -28"><span class='ocrx_word' id='word_1_23' title='bbox 332 941 532 1041; x_wconf 84' lang='lat' dir='ltr'><strong>debebant,</strong></span> <span class='ocrx_word' id='word_1_24' title='bbox 547 941 619 1019; x_wconf 93' lang='lat' dir='ltr'><strong>nisi</strong></span> <span class='ocrx_word' id='word_1_25' title='bbox 635 943 853 1049; x_wconf 90' lang='lat' dir='ltr'><strong>presbiteris</strong></span> <span class='ocrx_word' id='word_1_26' title='bbox 868 940 1022 1028; x_wconf 82' lang='lat' dir='ltr'><strong>ordinis,</strong></span> <span class='ocrx_word' id='word_1_27' title='bbox 1035 937 1175 1044; x_wconf 89' lang='lat' dir='ltr'><strong>absque</strong></span> <span class='ocrx_word' id='word_1_28' title='bbox 1192 935 1365 1024; x_wconf 76' lang='lat' dir='ltr'>licencia,</span> <span class='ocrx_word' id='word_1_29' title='bbox 1378 951 1417 1012; x_wconf 87' lang='lat' dir='ltr'><strong>et</strong></span> <span class='ocrx_word' id='word_1_30' title='bbox 1433 930 1519 1011; x_wconf 90' lang='lat' dir='ltr'><strong>aliis</strong></span> <span class='ocrx_word' id='word_1_31' title='bbox 1534 934 1743 1040; x_wconf 81' lang='lat' dir='ltr'><strong>presbiteris</strong></span> 
     </span>
     <span class='ocr_line' id='line_1_5' title="bbox 333 1064 1742 1171; baseline -0.003 -24"><span class='ocrx_word' id='word_1_32' title='bbox 333 1070 515 1148; x_wconf 85' lang='lat' dir='ltr'><strong>confiteri.</strong></span> <span class='ocrx_word' id='word_1_33' title='bbox 537 1070 577 1148; x_wconf 88' lang='lat' dir='ltr'><strong>si</strong></span> <span class='ocrx_word' id='word_1_34' title='bbox 595 1068 728 1149; x_wconf 82' lang='lat' dir='ltr'><strong>fratres</strong></span> <span class='ocrx_word' id='word_1_35' title='bbox 747 1071 914 1148; x_wconf 80' lang='lat' dir='ltr'><strong>sciebant</strong></span> <span class='ocrx_word' id='word_1_36' title='bbox 933 1095 1078 1145; x_wconf 89' lang='lat' dir='ltr'><strong>errores</strong></span> <span class='ocrx_word' id='word_1_37' title='bbox 1100 1066 1141 1143; x_wconf 92' lang='lat' dir='ltr'><strong>in</strong></span> <span class='ocrx_word' id='word_1_38' title='bbox 1161 1065 1315 1156; x_wconf 86' lang='lat' dir='ltr'><strong>ordine,</strong></span> <span class='ocrx_word' id='word_1_39' title='bbox 1338 1079 1376 1140; x_wconf 90' lang='lat' dir='ltr'><strong>et</strong></span> <span class='ocrx_word' id='word_1_40' title='bbox 1394 1064 1559 1141; x_wconf 81' lang='lat' dir='ltr'><strong>maxime</strong></span> <span class='ocrx_word' id='word_1_41' title='bbox 1582 1066 1742 1171; x_wconf 88' lang='lat' dir='ltr'><strong>superio-</strong></span> 
     </span>
     <span class='ocr_line' id='line_1_6' title="bbox 332 1194 1798 1309; baseline -0.001 -33"><span class='ocrx_word' id='word_1_42' title='bbox 332 1228 407 1289; x_wconf 90' lang='lat' dir='ltr'><strong>res,</strong></span> <span class='ocrx_word' id='word_1_43' title='bbox 424 1199 522 1277; x_wconf 91' lang='lat' dir='ltr'><strong>male</strong></span> <span class='ocrx_word' id='word_1_44' title='bbox 535 1199 706 1279; x_wconf 83' lang='lat' dir='ltr'><strong>lecerunt</strong></span> <span class='ocrx_word' id='word_1_45' title='bbox 717 1201 807 1309; x_wconf 91' lang='lat' dir='ltr'><strong>quia</strong></span> <span class='ocrx_word' id='word_1_46' title='bbox 819 1229 896 1278; x_wconf 92' lang='lat' dir='ltr'><strong>non</strong></span> <span class='ocrx_word' id='word_1_47' title='bbox 905 1213 1147 1277; x_wconf 85' lang='lat' dir='ltr'><strong>correxerunt</strong></span> <span class='ocrx_word' id='word_1_48' title='bbox 1158 1223 1228 1273; x_wconf 88' lang='lat' dir='ltr'><strong>neo</strong></span> <span class='ocrx_word' id='word_1_49' title='bbox 1239 1194 1565 1273; x_wconf 90' lang='lat' dir='ltr'><strong>denunciaverunt</strong></span> <span class='ocrx_word' id='word_1_50' title='bbox 1573 1194 1741 1275; x_wconf 79' lang='lat' dir='ltr'><strong>Ecclesia.</strong></span> <span class='ocrx_word' id='word_1_51' title='bbox 1792 1283 1798 1291; x_wconf 55' lang='grc'><strong>,</strong></span> 
     </span>
     <span class='ocr_line' id='line_1_7' title="bbox 331 1323 1748 1434; baseline -0.001 -29"><span class='ocrx_word' id='word_1_52' title='bbox 331 1330 374 1405; x_wconf 95' lang='lat' dir='ltr'><strong>In</strong></span> <span class='ocrx_word' id='word_1_53' title='bbox 388 1328 574 1434; x_wconf 87' lang='lat' dir='ltr'><strong>capitoliis</strong></span> <span class='ocrx_word' id='word_1_54' title='bbox 589 1358 723 1409; x_wconf 89' lang='lat' dir='ltr'><strong>eorum</strong></span> <span class='ocrx_word' id='word_1_55' title='bbox 739 1332 834 1409; x_wconf 89' lang='lat' dir='ltr'><strong>vidit</strong></span> <span class='ocrx_word' id='word_1_56' title='bbox 853 1356 986 1408; x_wconf 90' lang='lat' dir='ltr'><strong>omnes</strong></span> <span class='ocrx_word' id='word_1_57' title='bbox 1003 1326 1231 1407; x_wconf 85' lang='lat' dir='ltr'><strong>curialitates</strong></span> <span class='ocrx_word' id='word_1_58' title='bbox 1247 1323 1419 1416; x_wconf 85' lang='lat' dir='ltr'><strong>concedi,</strong></span> <span class='ocrx_word' id='word_1_59' title='bbox 1438 1341 1477 1402; x_wconf 87' lang='lat' dir='ltr'><strong>et</strong></span> <span class='ocrx_word' id='word_1_60' title='bbox 1496 1352 1630 1403; x_wconf 90' lang='lat' dir='ltr'><strong>omnes</strong></span> <span class='ocrx_word' id='word_1_61' title='bbox 1648 1326 1748 1405; x_wconf 89' lang='lat' dir='ltr'><strong>incu-</strong></span> 
     </span>
     <span class='ocr_line' id='line_1_8' title="bbox 332 1453 1746 1566; baseline 0 -31"><span class='ocrx_word' id='word_1_62' title='bbox 332 1460 509 1536; x_wconf 86' lang='lat' dir='ltr'><strong>rialitates</strong></span> <span class='ocrx_word' id='word_1_63' title='bbox 528 1459 739 1565; x_wconf 91' lang='lat' dir='ltr'><strong>reprobari,</strong></span> <span class='ocrx_word' id='word_1_64' title='bbox 765 1478 804 1538; x_wconf 85' lang='lat' dir='ltr'><strong>et</strong></span> <span class='ocrx_word' id='word_1_65' title='bbox 821 1458 1099 1566; x_wconf 71' lang='lat' dir='ltr'><strong>precipiebatur</strong></span> <span class='ocrx_word' id='word_1_66' title='bbox 1121 1456 1175 1533; x_wconf 89' lang='lat' dir='ltr'><strong>eis</strong></span> <span class='ocrx_word' id='word_1_67' title='bbox 1193 1454 1300 1562; x_wconf 92' lang='lat' dir='ltr'><strong>quod</strong></span> <span class='ocrx_word' id='word_1_68' title='bbox 1321 1453 1489 1533; x_wconf 81' lang='lat' dir='ltr'><strong>lacerent</strong></span> <span class='ocrx_word' id='word_1_69' title='bbox 1504 1453 1606 1533; x_wconf 88' lang='lat' dir='ltr'><strong>bene</strong></span> <span class='ocrx_word' id='word_1_70' title='bbox 1624 1456 1746 1535; x_wconf 76' lang='lat' dir='ltr'><strong>serviti</strong></span> 
     </span>
     <span class='ocr_line' id='line_1_9' title="bbox 333 1584 1763 1691; baseline 0.001 -28"><span class='ocrx_word' id='word_1_71' title='bbox 333 1589 374 1664; x_wconf 92' lang='lat' dir='ltr'><strong>in</strong></span> <span class='ocrx_word' id='word_1_72' title='bbox 394 1588 559 1667; x_wconf 89' lang='lat' dir='ltr'><strong>ecclesiis</strong></span> <span class='ocrx_word' id='word_1_73' title='bbox 577 1617 731 1682; x_wconf 91' lang='lat' dir='ltr'><strong>eorum,</strong></span> <span class='ocrx_word' id='word_1_74' title='bbox 754 1608 792 1667; x_wconf 89' lang='lat' dir='ltr'><strong>et</strong></span> <span class='ocrx_word' id='word_1_75' title='bbox 814 1590 912 1668; x_wconf 90' lang='lat' dir='ltr'><strong>bene</strong></span> <span class='ocrx_word' id='word_1_76' title='bbox 933 1588 1156 1667; x_wconf 82' lang='lat' dir='ltr'><strong>elemosinas</strong></span> <span class='ocrx_word' id='word_1_77' title='bbox 1175 1586 1276 1675; x_wconf 84' lang='lat' dir='ltr'><strong>lieri,</strong></span> <span class='ocrx_word' id='word_1_78' title='bbox 1301 1603 1339 1663; x_wconf 88' lang='lat' dir='ltr'><strong>et</strong></span> <span class='ocrx_word' id='word_1_79' title='bbox 1357 1584 1648 1691; x_wconf 70' lang='lat' dir='ltr'><strong>hospitalitatem</strong></span> <span class='ocrx_word' id='word_1_80' title='bbox 1669 1614 1763 1665; x_wconf 67' lang='lat' dir='ltr'><strong>ren·</strong></span> 
     </span>
     <span class='ocr_line' id='line_1_10' title="bbox 332 1712 1740 1826; baseline 0.001 -33"><span class='ocrx_word' id='word_1_81' title='bbox 332 1718 421 1796; x_wconf 92' lang='lat' dir='ltr'><strong>vari.</strong></span> <span class='ocrx_word' id='word_1_82' title='bbox 439 1719 483 1797; x_wconf 91' lang='lat' dir='ltr'><strong>ln</strong></span> <span class='ocrx_word' id='word_1_83' title='bbox 502 1718 693 1826; x_wconf 85' lang='lat' dir='ltr'><strong>aliquibus</strong></span> <span class='ocrx_word' id='word_1_84' title='bbox 709 1737 836 1797; x_wconf 90' lang='lat' dir='ltr'><strong>tamen</strong></span> <span class='ocrx_word' id='word_1_85' title='bbox 855 1718 948 1798; x_wconf 86' lang='lat' dir='ltr'><strong>locis</strong></span> <span class='ocrx_word' id='word_1_86' title='bbox 966 1717 1122 1819; x_wconf 84' lang='lat' dir='ltr'><strong>luerunt</strong></span> <span class='ocrx_word' id='word_1_87' title='bbox 1137 1732 1332 1794; x_wconf 80' lang='lat' dir='ltr'><strong>retractate</strong></span> <span class='ocrx_word' id='word_1_88' title='bbox 1352 1712 1576 1804; x_wconf 88' lang='lat' dir='ltr'><strong>elemosine,</strong></span> <span class='ocrx_word' id='word_1_89' title='bbox 1590 1744 1658 1793; x_wconf 84' lang='lat' dir='ltr'><strong>neo</strong></span> <span class='ocrx_word' id='word_1_90' title='bbox 1673 1716 1740 1795; x_wconf 80' lang='lat' dir='ltr'><strong>fie-</strong></span> 
     </span>
     <span class='ocr_line' id='line_1_11' title="bbox 332 1844 1738 1955; baseline 0.001 -32"><span class='ocrx_word' id='word_1_91' title='bbox 332 1847 423 1925; x_wconf 88' lang='lat' dir='ltr'><strong>bant</strong></span> <span class='ocrx_word' id='word_1_92' title='bbox 443 1864 503 1925; x_wconf 93' lang='lat' dir='ltr'><strong>ter</strong></span> <span class='ocrx_word' id='word_1_93' title='bbox 520 1848 560 1924; x_wconf 92' lang='lat' dir='ltr'><strong>in</strong></span> <span class='ocrx_word' id='word_1_94' title='bbox 577 1849 800 1955; x_wconf 89' lang='lat' dir='ltr'><strong>septimana,</strong></span> <span class='ocrx_word' id='word_1_95' title='bbox 821 1865 867 1927; x_wconf 90' lang='lat' dir='ltr'><strong>ut</strong></span> <span class='ocrx_word' id='word_1_96' title='bbox 885 1847 1099 1937; x_wconf 87' lang='lat' dir='ltr'><strong>debebant,</strong></span> <span class='ocrx_word' id='word_1_97' title='bbox 1117 1846 1187 1924; x_wconf 91' lang='lat' dir='ltr'><strong>sed</strong></span> <span class='ocrx_word' id='word_1_98' title='bbox 1204 1844 1304 1923; x_wconf 91' lang='lat' dir='ltr'><strong>ultra</strong></span> <span class='ocrx_word' id='word_1_99' title='bbox 1323 1873 1426 1923; x_wconf 88' lang='lat' dir='ltr'><strong>mare</strong></span> <span class='ocrx_word' id='word_1_100' title='bbox 1443 1844 1600 1937; x_wconf 84' lang='lat' dir='ltr'><strong>dabant,</strong></span> <span class='ocrx_word' id='word_1_101' title='bbox 1619 1872 1738 1925; x_wconf 79' lang='lat' dir='ltr'><strong>amore</strong></span> 
     </span>
     <span class='ocr_line' id='line_1_12' title="bbox 332 1973 1746 2085; baseline 0.001 -30"><span class='ocrx_word' id='word_1_102' title='bbox 332 1979 419 2069; x_wconf 87' lang='lat' dir='ltr'><strong>Dei,</strong></span> <span class='ocrx_word' id='word_1_103' title='bbox 439 1979 625 2056; x_wconf 88' lang='lat' dir='ltr'><strong>decimam</strong></span> <span class='ocrx_word' id='word_1_104' title='bbox 643 1998 789 2085; x_wconf 90' lang='lat' dir='ltr'><strong>partem</strong></span> <span class='ocrx_word' id='word_1_105' title='bbox 808 1978 1027 2057; x_wconf 84' lang='lat' dir='ltr'><strong>victualium</strong></span> <span class='ocrx_word' id='word_1_106' title='bbox 1046 2005 1180 2056; x_wconf 89' lang='lat' dir='ltr'><strong>eorum</strong></span> <span class='ocrx_word' id='word_1_107' title='bbox 1198 1994 1238 2054; x_wconf 88' lang='lat' dir='ltr'><strong>et</strong></span> <span class='ocrx_word' id='word_1_108' title='bbox 1255 1975 1382 2054; x_wconf 88' lang='lat' dir='ltr'><strong>omnia</strong></span> <span class='ocrx_word' id='word_1_109' title='bbox 1403 1973 1544 2055; x_wconf 83' lang='lat' dir='ltr'><strong>cibaria</strong></span> <span class='ocrx_word' id='word_1_110' title='bbox 1562 2005 1638 2083; x_wconf 84' lang='lat' dir='ltr'><strong>que</strong></span> <span class='ocrx_word' id='word_1_111' title='bbox 1653 1976 1746 2057; x_wconf 78' lang='lat' dir='ltr'><strong>levr-</strong></span> 
     </span>
     <span class='ocr_line' id='line_1_13' title="bbox 332 2104 1743 2221; baseline 0.005 -39"><span class='ocrx_word' id='word_1_112' title='bbox 332 2107 471 2183; x_wconf 89' lang='lat' dir='ltr'><strong>bantur</strong></span> <span class='ocrx_word' id='word_1_113' title='bbox 488 2108 535 2184; x_wconf 91' lang='lat' dir='ltr'><strong>de</strong></span> <span class='ocrx_word' id='word_1_114' title='bbox 557 2109 696 2186; x_wconf 86' lang='lat' dir='ltr'><strong>mensis</strong></span> <span class='ocrx_word' id='word_1_115' title='bbox 715 2136 867 2201; x_wconf 68' lang='lat' dir='ltr'><strong>eorum,</strong></span> <span class='ocrx_word' id='word_1_116' title='bbox 880 2136 950 2214; x_wconf 92' lang='lat' dir='ltr'><strong>per</strong></span> <span class='ocrx_word' id='word_1_117' title='bbox 968 2105 1072 2221; x_wconf 75' lang='lat' dir='ltr'><strong>nefas</strong></span> <span class='ocrx_word' id='word_1_118' title='bbox 1087 2134 1164 2185; x_wconf 91' lang='lat' dir='ltr'><strong>non</strong></span> <span class='ocrx_word' id='word_1_119' title='bbox 1182 2104 1372 2191; x_wconf 84' lang='lat' dir='ltr'><strong>debebant</strong></span> <span class='ocrx_word' id='word_1_120' title='bbox 1389 2106 1604 2215; x_wconf 82' lang='lat' dir='ltr'><strong>acquirere,</strong></span> <span class='ocrx_word' id='word_1_121' title='bbox 1615 2136 1687 2187; x_wconf 88' lang='lat' dir='ltr'><strong>nac</strong></span> <span class='ocrx_word' id='word_1_122' title='bbox 1703 2136 1743 2189; x_wconf 80' lang='lat' dir='ltr'><strong>ex</strong></span> 
     </span>
     <span class='ocr_line' id='line_1_14' title="bbox 333 2235 1747 2345; baseline 0.004 -33"><span class='ocrx_word' id='word_1_123' title='bbox 333 2236 406 2312; x_wconf 93' lang='lat' dir='ltr'><strong>hoc</strong></span> <span class='ocrx_word' id='word_1_124' title='bbox 426 2235 622 2343; x_wconf 84' lang='lat' dir='ltr'><strong>degerere,</strong></span> <span class='ocrx_word' id='word_1_125' title='bbox 643 2265 714 2314; x_wconf 89' lang='lat' dir='ltr'><strong>nec</strong></span> <span class='ocrx_word' id='word_1_126' title='bbox 733 2238 900 2345; x_wconf 89' lang='lat' dir='ltr'><strong>recipere</strong></span> <span class='ocrx_word' id='word_1_127' title='bbox 922 2237 1166 2316; x_wconf 90' lang='lat' dir='ltr'><strong>mercimonia</strong></span> <span class='ocrx_word' id='word_1_128' title='bbox 1188 2236 1312 2315; x_wconf 85' lang='lat' dir='ltr'><strong>aliena</strong></span> <span class='ocrx_word' id='word_1_129' title='bbox 1338 2235 1379 2313; x_wconf 90' lang='lat' dir='ltr'><strong>in</strong></span> <span class='ocrx_word' id='word_1_130' title='bbox 1403 2236 1577 2317; x_wconf 83' lang='lat' dir='ltr'><strong>custodia</strong></span> <span class='ocrx_word' id='word_1_131' title='bbox 1598 2266 1689 2330; x_wconf 86' lang='lat' dir='ltr'><strong>sua,</strong></span> <span class='ocrx_word' id='word_1_132' title='bbox 1707 2256 1747 2317; x_wconf 89' lang='lat' dir='ltr'><strong>ut</strong></span> 
     </span>
     <span class='ocr_line' id='line_1_15' title="bbox 331 2366 1747 2477; baseline 0.004 -34"><span class='ocrx_word' id='word_1_133' title='bbox 331 2367 558 2473; x_wconf 87' lang='lat' dir='ltr'><strong>temporales</strong></span> <span class='ocrx_word' id='word_1_134' title='bbox 568 2369 713 2445; x_wconf 92' lang='lat' dir='ltr'><strong>domini</strong></span> <span class='ocrx_word' id='word_1_135' title='bbox 726 2370 804 2447; x_wconf 87' lang='lat' dir='ltr'><strong>suis</strong></span> <span class='ocrx_word' id='word_1_136' title='bbox 812 2369 980 2476; x_wconf 81' lang='lat' dir='ltr'><strong>pedagiis</strong></span> <span class='ocrx_word' id='word_1_137' title='bbox 986 2368 1264 2447; x_wconf 76' lang='lat' dir='ltr'><strong>fraudarentur.</strong></span> <span class='ocrx_word' id='word_1_138' title='bbox 1277 2367 1388 2447; x_wconf 82' lang='lat' dir='ltr'><strong>Missa</strong></span> <span class='ocrx_word' id='word_1_139' title='bbox 1400 2366 1449 2445; x_wconf 89' lang='lat' dir='ltr'><strong>de</strong></span> <span class='ocrx_word' id='word_1_140' title='bbox 1464 2366 1747 2477; x_wconf 77' lang='lat' dir='ltr'><strong>Smctespiriu</strong></span> 
     </span>
     <span class='ocr_line' id='line_1_16' title="bbox 332 2496 1748 2608; baseline 0.004 -35"><span class='ocrx_word' id='word_1_141' title='bbox 332 2513 532 2604; x_wconf 88' lang='lat' dir='ltr'><strong>antequam</strong></span> <span class='ocrx_word' id='word_1_142' title='bbox 549 2516 770 2577; x_wconf 90' lang='lat' dir='ltr'><strong>tenerentur</strong></span> <span class='ocrx_word' id='word_1_143' title='bbox 795 2496 983 2608; x_wconf 85' lang='lat' dir='ltr'><strong>generalia</strong></span> <span class='ocrx_word' id='word_1_144' title='bbox 1012 2498 1187 2606; x_wconf 86' lang='lat' dir='ltr'><strong>capitulia</strong></span> <span class='ocrx_word' id='word_1_145' title='bbox 1210 2497 1487 2587; x_wconf 85' lang='lat' dir='ltr'><strong>celebrabatur,</strong></span> <span class='ocrx_word' id='word_1_146' title='bbox 1505 2500 1748 2607; x_wconf 84' lang='lat' dir='ltr'><strong>postmodum</strong></span> 
     </span>
     <span class='ocr_line' id='line_1_17' title="bbox 331 2627 1745 2740; baseline 0.004 -37"><span class='ocrx_word' id='word_1_147' title='bbox 331 2627 521 2705; x_wconf 87' lang='lat' dir='ltr'><strong>intrabant</strong></span> <span class='ocrx_word' id='word_1_148' title='bbox 542 2629 765 2736; x_wconf 87' lang='lat' dir='ltr'><strong>capitulum,</strong></span> <span class='ocrx_word' id='word_1_149' title='bbox 784 2647 822 2713; x_wconf 85' lang='lat' dir='ltr'><strong>et</strong></span> <span class='ocrx_word' id='word_1_150' title='bbox 838 2629 1101 2736; x_wconf 87' lang='lat' dir='ltr'><strong>predicabatur</strong></span> <span class='ocrx_word' id='word_1_151' title='bbox 1121 2628 1176 2706; x_wconf 87' lang='lat' dir='ltr'><strong>eis</strong></span> <span class='ocrx_word' id='word_1_152' title='bbox 1208 2656 1276 2734; x_wconf 92' lang='lat' dir='ltr'><strong>per</strong></span> <span class='ocrx_word' id='word_1_153' title='bbox 1299 2627 1466 2735; x_wconf 87' lang='lat' dir='ltr'><strong>aliquem</strong></span> <span class='ocrx_word' id='word_1_154' title='bbox 1488 2628 1745 2740; x_wconf 79' lang='lat' dir='ltr'><strong>religiossum,</strong></span> 
     </span>
     <span class='ocr_line' id='line_1_18' title="bbox 332 2758 1743 2869; baseline 0.001 -35"><span class='ocrx_word' id='word_1_155' title='bbox 332 2787 409 2864; x_wconf 91' lang='lat' dir='ltr'><strong>quo</strong></span> <span class='ocrx_word' id='word_1_156' title='bbox 433 2758 649 2849; x_wconf 90' lang='lat' dir='ltr'><strong>recedente,</strong></span> <span class='ocrx_word' id='word_1_157' title='bbox 668 2759 915 2861; x_wconf 88' lang='lat' dir='ltr'><strong>firmabantur</strong></span> <span class='ocrx_word' id='word_1_158' title='bbox 934 2777 1041 2869; x_wconf 87' lang='lat' dir='ltr'><strong>porte</strong></span> <span class='ocrx_word' id='word_1_159' title='bbox 1067 2759 1238 2866; x_wconf 89' lang='lat' dir='ltr'><strong>capituli,</strong></span> <span class='ocrx_word' id='word_1_160' title='bbox 1258 2776 1296 2836; x_wconf 93' lang='lat' dir='ltr'><strong>et</strong></span> <span class='ocrx_word' id='word_1_161' title='bbox 1318 2758 1628 2839; x_wconf 89' lang='lat' dir='ltr'><strong>custodiebantur</strong></span> <span class='ocrx_word' id='word_1_162' title='bbox 1646 2760 1743 2837; x_wconf 77' lang='lat' dir='ltr'><strong>man</strong></span> 
     </span>
     <span class='ocr_line' id='line_1_19' title="bbox 332 2885 1742 2999; baseline 0.004 -38"><span class='ocrx_word' id='word_1_163' title='bbox 332 2887 378 2962; x_wconf 90' lang='lat' dir='ltr'><strong>ab</strong></span> <span class='ocrx_word' id='word_1_164' title='bbox 398 2885 525 2995; x_wconf 89' lang='lat' dir='ltr'><strong>aliquo</strong></span> <span class='ocrx_word' id='word_1_165' title='bbox 546 2919 590 2966; x_wconf 81' lang='lat' dir='ltr'><strong>ex</strong></span> <span class='ocrx_word' id='word_1_166' title='bbox 606 2889 784 2969; x_wconf 84' lang='lat' dir='ltr'><strong>fratribus</strong></span> <span class='ocrx_word' id='word_1_167' title='bbox 800 2921 849 2969; x_wconf 95' lang='lat' dir='ltr'><strong>ne</strong></span> <span class='ocrx_word' id='word_1_168' title='bbox 869 2891 1008 2999; x_wconf 90' lang='lat' dir='ltr'><strong>aliquis</strong></span> <span class='ocrx_word' id='word_1_169' title='bbox 1027 2891 1198 2982; x_wconf 91' lang='lat' dir='ltr'><strong>intraret,</strong></span> <span class='ocrx_word' id='word_1_170' title='bbox 1217 2906 1256 2966; x_wconf 87' lang='lat' dir='ltr'><strong>et</strong></span> <span class='ocrx_word' id='word_1_171' title='bbox 1271 2890 1541 2995; x_wconf 84' lang='lat' dir='ltr'><strong>providebatur</strong></span> <span class='ocrx_word' id='word_1_172' title='bbox 1551 2918 1598 2968; x_wconf 85' lang='lat' dir='ltr'><strong>ne</strong></span> <span class='ocrx_word' id='word_1_173' title='bbox 1611 2889 1742 2997; x_wconf 86' lang='lat' dir='ltr'><strong>aliquis</strong></span> 
     </span>
     <span class='ocr_line' id='line_1_20' title="bbox 331 3015 1746 3129; baseline 0.008 -41"><span class='ocrx_word' id='word_1_174' title='bbox 331 3015 399 3120; x_wconf 94' lang='lat' dir='ltr'><strong>qui</strong></span> <span class='ocrx_word' id='word_1_175' title='bbox 423 3033 521 3092; x_wconf 84' lang='lat' dir='ltr'><strong>esset</strong></span> <span class='ocrx_word' id='word_1_176' title='bbox 537 3035 637 3094; x_wconf 81' lang='lat' dir='ltr'><strong>extra</strong></span> <span class='ocrx_word' id='word_1_177' title='bbox 658 3020 864 3124; x_wconf 88' lang='lat' dir='ltr'><strong>capitulum</strong></span> <span class='ocrx_word' id='word_1_178' title='bbox 881 3037 1008 3128; x_wconf 86' lang='lat' dir='ltr'><strong>posset</strong></span> <span class='ocrx_word' id='word_1_179' title='bbox 1027 3021 1158 3098; x_wconf 89' lang='lat' dir='ltr'><strong>andire</strong></span> <span class='ocrx_word' id='word_1_180' title='bbox 1178 3019 1352 3109; x_wconf 79' lang='lat' dir='ltr'><strong>eosdem3</strong></span> <span class='ocrx_word' id='word_1_181' title='bbox 1373 3020 1482 3127; x_wconf 93' lang='lat' dir='ltr'><strong>quod</strong></span> <span class='ocrx_word' id='word_1_182' title='bbox 1499 3050 1653 3129; x_wconf 78' lang='lat' dir='ltr'><strong>magnus</strong></span> <span class='ocrx_word' id='word_1_183' title='bbox 1668 3020 1746 3099; x_wconf 74' lang='lat' dir='ltr'><strong>tta-</strong></span> 
     </span>
     <span class='ocr_line' id='line_1_21' title="bbox 333 3143 1750 3247; baseline 0.009 -31"><span class='ocrx_word' id='word_1_184' title='bbox 333 3143 447 3247; x_wconf 87' lang='lat' dir='ltr'><strong>gister</strong></span> <span class='ocrx_word' id='word_1_185' title='bbox 474 3171 561 3220; x_wconf 88' lang='lat' dir='ltr'><strong>oum</strong></span> <span class='ocrx_word' id='word_1_186' title='bbox 591 3166 776 3224; x_wconf 90' lang='lat' dir='ltr'><strong>conventu</strong></span> <span class='ocrx_word' id='word_1_187' title='bbox 800 3178 870 3241; x_wconf 86' lang='lat' dir='ltr'><strong>suo</strong></span> <span class='ocrx_word' id='word_1_188' title='bbox 894 3150 1108 3239; x_wconf 87' lang='lat' dir='ltr'><strong>ordinabat,</strong></span> <span class='ocrx_word' id='word_1_189' title='bbox 1139 3150 1355 3228; x_wconf 87' lang='lat' dir='ltr'><strong>servabatur</strong></span> <span class='ocrx_word' id='word_1_190' title='bbox 1384 3151 1423 3226; x_wconf 93' lang='lat' dir='ltr'><strong>in</strong></span> <span class='ocrx_word' id='word_1_191' title='bbox 1454 3152 1610 3244; x_wconf 87' lang='lat' dir='ltr'><strong>ordine;</strong></span> <span class='ocrx_word' id='word_1_192' title='bbox 1637 3152 1750 3231; x_wconf 90' lang='lat' dir='ltr'><strong>nescit</strong></span> 
     </span>
     <span class='ocr_line' id='line_1_22' title="bbox 332 3272 1751 3389; baseline 0.012 -44"><span class='ocrx_word' id='word_1_193' title='bbox 332 3287 487 3376; x_wconf 88' lang='lat' dir='ltr'><strong>propter</strong></span> <span class='ocrx_word' id='word_1_194' title='bbox 510 3272 684 3351; x_wconf 80' lang='lat' dir='ltr'><strong>feditates</strong></span> <span class='ocrx_word' id='word_1_195' title='bbox 705 3277 848 3354; x_wconf 92' lang='lat' dir='ltr'><strong>ordinis</strong></span> <span class='ocrx_word' id='word_1_196' title='bbox 871 3278 1038 3386; x_wconf 90' lang='lat' dir='ltr'><strong>aliquem</strong></span> <span class='ocrx_word' id='word_1_197' title='bbox 1064 3280 1238 3357; x_wconf 92' lang='lat' dir='ltr'><strong>ordinem</strong></span> <span class='ocrx_word' id='word_1_198' title='bbox 1259 3280 1434 3373; x_wconf 86' lang='lat' dir='ltr'><strong>exivisse,</strong></span> <span class='ocrx_word' id='word_1_199' title='bbox 1457 3282 1622 3359; x_wconf 87' lang='lat' dir='ltr'><strong>adiciens</strong></span> <span class='ocrx_word' id='word_1_200' title='bbox 1648 3282 1751 3389; x_wconf 92' lang='lat' dir='ltr'><strong>quod</strong></span> 
     </span>
     <span class='ocr_line' id='line_1_23' title="bbox 332 3401 1747 3517; baseline 0.008 -39"><span class='ocrx_word' id='word_1_201' title='bbox 332 3401 491 3478; x_wconf 83' lang='lat' dir='ltr'><strong>maxima</strong></span> <span class='ocrx_word' id='word_1_202' title='bbox 515 3433 611 3508; x_wconf 90' lang='lat' dir='ltr'><strong>pena</strong></span> <span class='ocrx_word' id='word_1_203' title='bbox 637 3406 902 3511; x_wconf 85' lang='lat' dir='ltr'><strong>imponebatur</strong></span> <span class='ocrx_word' id='word_1_204' title='bbox 927 3408 1092 3516; x_wconf 83' lang='lat' dir='ltr'><strong>illisqui</strong></span> <span class='ocrx_word' id='word_1_205' title='bbox 1121 3411 1322 3500; x_wconf 83' lang='lat' dir='ltr'><strong>exiverant,</strong></span> <span class='ocrx_word' id='word_1_206' title='bbox 1351 3430 1388 3488; x_wconf 88' lang='lat' dir='ltr'><strong>et</strong></span> <span class='ocrx_word' id='word_1_207' title='bbox 1414 3411 1656 3517; x_wconf 91' lang='lat' dir='ltr'><strong>postmodum</strong></span> <span class='ocrx_word' id='word_1_208' title='bbox 1687 3440 1747 3489; x_wconf 87' lang='lat' dir='ltr'><strong>re·</strong></span> 
     </span>
     <span class='ocr_line' id='line_1_24' title="bbox 331 3533 1745 3642; baseline 0.008 -35"><span class='ocrx_word' id='word_1_209' title='bbox 331 3533 588 3623; x_wconf 74' lang='lat' dir='ltr'><strong>vertebantur,</strong></span> <span class='ocrx_word' id='word_1_210' title='bbox 626 3537 779 3642; x_wconf 84' lang='lat' dir='ltr'><strong>grandia</strong></span> <span class='ocrx_word' id='word_1_211' title='bbox 810 3539 982 3616; x_wconf 89' lang='lat' dir='ltr'><strong>scandala</strong></span> <span class='ocrx_word' id='word_1_212' title='bbox 1011 3540 1113 3616; x_wconf 86' lang='lat' dir='ltr'><strong>videt</strong></span> <span class='ocrx_word' id='word_1_213' title='bbox 1149 3558 1276 3618; x_wconf 90' lang='lat' dir='ltr'><strong>contra</strong></span> <span class='ocrx_word' id='word_1_214' title='bbox 1309 3542 1475 3619; x_wconf 89' lang='lat' dir='ltr'><strong>ordinem</strong></span> <span class='ocrx_word' id='word_1_215' title='bbox 1504 3568 1584 3617; x_wconf 89' lang='lat' dir='ltr'><strong>esse</strong></span> <span class='ocrx_word' id='word_1_216' title='bbox 1617 3558 1745 3618; x_wconf 83' lang='lat' dir='ltr'><strong>exorta</strong></span> 
     </span>
     <span class='ocr_line' id='line_1_25' title="bbox 331 3666 1746 3777; baseline 0.008 -40"><span class='ocrx_word' id='word_1_217' title='bbox 331 3681 483 3768; x_wconf 92' lang='lat' dir='ltr'><strong>propter</strong></span> <span class='ocrx_word' id='word_1_218' title='bbox 503 3666 567 3741; x_wconf 92' lang='lat' dir='ltr'><strong>illa</strong></span> <span class='ocrx_word' id='word_1_219' title='bbox 586 3696 660 3773; x_wconf 91' lang='lat' dir='ltr'><strong>que</strong></span> <span class='ocrx_word' id='word_1_220' title='bbox 685 3669 808 3746; x_wconf 92' lang='lat' dir='ltr'><strong>ordini</strong></span> <span class='ocrx_word' id='word_1_221' title='bbox 827 3671 1092 3776; x_wconf 88' lang='lat' dir='ltr'><strong>imponuntur:</strong></span> <span class='ocrx_word' id='word_1_222' title='bbox 1114 3671 1234 3748; x_wconf 88' lang='lat' dir='ltr'><strong>credit</strong></span> <span class='ocrx_word' id='word_1_223' title='bbox 1252 3673 1468 3777; x_wconf 84' lang='lat' dir='ltr'><strong>Magistrum</strong></span> <span class='ocrx_word' id='word_1_224' title='bbox 1490 3688 1529 3748; x_wconf 89' lang='lat' dir='ltr'><strong>et</strong></span> <span class='ocrx_word' id='word_1_225' title='bbox 1546 3671 1642 3749; x_wconf 89' lang='lat' dir='ltr'><strong>alios</strong></span> <span class='ocrx_word' id='word_1_226' title='bbox 1658 3701 1746 3751; x_wconf 91' lang='lat' dir='ltr'><strong>oon·</strong></span> 
     </span>
     <span class='ocr_line' id='line_1_26' title="bbox 332 3792 1720 3908; baseline 0.009 -41"><span class='ocrx_word' id='word_1_227' title='bbox 332 3792 447 3873; x_wconf 80' lang='lat' dir='ltr'><strong>lessos</strong></span> <span class='ocrx_word' id='word_1_228' title='bbox 466 3795 579 3873; x_wconf 86' lang='lat' dir='ltr'><strong>fuisse</strong></span> <span class='ocrx_word' id='word_1_229' title='bbox 602 3797 762 3904; x_wconf 90' lang='lat' dir='ltr'><strong>illaque</strong></span> <span class='ocrx_word' id='word_1_230' title='bbox 783 3799 823 3876; x_wconf 92' lang='lat' dir='ltr'><strong>in</strong></span> <span class='ocrx_word' id='word_1_231' title='bbox 842 3800 976 3878; x_wconf 88' lang='lat' dir='ltr'><strong>litteris</strong></span> <span class='ocrx_word' id='word_1_232' title='bbox 999 3802 1213 3908; x_wconf 88' lang='lat' dir='ltr'><strong>apostolicis</strong></span> <span class='ocrx_word' id='word_1_233' title='bbox 1239 3831 1352 3908; x_wconf 88' lang='lat' dir='ltr'><strong>super</strong></span> <span class='ocrx_word' id='word_1_234' title='bbox 1376 3804 1449 3881; x_wconf 89' lang='lat' dir='ltr'><strong>hoc</strong></span> <span class='ocrx_word' id='word_1_235' title='bbox 1467 3803 1720 3880; x_wconf 87' lang='lat' dir='ltr'><strong>continentur.</strong></span> 
     </span>
     <span class='ocr_line' id='line_1_27' title="bbox 387 3927 1745 4039; baseline 0.007 -37"><span class='ocrx_word' id='word_1_236' title='bbox 387 3927 603 4033; x_wconf 88' lang='lat' dir='ltr'><strong>Requisitus</strong></span> <span class='ocrx_word' id='word_1_237' title='bbox 636 3930 666 4006; x_wconf 89' lang='lat' dir='ltr'><strong>si</strong></span> <span class='ocrx_word' id='word_1_238' title='bbox 698 3930 751 4006; x_wconf 92' lang='lat' dir='ltr'><strong>sic</strong></span> <span class='ocrx_word' id='word_1_239' title='bbox 780 3932 1005 4036; x_wconf 89' lang='lat' dir='ltr'><strong>deposuerat</strong></span> <span class='ocrx_word' id='word_1_240' title='bbox 1032 3961 1160 4038; x_wconf 92' lang='lat' dir='ltr'><strong>prece,</strong></span> <span class='ocrx_word' id='word_1_241' title='bbox 1191 3952 1385 4039; x_wconf 87' lang='lat' dir='ltr'><strong>precepto,</strong></span> <span class='ocrx_word' id='word_1_242' title='bbox 1416 3935 1573 4025; x_wconf 89' lang='lat' dir='ltr'><strong>timore,</strong></span> <span class='ocrx_word' id='word_1_243' title='bbox 1606 3962 1745 4021; x_wconf 86' lang='lat' dir='ltr'><strong>amore,</strong></span> 
     </span>
     <span class='ocr_line' id='line_1_28' title="bbox 332 4055 1747 4173; baseline 0.008 -43"><span class='ocrx_word' id='word_1_244' title='bbox 332 4055 440 4147; x_wconf 93' lang='lat' dir='ltr'><strong>odio,</strong></span> <span class='ocrx_word' id='word_1_245' title='bbox 461 4057 520 4133; x_wconf 91' lang='lat' dir='ltr'><strong>vel</strong></span> <span class='ocrx_word' id='word_1_246' title='bbox 539 4059 737 4164; x_wconf 86' lang='lat' dir='ltr'><strong>temporali</strong></span> <span class='ocrx_word' id='word_1_247' title='bbox 767 4063 928 4140; x_wconf 91' lang='lat' dir='ltr'><strong>comodo</strong></span> <span class='ocrx_word' id='word_1_248' title='bbox 958 4063 1087 4141; x_wconf 85' lang='lat' dir='ltr'><strong>habito</strong></span> <span class='ocrx_word' id='word_1_249' title='bbox 1116 4064 1176 4140; x_wconf 93' lang='lat' dir='ltr'><strong>vel</strong></span> <span class='ocrx_word' id='word_1_250' title='bbox 1202 4064 1393 4153; x_wconf 90' lang='lat' dir='ltr'><strong>habendo,</strong></span> <span class='ocrx_word' id='word_1_251' title='bbox 1423 4065 1621 4173; x_wconf 89' lang='lat' dir='ltr'><strong>respondit</strong></span> <span class='ocrx_word' id='word_1_252' title='bbox 1649 4064 1747 4172; x_wconf 92' lang='lat' dir='ltr'><strong>quod</strong></span> 
     </span>
     <span class='ocr_line' id='line_1_29' title="bbox 332 4187 1746 4302; baseline 0.009 -43"><span class='ocrx_word' id='word_1_253' title='bbox 332 4212 425 4274; x_wconf 91' lang='lat' dir='ltr'><strong>non,</strong></span> <span class='ocrx_word' id='word_1_254' title='bbox 453 4187 521 4263; x_wconf 88' lang='lat' dir='ltr'><strong>sed</strong></span> <span class='ocrx_word' id='word_1_255' title='bbox 546 4191 796 4293; x_wconf 86' lang='lat' dir='ltr'><strong>proveritate</strong></span> <span class='ocrx_word' id='word_1_256' title='bbox 823 4193 999 4284; x_wconf 70' lang='lat' dir='ltr'><strong>dicenda,</strong></span> <span class='ocrx_word' id='word_1_257' title='bbox 1025 4195 1085 4270; x_wconf 87' lang='lat' dir='ltr'><strong>cui</strong></span> <span class='ocrx_word' id='word_1_258' title='bbox 1110 4192 1182 4271; x_wconf 85' lang='lat' dir='ltr'><strong>fuit</strong></span> <span class='ocrx_word' id='word_1_259' title='bbox 1209 4195 1421 4302; x_wconf 92' lang='lat' dir='ltr'><strong>injunctum</strong></span> <span class='ocrx_word' id='word_1_260' title='bbox 1445 4226 1513 4302; x_wconf 89' lang='lat' dir='ltr'><strong>per</strong></span> <span class='ocrx_word' id='word_1_261' title='bbox 1540 4198 1662 4274; x_wconf 89' lang='lat' dir='ltr'><strong>dictos</strong></span> <span class='ocrx_word' id='word_1_262' title='bbox 1684 4195 1746 4272; x_wconf 94' lang='lat' dir='ltr'><strong>do-</strong></span> 
     </span>
     <span class='ocr_line' id='line_1_30' title="bbox 331 4314 1745 4433; baseline 0.011 -47"><span class='ocrx_word' id='word_1_263' title='bbox 331 4314 454 4390; x_wconf 92' lang='lat' dir='ltr'><strong>minos</strong></span> <span class='ocrx_word' id='word_1_264' title='bbox 471 4318 760 4410; x_wconf 88' lang='lat' dir='ltr'><strong>commissarios,</strong></span> <span class='ocrx_word' id='word_1_265' title='bbox 776 4321 815 4397; x_wconf 91' lang='lat' dir='ltr'><strong>in</strong></span> <span class='ocrx_word' id='word_1_266' title='bbox 827 4322 965 4401; x_wconf 89' lang='lat' dir='ltr'><strong>virtute</strong></span> <span class='ocrx_word' id='word_1_267' title='bbox 980 4323 1186 4431; x_wconf 87' lang='lat' dir='ltr'><strong>juramenti</strong></span> <span class='ocrx_word' id='word_1_268' title='bbox 1204 4324 1349 4429; x_wconf 86' lang='lat' dir='ltr'><strong>prestiti</strong></span> <span class='ocrx_word' id='word_1_269' title='bbox 1364 4326 1633 4430; x_wconf 85' lang='lat' dir='ltr'><strong>pereundam,</strong></span> <span class='ocrx_word' id='word_1_270' title='bbox 1649 4324 1745 4433; x_wconf 90' lang='lat' dir='ltr'><strong>quod</strong></span> 
     </span>
    </p>
   </div>
   <div class='ocr_carea' id='block_1_3' title="bbox 331 4445 1746 4679">
    <p class='ocr_par' dir='ltr' id='par_1_3' title="bbox 331 4445 1746 4679">
     <span class='ocr_line' id='line_1_31' title="bbox 331 4445 1746 4563; baseline 0.011 -46"><span class='ocrx_word' id='word_1_271' title='bbox 331 4470 407 4519; x_wconf 90' lang='lat' dir='ltr'><strong>non</strong></span> <span class='ocrx_word' id='word_1_272' title='bbox 427 4445 608 4526; x_wconf 89' lang='lat' dir='ltr'><strong>revelaret</strong></span> <span class='ocrx_word' id='word_1_273' title='bbox 627 4451 724 4528; x_wconf 87' lang='lat' dir='ltr'><strong>banc</strong></span> <span class='ocrx_word' id='word_1_274' title='bbox 742 4480 850 4529; x_wconf 87' lang='lat' dir='ltr'><strong>suam</strong></span> <span class='ocrx_word' id='word_1_275' title='bbox 870 4452 1151 4559; x_wconf 90' lang='lat' dir='ltr'><strong>deposicionem</strong></span> <span class='ocrx_word' id='word_1_276' title='bbox 1171 4483 1371 4563; x_wconf 90' lang='lat' dir='ltr'><strong>quousque</strong></span> <span class='ocrx_word' id='word_1_277' title='bbox 1392 4457 1654 4536; x_wconf 83' lang='lat' dir='ltr'><strong>attestaoiones</strong></span> <span class='ocrx_word' id='word_1_278' title='bbox 1672 4455 1746 4533; x_wconf 84' lang='lat' dir='ltr'><strong>fue·</strong></span> 
     </span>
     <span class='ocr_line' id='line_1_32' title="bbox 331 4568 1632 4679; baseline 0.017 -33"><span class='ocrx_word' id='word_1_279' title='bbox 331 4572 407 4650; x_wconf 89' lang='lat' dir='ltr'><strong>rint</strong></span> <span class='ocrx_word' id='word_1_280' title='bbox 425 4573 628 4679; x_wconf 89' lang='lat' dir='ltr'><strong>publicate.</strong></span> <span class='ocrx_word' id='word_1_281' title='bbox 1630 4568 1632 4575; x_wconf 28' lang='grc' dir='ltr'>Ι</span> 
     </span>
    </p>
   </div>
   <div class='ocr_carea' id='block_1_4' title="bbox 387 4829 1739 4952">
    <p class='ocr_par' dir='ltr' id='par_1_4' title="bbox 387 4829 1739 4952">
     <span class='ocr_line' id='line_1_33' title="bbox 387 4829 1739 4952; baseline 0.008 -44"><span class='ocrx_word' id='word_1_282' title='bbox 387 4829 541 4909; x_wconf 83' lang='lat' dir='ltr'><strong>Eisdem</strong></span> <span class='ocrx_word' id='word_1_283' title='bbox 570 4835 632 4913; x_wconf 95' lang='lat' dir='ltr'><strong>die</strong></span> <span class='ocrx_word' id='word_1_284' title='bbox 657 4856 695 4915; x_wconf 89' lang='lat' dir='ltr'><strong>et</strong></span> <span class='ocrx_word' id='word_1_285' title='bbox 719 4841 803 4921; x_wconf 94' lang='lat' dir='ltr'><strong>loco</strong></span> <span class='ocrx_word' id='word_1_286' title='bbox 830 4843 985 4924; x_wconf 87' lang='lat' dir='ltr'><strong>suerunt</strong></span> <span class='ocrx_word' id='word_1_287' title='bbox 1013 4845 1164 4925; x_wconf 88' lang='lat' dir='ltr'><strong>adducti</strong></span> <span class='ocrx_word' id='word_1_288' title='bbox 1189 4846 1237 4924; x_wconf 93' lang='lat' dir='ltr'><strong>ad</strong></span> <span class='ocrx_word' id='word_1_289' title='bbox 1260 4848 1494 4952; x_wconf 88' lang='lat' dir='ltr'><strong>presenciam</strong></span> <span class='ocrx_word' id='word_1_290' title='bbox 1521 4847 1739 4926; x_wconf 88' lang='lat' dir='ltr'><strong>eorumdem</strong></span> 
     </span>
    </p>
   </div>
   <div class='ocr_carea' id='block_1_5' title="bbox 0 0 2044 6052">
    <p class='ocr_par' dir='ltr' id='par_1_5' title="bbox 0 0 2044 6052">
     <span class='ocr_line' id='line_1_34' title="bbox 0 0 2044 6052; baseline 0 0"><span class='ocrx_word' id='word_1_291' title='bbox 0 0 2044 6052; x_wconf 95' lang='lat' dir='ltr'><strong> </strong></span> 
     </span>
    </p>
   </div>
  </div>
 </body>
</html>
