4080 6052
315 553 387 625 aaa
698 524 894 620 raocns
920 541 1016 616 oss
1041 541 1345 615 rnurrraas.

313 692 400 770 dam
415 713 565 764 crucem
580 685 810 764 metallinam
829 687 958 792 inqua
974 698 1053 759 erat
1064 711 1198 793 ymago
1218 680 1411 770 crucifixi,
1431 679 1596 788 ablatam
1609 707 1630 755 a
1642 707 1738 785 quo-

313 821 399 898 dam
420 846 464 893 ex
485 816 592 893 dictis
611 814 802 908 fratribus,
824 815 943 892 nescit
959 829 1086 889 tamen
1106 842 1127 890 a
1146 841 1239 920 quo,
1262 830 1300 889 et
1318 811 1425 888 linxit
1450 838 1489 887 se
1515 834 1653 915 spuere
1674 837 1736 887 su·

310 976 380 1056 per
403 975 485 1024 eam
513 961 550 1021 et
575 973 654 1022 non
677 947 795 1053 spuit,
827 962 866 1023 et
889 943 983 1021 dixit
1011 942 1133 1021 dictus
1158 958 1329 1049 receptor
1359 941 1485 1018 eidem
1512 939 1600 1016 testi
1628 939 1733 1045 quod

310 1080 382 1156 hoc
407 1093 486 1153 erat
510 1075 626 1151 eciam
655 1076 702 1153 de
727 1075 875 1182 punctis
897 1072 1056 1166 ordinis,
1079 1089 1117 1149 et
1135 1073 1233 1150 ultra
1246 1072 1321 1148 boc
1341 1088 1419 1148 erat
1438 1070 1534 1147 alius
1553 1085 1730 1175 punctus,

310 1208 450 1283 scilicet
467 1206 498 1282 si
515 1204 650 1312 aliquis
670 1233 715 1282 ex
732 1204 910 1282 fratribus
928 1203 1070 1281 ordinis
1092 1203 1309 1309 requirebat
1327 1229 1416 1278 eum
1436 1199 1541 1306 quod
1561 1199 1731 1275 commis-

310 1354 459 1415 ceretur
475 1364 562 1412 cum
580 1362 638 1421 eo,
653 1333 816 1411 debebat
824 1334 897 1410 hoc
907 1332 1002 1436 pati,
1016 1361 1211 1439 nunquam
1227 1349 1353 1408 tamen
1363 1332 1436 1408 hoc
1449 1328 1553 1417 fecit,
1570 1343 1615 1404 ut
1627 1326 1729 1417 dixit,

310 1495 379 1542 nec
400 1465 472 1541 luit
492 1444 717 1569 requisitus:
739 1465 988 1568 interrogatus
1000 1462 1032 1539 si
1048 1461 1216 1568 predicta
1234 1460 1388 1538 fuerunt
1405 1459 1499 1536 facta
1518 1474 1605 1534 ante
1621 1458 1732 1535 tradi·

310 1597 456 1671 cionem
481 1591 649 1669 mantelli
675 1593 732 1669 vel
750 1609 852 1698 post,
869 1591 1065 1696 respondit
1085 1592 1174 1697 quia
1198 1608 1283 1697 post
1306 1591 1449 1667 dictum
1470 1590 1728 1697 juramentum
1785 1578 1792 1597 '

310 1723 466 1807 tradidit
484 1722 555 1799 sibi
572 1721 812 1812 mantellum,
830 1737 871 1799 et
891 1721 972 1826 ipse
990 1738 1162 1826 receptor
1182 1720 1299 1798 etalii
1319 1720 1452 1798 lratres
1471 1735 1634 1796 astantes
1654 1716 1730 1794 lue·

309 1871 399 1939 runt
418 1882 506 1930 eum
522 1851 677 1930 osculati
690 1853 730 1928 in
748 1880 824 1929 ore.
846 1853 958 1937 Item,
973 1880 1059 1928 cum
1077 1870 1163 1957 post
1178 1851 1457 1958 depositionem
1475 1849 1726 1955 predictorum

310 1984 431 2060 dictus
455 1969 563 2060 testis
584 1981 750 2070 multum
776 1983 900 2069 fleret,
924 1980 982 2058 de·
997 2010 1106 2059 causa
1130 1983 1219 2060 dicti
1244 1983 1357 2059 fletus
1382 1983 1654 2087 interrogatus,
1674 2007 1730 2056 re·

309 2112 462 2218 spondit
478 2110 583 2217 quod
601 2139 670 2216 pro
692 2140 737 2189 eo
757 2111 846 2217 quia
866 2110 1032 2187 multum
1050 2130 1129 2188 erat
1146 2113 1262 2189 tristis
1282 2130 1320 2189 et
1336 2112 1469 2188 dolens
1487 2111 1579 2217 quia
1595 2109 1729 2186 lecerat

307 2242 490 2347 predicta,
508 2242 596 2319 licet
607 2242 719 2320 corde
735 2269 812 2320 non
826 2242 975 2319 fecerat.
990 2243 1101 2334 Item,
1119 2244 1212 2319 dixit
1225 2243 1330 2349 quod
1351 2244 1397 2320 de
1416 2240 1596 2348 predictis
1610 2240 1730 2318 fuerat

308 2369 513 2458 confessus,
528 2370 634 2477 quasi
649 2388 734 2476 post
748 2371 845 2449 duos
860 2398 1009 2448 menses
1024 2400 1045 2448 a
1060 2374 1277 2478 recepcione
1293 2401 1376 2460 sua,
1396 2371 1552 2449 domino
1567 2371 1728 2449 Iohanni

307 2500 517 2607 presbitero
537 2500 696 2577 seculari
721 2501 788 2607 qui
805 2501 1023 2578 morabatur
1043 2502 1082 2578 in
1108 2503 1251 2579 civitate
1271 2503 1494 2592 Morinensi,
1518 2500 1624 2608 cujus
1643 2528 1729 2606 cog·

308 2658 447 2707 nomen
476 2629 640 2736 ignorat,
668 2647 705 2706 et
726 2629 864 2707 dictam
884 2630 1157 2708 confessionem
1183 2631 1271 2709 fecit
1298 2632 1339 2707 in
1361 2632 1475 2708 domo
1502 2630 1652 2737 Templi
1681 2631 1726 2707 de

308 2761 592 2838 Gomerimonte
609 2760 767 2837 diocesis
780 2760 1021 2849 Morinensis,
1039 2779 1123 2836 ante
1139 2763 1272 2839 horam
1286 2762 1455 2868 prandii,
1478 2779 1522 2838 ut
1541 2762 1613 2838 sibi
1627 2760 1724 2837 vide-

307 2906 382 2977 tur,
405 2892 443 2964 in
464 2889 604 2993 capella
625 2889 722 2968 dicte
743 2891 897 2977 domus,
919 2906 958 2966 et
977 2890 1135 2968 absolvit
1156 2920 1244 2968 eum
1270 2891 1444 2995 imposita
1464 2892 1498 2968 ei
1519 2891 1725 2998 penitencia

307 3015 412 3120 quod
446 3044 523 3092 non
555 3036 722 3123 portaret
759 3048 902 3123 pannos
937 3020 1057 3099 lineos
1096 3022 1143 3098 de
1180 3039 1260 3100 toto
1294 3048 1372 3098 uno
1412 3049 1512 3100 anno
1553 3038 1592 3100 et
1621 3021 1723 3127 quod

308 3144 449 3219 rediret
482 3146 529 3219 ad
565 3145 704 3222 bonam
731 3148 843 3236 viam,
876 3166 913 3225 et
943 3151 1022 3254 ipse
1055 3152 1161 3228 testis
1196 3151 1391 3256 respondit
1423 3152 1456 3227 ei
1492 3152 1596 3258 quod
1631 3181 1725 3229 nun-

308 3303 420 3378 quam
439 3303 483 3350 ex
503 3276 614 3352 corde
635 3295 837 3353 recesserat
852 3306 870 3352 a
887 3278 986 3355 bona
1004 3282 1077 3366 via,
1099 3281 1187 3359 licet
1205 3282 1371 3388 predicta
1392 3310 1457 3359 ore
1479 3283 1657 3358 dixisset:
1680 3283 1724 3358 de

307 3405 379 3480 vita
406 3424 532 3482 autem
563 3406 621 3482 vel
651 3424 773 3484 morte
809 3408 896 3484 dicti
930 3410 1127 3513 presbiteri
1160 3412 1252 3488 dixit
1283 3442 1321 3489 se
1351 3413 1612 3490 certitudinem
1648 3441 1724 3490 non

311 3535 462 3613 habere.

363 3667 473 3753 Item,
489 3666 692 3772 requisitus
707 3696 851 3773 superv
863 3687 901 3745 et
915 3697 1025 3750 xxvnt
1039 3674 1300 3779 sequentibus,
1323 3676 1369 3751 de
1391 3670 1718 3780 dogmatiaacione,

307 3797 586 3874 conculcatione
603 3799 738 3890 crucis,
754 3818 847 3887 cato,
862 3805 1115 3892 sacramentis,
1134 3823 1314 3911 potestate
1330 3804 1493 3910 Magistri
1512 3820 1551 3878 et
1566 3801 1719 3888 osculis,

305 3928 499 4031 respondit
517 3957 556 4005 se
577 3929 692 4007 nichil
713 3931 804 4006 scire
825 3931 924 4007 ultra
948 3962 1062 4039 quam
1086 3964 1198 4041 supra
1218 3937 1408 4042 deposuit3
1435 3935 1501 4013 sed
1522 3934 1600 4037 ipse
1624 3933 1720 4010 bene

306 4058 482 4135 credebat
511 4060 750 4137 sacramentis
772 4062 907 4153 altaris,
934 4079 972 4138 et
997 4065 1116 4140 credit
1141 4066 1245 4170 quod
1270 4067 1330 4142 alii
1357 4068 1489 4142 fratres
1512 4065 1718 4140 crederent.

304 4185 370 4261 Ille
397 4205 523 4265 tamen
549 4191 613 4295 qui
644 4218 732 4266 eum
761 4192 917 4296 recepit,
948 4193 987 4267 in
1014 4212 1198 4300 quantum
1222 4195 1311 4271 lecit
1333 4196 1499 4301 predicta
1523 4195 1624 4283 fieri,
1647 4222 1719 4271 non

307 4333 385 4392 erat
402 4317 527 4395 bonus
547 4320 674 4395 home.

360 4449 469 4536 Item,
497 4450 544 4525 ad
570 4477 680 4527 xxxin
708 4466 745 4526 et
775 4478 796 4529 v
819 4470 1019 4558 sequentes
1047 4456 1243 4562 respondit
1269 4485 1307 4533 se
1333 4457 1485 4532 credere
1515 4455 1622 4560 quod
1653 4481 1717 4558 pro

303 4575 477 4677 professis
495 4578 743 4671 habebantur,
762 4597 800 4656 et
818 4580 868 4658 ita
888 4581 1011 4660 fuerat
1031 4585 1064 4660 ei
1082 4586 1224 4662 dictum
1244 4587 1283 4662 in
1303 4586 1521 4690 recepcione
1543 4613 1627 4674 sua,
1655 4582 1716 4659 sed

302 4731 378 4777 non
395 4705 585 4808 juraverat
604 4737 681 4784 non
702 4711 817 4799 exire,
841 4730 879 4789 et
907 4711 1029 4792 fuerat
1047 4734 1219 4822 receptus
1239 4717 1278 4792 in
1299 4718 1432 4794 ordine
1456 4715 1712 4802 clamdestine,

301 4831 415 4908 nullis
434 4836 686 4938 presentibus,
704 4841 774 4916 nisi
794 4840 970 4922 lratribus
990 4847 1149 4936 ordinis,
1163 4865 1201 4925 et
1220 4847 1338 4925 credit
1355 4848 1461 4958 quod
1480 4848 1715 4954 recepciones
