4080 6052
717 523 915 616 procus
942 543 1037 615 nus
1064 542 1362 617 rnurmnns.
1678 555 1746 623 127

333 686 386 763 sie
404 713 597 762 summum
616 684 852 774 Pontificem,
872 711 942 770 nec
960 701 1088 762 contra
1107 663 1238 762 sedem
1258 685 1513 791 apostolicam,
1534 716 1603 764 nec
1622 711 1749 768 contra

332 814 847 920 personemexcellentissimi
872 814 1180 922 principis·Regis
1199 819 1426 894 Francorum
1446 844 1516 893 nec
1535 819 1617 923 ejus
1636 819 1745 896 [ilios.

332 946 453 1034 Unde,
475 945 671 1023 reverendi
695 961 819 1050 patres
839 962 877 1022 et
897 945 1058 1034 domini,
1080 963 1265 1052 quantum
1290 946 1337 1023 ad
1361 946 1642 1026 constituendos
1660 978 1748 1055 pro-

331 1094 534 1162 curatores,
555 1074 661 1153 tobis
684 1076 895 1181 respondeo
921 1077 1027 1181 qnod
1048 1104 1118 1152 nos
1144 1076 1328 1153 habemus
1352 1077 1584 1181 superiorem
1604 1097 1641 1154 et
1660 1070 1750 1156 con-

329 1224 483 1284 ventum
501 1207 567 1312 qui
585 1235 661 1284 non
679 1224 768 1283 sunt
785 1206 847 1282 hic
863 1224 1055 1311 presentes
1072 1234 1141 1282 nec
1158 1207 1277 1313 major
1292 1235 1378 1312 pars
1395 1208 1512 1312 ipsius
1530 1228 1746 1298 conventus,

331 1336 413 1414 sine
431 1338 596 1444 quorum
619 1336 804 1414 consensu
827 1363 905 1412 non
929 1332 1131 1440 possumus
1155 1336 1275 1413 facere
1295 1337 1354 1414 vel
1379 1337 1553 1415 ordinare
1573 1368 1748 1444 procura-

330 1483 432 1544 tones
449 1467 648 1573 predictos.
670 1468 796 1560 Quare
815 1465 1028 1572 paternitati
1048 1481 1169 1544 vestre
1189 1466 1391 1571 supplicor,
1413 1467 1571 1543 nomine
1590 1497 1667 1573 quo
1687 1500 1750 1546 su-

330 1624 411 1700 pra,
433 1615 617 1702 quatenus
636 1594 829 1703 predictus
846 1595 1020 1703 Magister
1039 1612 1179 1702 noster,
1201 1595 1370 1684 Francie,
1393 1595 1608 1702 Aquitanie‚
1628 1585 1746 1703 Cipri,

329 1726 527 1804 Normanie
547 1722 801 1833 preceptores,
822 1743 860 1804 et
876 1753 1009 1803 omnes
1028 1726 1090 1801 alii
1109 1710 1241 1803 fratres
1260 1743 1450 1832 quotquot
1468 1743 1555 1803 sunt
1573 1728 1612 1803 in
1631 1737 1752 1805 'custo-

330 1855 391 1932 dia
416 1858 537 1962 gentis
556 1857 681 1964 Regis,
704 1875 892 1962 ponantur
911 1856 952 1933 in
970 1884 1085 1934 manu
1111 1857 1265 1934 ecclesie
1289 1857 1441 1961 penitus
1461 1858 1512 1932 ita
1535 1842 1750 1964 quodsgen-

328 2001 386 2063 tes
408 1988 519 2093 Regis
541 2017 613 2065 nec
636 1988 718 2094 ejus
749 1982 912 2064 ministri
935 1988 1169 2093 aliquatenus
1189 1978 1237 2064 de
1258 1988 1426 2092 ipsorum
1447 1986 1615 2088 custodia
1636 2015 1675 2064 se
1695 1990 1751 2063 in-

329 2115 554 2204 tromittant,
586 2118 673 2222 quia
704 2118 843 2193 scimus
873 2117 1061 2222 predictos
1090 2117 1223 2194 fratres
1254 2145 1330 2193 non
1366 2117 1505 2194 audere
1538 2119 1748 2194 consentire

331 2241 540 2320 defensioni
566 2245 709 2321 ordinis
733 2264 887 2350 propter
912 2274 1045 2322 eorum
1070 2263 1215 2321 metum
1241 2263 1279 2322 et
1303 2247 1561 2323 seductionem
1584 2265 1621 2323 et
1642 2247 1749 2324 falsas

329 2375 608 2477 promissiones,
627 2375 720 2478 quia·
730 2373 915 2480 quamdiu
933 2373 1085 2450 durabit
1100 2401 1208 2450 causa
1226 2373 1376 2449 durabit
1393 2390 1432 2449 et
1448 2373 1630 2450 confessio
1648 2375 1747 2462 falsa,

331 2521 368 2581 et
389 2520 536 2580 cesante
561 2531 687 2593 causa,
709 2502 951 2580 adherebunt·
971 2502 1086 2577 michi
1113 2518 1151 2578 et
1175 2500 1385 2578 defensioni
1410 2501 1593 2606 predicte,
1620 2505 1750 2580 ethos

330 2632 459 2711 fratres
478 2631 666 2710 'moneatis
693 2632 741 2738 [l]
768 2660 833 2710 eos
862 2649 908 2708 ut
929 2631 1103 2708 intersint
1126 2658 1278 2707 merum
1301 2631 1360 2706 vel
1385 2631 1567 2735 prebeant
1595 2659 1751 2710 consen-

303 2790 413 2886 ·sum
438 2763 485 2840 de
509 2762 816 2867 procuratoribus
839 2759 1034 2848 faciendis,
1062 2758 1154 2836 etsi
1179 2760 1373 2836 noluerint
1397 2762 1624 2850 consentire,
1646 2747 1752 2867 petto

331 2920 520 2969 assensum
541 2920 675 2968 eorum
694 2890 900 2996 superioris
919 2891 959 2966 in
979 2916 1112 2968 eorum
1131 2888 1321 2967 defectum
1342 2907 1380 2965 et
1399 2879 1681 2996 negligenciam.

382 3021 495 3110 Item,
507 3039 595 3126 peto
605 3039 652 3097 ut
658 3021 866 3126 assignetur
877 3020 998 3097 miehi
1009 3036 1047 3096 et
1060 3019 1177 3096 michi
1190 3017 1459 3097 adherentibus
1471 3020 1520 3097 de
1534 3020 1645 3097 bonis
1655 3021 1749 3098 ordi-

330 3150 390 3225 nis
404 3166 551 3227 tantum
567 3151 673 3256 quod
687 3149 875 3255 possimus
892 3148 1034 3227 solvere
1052 3147 1183 3226 salaria
1199 3166 1487 3255 procuratorum
1505 3166 1544 3226 et
1560 3151 1749 3228 advocato·

330 3308 434 3369 rum,
455 3297 494 3357 et
511 3279 620 3357 nobis
638 3280 758 3357 facere
777 3307 954 3385 expensas
973 3279 1197 3357 necessarias
1216 3279 1256 3354 in
1274 3280 1540 3384 persecucione
1561 3264 1717 3385 negocii.

384 3412 496 3501 Item,
517 3429 605 3518 peto
625 3406 863 3489 securitatem
882 3427 1170 3516 procuratorum
1195 3427 1233 3486 et
1256 3410 1536 3496 advocatorum,
1559 3426 1597 3486 et
1616 3410 1698 3485 mei
1711 3429 1749 3486 et

331 3540 442 3618 miehi
462 3541 743 3619 adherencium.
1359 3528 1362 3533 .
1631 3519 1635 3528 ⁸

384 3672 495 3765 Item,
517 3673 622 3778 quod
642 3699 773 3750 omnes
792 3670 925 3749 fratres
944 3671 1011 3776 qui
1031 3666 1164 3746 relicto
1184 3668 1317 3746 habitu
1337 3670 1480 3746 ordinis
1500 3668 1639 3745 cotidie
1659 3695 1747 3744 con-

328 3800 520 3877 versantur
544 3802 757 3891 inhoneste,
778 3817 967 3907 ponantur
990 3800 1030 3876 in
1054 3826 1171 3875 manu
1196 3798 1349 3876 ecclesie
1375 3816 1413 3875 et
1436 3799 1475 3874 in
1501 3797 1670 3875 custodia
1690 3825 1747 3872 se-

330 3955 433 4019 cura,
456 3927 577 4005 donec
603 3932 796 4034 cognitum
824 3932 873 4023 sit
898 3943 1029 4007 utrum
1058 3929 1195 4005 falsum
1224 3928 1282 4004 vel
1311 3927 1457 4006 bonum
1485 3924 1748 4032 perhibuerint

328 4057 605 4147 testimonium,
627 4058 716 4164 quia
742 4057 817 4134 seio
843 4086 908 4136 eos
933 4075 971 4135 et
989 4057 1175 4164 quosdam
1195 4056 1288 4133 alios
1311 4071 1421 4162 prece
1442 4055 1504 4132 vel
1520 4054 1647 4159 preci0
1668 4053 1746 4130 fore

331 4204 536 4292 corruptos.

385 4318 495 4404 Item,
510 4331 598 4421 peto
614 4313 719 4421 quod
734 4313 946 4420 inquiratur
960 4313 1007 4393 ab
1018 4313 1093 4391 illis
1104 4313 1171 4418 qui
1183 4311 1339 4388 fuerunt
1355 4312 1395 4388 in
1412 4312 1546 4388 ultima
1556 4312 1746 4389 voluntate

329 4445 486 4521 fratrum
505 4461 718 4522 nostrorum
740 4444 780 4520 in
799 4444 1063 4549 persecucione
1084 4443 1153 4520 ista
1173 4439 1460 4531 decedencium,
1484 4457 1521 4517 et
1546 4441 1705 4517 maome
1726 4470 1747 4516 a

292 4574 296 4582 ’
330 4573 586 4652 sacerdotibus
604 4575 671 4681 qui
692 4603 825 4652 eorum
846 4573 1117 4653 confessionem
1138 4572 1378 4664 audiverunt,
1400 4572 1432 4648 si
1453 4571 1492 4648 in
1512 4571 1765 4651 confessione.

332 4722 460 4784 contra
479 4704 652 4782 ordinem
670 4703 729 4782 vel
747 4727 817 4816 pro
837 4704 970 4782 ordine
991 4705 1244 4782 decesserunt.
1617 4684 1620 4690 ¹
1645 4700 1649 4707 ’

385 4835 495 4926 Item,
513 4833 616 4924 dico,
638 4833 832 4912 reverendi
845 4851 987 4940 patres,
1002 4833 1105 4941 quod
1120 4860 1198 4911 non
1216 4832 1373 4936 potestis
1392 4819 1597 4936 procedere
1612 4842 1745 4910 centra
