4148 6052
329 542 373 607 52
710 512 902 604 Procas
928 528 1022 601 sss
1048 525 1350 597 rsurcmns.

325 677 360 750 le
376 676 474 779 Pape
497 702 518 749 a
537 671 672 749 mande
690 700 766 777 que
785 671 859 747 tuit
877 669 923 745 cil
942 668 1008 773 qui
1028 681 1164 743 auront
1184 664 1261 771 layt
1279 660 1508 740 confessione
1527 659 1668 740 derant
1688 665 1746 743 los

323 805 495 911 quisitor,
512 833 571 880 ses
585 829 763 889 anrouez,
780 800 845 907 qui
863 827 914 875 on
928 796 1005 875 oele
1021 793 1229 873 confession
1244 822 1291 871 ne
1305 792 1497 870 veudoent
1507 819 1743 898 perseveres,

324 964 399 1039 que
420 935 466 1010 ila
485 951 612 1010 seront
633 932 743 1008 misa
765 929 983 1006 damnaaion
1005 943 1043 1003 et
1063 924 1225 1002 destruit
1245 951 1298 1001 ou
1316 921 1392 1000 seu.
1414 923 1490 999 Nos
1508 948 1623 1001 avons
1641 953 1745 1003 com-

325 1063 459 1140 mando
479 1092 527 1139 au
547 1063 603 1139 dit
619 1062 739 1138 loban
760 1088 834 1165 que
851 1060 879 1134 il
894 1085 986 1135 vous
1004 1057 1073 1131 mit
1093 1063 1115 1131 a
1133 1081 1227 1132 vous
1245 1053 1302 1131 les
1320 1052 1540 1131 covenables
1556 1080 1742 1141 carneres,

326 1209 404 1269 tant
418 1221 494 1296 que
505 1219 604 1269 nous
617 1216 746 1267 serons
764 1196 787 1264 a
808 1216 916 1275 vous,
934 1190 985 1263 οὺ
1005 1212 1076 1263 nos
1095 1213 1225 1263 serons
1241 1184 1477 1274 brevement,
1497 1183 1529 1260 si
1547 1183 1625 1261 Diu
1641 1185 1740 1290 plet,

325 1341 362 1397 et
382 1322 523 1399 lessons
540 1320 615 1407 ale,
638 1348 678 1396 se
698 1347 745 1395 ne
760 1317 836 1395 fust
849 1346 949 1423 pour
966 1344 1071 1392 avere
1086 1332 1194 1422 grant
1208 1313 1374 1420 besogne
1394 1315 1446 1390 οὺ
1461 1314 1487 1389 li
1501 1314 1592 1392 Rois
1611 1316 1740 1393 envoie

322 1480 389 1527 sue
405 1448 447 1557 [l]
465 1452 538 1527 soit
553 1450 665 1556 garde
688 1448 736 1526 de
759 1476 865 1525 nous.

378 1579 511 1657 Dictus
529 1606 617 1655 vero
634 1579 859 1683 prepositus,
881 1594 1032 1653 vocatus
1056 1576 1199 1652 ibidem
1220 1603 1289 1680 per
1306 1575 1426 1652 dictos
1445 1575 1619 1653 dominos
1639 1604 1741 1653 com·

324 1709 525 1799 missarios,
542 1726 689 1785 ostensa
707 1707 778 1784 sibi
799 1707 897 1784 dicta
915 1706 1053 1797 littera,
1076 1723 1114 1780 et
1126 1720 1196 1811 pe‘r
1210 1734 1299 1781 eum
1317 1706 1394 1781 visa
1412 1722 1451 1782 et
1467 1704 1669 1813 diligenter
1687 1708 1744 1783 in-

323 1856 465 1943 specta,
493 1836 585 1914 dixit
603 1838 709 1944 quod
727 1838 806 1942 ipse
832 1865 909 1913 non
938 1835 1113 1913 credebat
1133 1837 1277 1913 misisse
1302 1835 1440 1911 dictam
1464 1836 1641 1921 litteram,
1668 1866 1741 1912 nec

321 1966 460 2043 sciebat
482 1967 512 2042 si
536 1966 659 2074 sigillo
683 1996 752 2045 suo
772 1966 929 2075 sigillata
952 1966 1091 2054 fixerat,
1112 1994 1200 2041 nam
1219 1965 1376 2043 clericus
1399 1993 1486 2042 suus
1508 1964 1741 2069 aliquociens

322 2096 475 2173 tenebat
497 2096 663 2202 sigillum
683 2125 816 2183 sunm,
845 2124 1040 2201 nunquam
1060 2113 1186 2171 tamen
1208 2093 1256 2171 de
1278 2095 1453 2173 mandato
1473 2093 1531 2171 rel
1553 2122 1739 2172 consensu

322 2256 391 2303 suo
411 2225 567 2333 sigillata
585 2226 724 2315 fuerat,
747 2227 843 2303 sicut
869 2225 981 2315 dixit,
1008 2254 1174 2303 asserens
1194 2225 1301 2332 quod
1323 2227 1401 2331 ipse
1427 2254 1496 2302 nec
1518 2254 1586 2332 per
1610 2255 1650 2303 se
1674 2254 1741 2302 nec

322 2386 390 2463 per
404 2358 585 2435 nuncium
603 2387 672 2435 nec
686 2387 754 2464 per
779 2356 942 2434 litteram
961 2385 1031 2433 nec
1047 2357 1136 2434 alias
1147 2385 1315 2462 unquam
1331 2357 1478 2455 induxit
1492 2355 1657 2463 aliquem
1671 2356 1742 2433 lra-

320 2506 417 2563 trem
433 2487 521 2564 dicti
535 2488 679 2565 ordinis
694 2517 763 2565 nec
785 2487 877 2563 dixit
891 2487 1001 2564 alicui
1021 2484 1133 2592 quod
1143 2485 1286 2565 diceret
1297 2486 1369 2562 nisi
1383 2487 1576 2563 veritatem
1586 2514 1739 2592 puram,

322 2617 449 2696 volens
465 2618 571 2723 qnod
593 2620 694 2694 istud
714 2647 734 2691 a
752 2618 860 2694 dictis
873 2616 1049 2692 fratribus
1066 2633 1269 2721 peteretur.
1292 2616 1428 2693 Prolati
1448 2645 1537 2695 vero
1557 2617 1743 2695 lohannes

323 2748 369 2823 de
395 2747 580 2825 Cochiaco
606 2762 644 2821 et
666 2746 894 2861 Laurencius
916 2745 963 2820 de
987 2743 1102 2822 Belua
1127 2745 1302 2822 dixerunt
1325 2745 1468 2823 ibidem
1493 2747 1599 2854 quod
1622 2747 1741 2824 dictus

323 2876 536 2978 prepositus
562 2903 755 2980 nunquam
780 2876 834 2952 eis
864 2875 1006 2951 dixerat
1029 2876 1134 2979 qnod
1164 2875 1332 2952 dicerent
1357 2876 1426 2953 nisi
1451 2875 1599 2953 bonum
1623 2894 1660 2954 et
1681 2906 1742 2955 ve-

324 3002 483 3082 ritatem.

382 3136 488 3225 Item,
500 3133 728 3214 Guillelmus
742 3138 890 3216 Chalim
903 3138 1088 3217 Eduensis
1102 3140 1260 3217 diocesis
1270 3168 1358 3215 cum
1369 3137 1547 3243 predictis
1561 3138 1742 3215 adductus

327 3279 363 3336 et
387 3263 559 3341 similiter
578 3268 796 3372 requisitus,
818 3270 849 3346 si
869 3268 1017 3347 volebat
1039 3269 1182 3346 dictum
1202 3269 1375 3346 ordinem
1394 3264 1610 3357 defendere,
1628 3268 1742 3372 peciit

325 3393 523 3472 consilium
546 3398 827 3502 magistrorum
849 3400 1037 3477 lohannes
1058 3402 1105 3476 de
1126 3399 1325 3477 Cormeliis
1345 3398 1560 3476 Parisiensis
1583 3398 1742 3474 diocesis

324 3525 439 3628 peciit
449 3525 648 3602 consilium
659 3529 936 3634 magistrorum,
947 3531 1014 3635 qui
1027 3531 1151 3607 sciunt
1159 3530 1256 3606 bene
1266 3527 1372 3636 quod
1385 3543 1452 3620 est,
1464 3546 1508 3605 ut
1520 3527 1622 3604 dixit.
1634 3528 1743 3603 lam-

323 3650 455 3728 bertus
470 3653 517 3728 de
533 3655 743 3747 Cormeliis,
762 3657 933 3762 ejusdem
949 3659 1108 3736 diocesis
1121 3659 1352 3749 Parisiensis,
1368 3657 1483 3763 peciit
1494 3658 1613 3733 eciam
1625 3657 1745 3734 consi·

324 3782 420 3859 lium
434 3783 711 3888 magistrorum.
728 3787 941 3891 Stephanus
961 3788 1008 3863 de
1019 3788 1382 3895 BurisLingonensis
1402 3787 1559 3865 diocesis
1573 3786 1744 3863 similiter

323 3913 544 4020 requisitus,
563 3913 656 3989 dixit
671 3917 775 4020 quod
791 3916 937 3992 volebat
954 3915 1155 3993 defendere
1169 3917 1313 3995 dictum
1334 3918 1504 3996 ordinem
1522 3916 1563 3992 in
1580 3914 1682 3993 bona
1697 3945 1745 3993 ra-

324 4018 452 4134 cione}
471 4063 507 4123 et
526 4045 713 4123 Parisetus
737 4049 784 4123 de
796 4046 965 4125 Vollenis
985 4046 1229 4154 lingonensis
1250 4049 1409 4126 diocesis
1432 4047 1603 4126 similiter
1619 4047 1747 4153 requi-

326 4175 435 4262 situs,
460 4176 550 4252 dixit
573 4178 678 4282 quod
696 4178 845 4256 volebat
863 4179 1008 4257 dictum
1029 4178 1200 4257 ordinem
1220 4179 1421 4258 defendere
1449 4207 1518 4285 pro
1544 4206 1653 4284 posse
1674 4204 1742 4253 suo

326 4318 364 4377 et
384 4319 426 4409 nt
447 4303 612 4407 probous
634 4309 761 4385 homo.
1032 4306 1041 4317 ⁰

383 4433 472 4510 Acta
483 4433 718 4515 fuerunthec
731 4438 907 4545 predictis
925 4440 985 4516 die
1004 4459 1042 4517 et
1059 4442 1158 4530 loen,
1171 4442 1406 4547 presentibus
1420 4468 1481 4518 me
1495 4439 1742 4517 Floriamonte

327 4560 543 4650 Dondedei‘,
563 4567 752 4646 Bernardo
775 4567 928 4658 Filholi,
954 4568 1159 4648 Guillelmo
1182 4571 1387 4679 Radulpbi,
1412 4569 1601 4649 Bemardo
1626 4570 1743 4645 Hum-

328 4686 447 4773 baldi,
470 4689 650 4797 Hugolne]
675 4699 834 4785 Nicolai,
858 4698 1026 4777 Jobanne
1050 4702 1176 4781 Loveti
1193 4718 1231 4778 et
1244 4702 1412 4781 Jobanne
1432 4704 1480 4783 de
1499 4698 1655 4778 Fellinis
1679 4725 1745 4775 no-

325 4818 428 4895 tariis
448 4820 714 4927 suprascriptis.
