4080 6052
450 528 647 652 moces
673 576 768 651 nus
793 579 1113 655 iuuentutis:
1241 521 1243 525 ⁵
1286 589 1295 601 ·
1410 588 1482 657 sas

67 719 222 824 capelle,
245 720 353 795 traxit
369 719 492 824 ipsum
513 737 648 797 testem
666 747 783 826 prope
804 719 933 811 altare,
952 739 1004 807 et,
1023 739 1171 799 ostensa
1190 721 1352 826 quadam
1374 753 1481 802 cruce

66 850 203 956 lignea,
230 850 268 924 in
290 877 365 955 qua
394 850 499 928 nulla
527 868 605 927 erat
630 876 764 958 ymago
789 849 981 939 Crucifiri,
1009 852 1177 957 precepit
1202 852 1308 957 quod
1331 873 1485 959 spueret

65 1004 177 1085 super
193 1008 293 1069 cama
309 998 348 1057 et
365 1005 452 1058 cum
469 983 551 1089 ipse
573 982 681 1060 testis
696 982 952 1087 respondisset
966 984 1069 1089 quod
1086 985 1159 1059 hoc
1174 983 1282 1059 nullo
1297 985 1414 1062 modo
1433 985 1485 1060 la-

52 1126 183 1198 ·ceret,
210 1110 304 1187 dixit
329 1110 433 1215 quod
455 1112 505 1187 ita
529 1111 692 1189 debebat
711 1110 831 1187 facere
854 1127 893 1187 et
912 1113 1028 1187 eciam
1050 1111 1233 1218 abnegare
1254 1113 1395 1204 Deum;
1415 1115 1484 1191 ista

65 1258 193 1317 tamen
213 1240 309 1316 nulli
332 1266 377 1316 ea
401 1241 578 1318 fratribus
593 1241 790 1326 revelaret,
807 1242 874 1318 sed
893 1241 1136 1319 confiteretur
1154 1242 1202 1318 de
1222 1241 1399 1347 predictis
1418 1244 1485 1320 ali-

67 1372 144 1456 cui3
169 1388 206 1446 et
234 1387 323 1446 tunc
348 1372 427 1475 ipse
454 1372 559 1449 testis
582 1373 684 1477 spuit
713 1399 790 1447 non
810 1401 921 1477 supra
940 1373 1008 1449 sed
1027 1375 1132 1478 juxta
1156 1372 1293 1448 dictam
1315 1401 1482 1464 crucem,

67 1518 105 1577 et
123 1501 316 1607 abnegavit
335 1524 400 1578 ore
423 1528 500 1578 nou
520 1503 654 1589 corde3
674 1518 713 1576 et
736 1499 830 1577 infra
851 1501 1022 1578 triduum
1045 1501 1117 1577 nit
1143 1504 1189 1578 de
1206 1502 1383 1607 predictis
1397 1533 1485 1581 con-

65 1629 184 1707 fessus
208 1632 248 1705 in
272 1629 427 1707 ecclesia
452 1630 609 1707 fratrum
633 1629 916 1708 Predicatorum
940 1630 989 1707 de
1014 1632 1158 1718 Traeis,
1178 1630 1281 1707 fratri
1303 1633 1412 1709 Petro
1435 1633 1484 1707 de

66 1761 198 1837 ordine
229 1762 417 1839 datorum
447 1760 605 1838 flatrum
634 1761 938 1850 Predicatorttrn,
967 1779 1058 1837 tunc
1088 1760 1289 1837 confessori
1322 1762 1483 1867 episcopi

66 1892 279 1982 Trecensis,
309 1893 375 1996 qui
402 1891 562 1969 absolvit
588 1914 693 1981 eum,
723 1891 897 1995 imposita
929 1891 1139 1996 penitencie
1167 1891 1274 1996 quod
1297 1892 1487 1999 jejunaret

67 2021 178 2097 sextis
196 2019 315 2109 feriis,
338 2021 442 2126 quod
463 2037 501 2098 et
519 2019 607 2098 lecit
624 2042 693 2126 pet
712 2044 874 2112 annum,
893 2038 931 2097 et
953 2022 1051 2097 inter
1070 2021 1141 2098 alia
1162 2022 1255 2097 dixit
1274 2021 1345 2097 sibi
1365 2022 1487 2098 dietus

68 2150 181 2227 irater
200 2151 306 2256 quod
333 2150 486 2228 forsitan
506 2151 673 2257 predicta
692 2152 822 2230 illicita
847 2152 995 2230 fuerant
1011 2154 1045 2229 ei
1060 2169 1234 2259 precepta
1255 2152 1301 2228 ad
1324 2151 1488 2258 proban·
1588 2143 1595 2151 ⁸

70 2284 162 2357 dum
184 2311 290 2373 eum,
314 2282 344 2358 si
367 2283 581 2390 contigisset
601 2310 689 2358 eum
710 2283 809 2359 mitti
834 2283 932 2361 ultra
960 2311 1062 2359 mare
1086 2301 1123 2359 et
1148 2285 1227 2389 capi
1253 2282 1299 2358 ab
1321 2282 1487 2359 infideli-

68 2410 160 2500 bus,
189 2412 218 2489 si
247 2411 465 2520 abnegasset
486 2413 610 2489 Deum
635 2412 693 2489 vel
712 2439 820 2501 non,
842 2413 929 2518 quia
955 2414 986 2490 si
1016 2438 1092 2489 non
1119 2430 1304 2518 negasset,
1331 2410 1486 2488 forsitan

69 2542 184 2619 cicius
206 2543 396 2619 misissent
415 2569 505 2619 eum
527 2542 625 2619 ultra
642 2566 755 2619 mare.
778 2542 858 2620 Alia
879 2545 1079 2620 inhonesta
1097 2540 1224 2648 quoad
1248 2541 1391 2629 oscula,
1419 2543 1488 2617 cri·
1512 2572 1520 2584 ·

68 2700 156 2749 men
181 2673 448 2750 sodomiticum
468 2672 527 2749 vel
548 2673 618 2749 alia
645 2698 723 2751 non
743 2673 996 2752 interfuerunt
1015 2674 1055 2751 in
1076 2672 1296 2779 receptione
1316 2696 1383 2748 sua
1402 2698 1488 2777 pre-

69 2804 184 2892 dicta,
206 2828 275 2880 nec
291 2804 365 2880 scit
384 2803 493 2910 plura
515 2803 562 2879 de
586 2805 773 2882 contentis
787 2806 826 2881 in
844 2806 935 2910 ipsis
948 2805 1125 2882 articulis
1144 2828 1212 2911 nec
1232 2803 1270 2879 in
1297 2802 1393 2892 aliis,
1416 2804 1489 2880 boc

70 2950 222 3040 excepto
248 2934 354 3039 quod
374 2933 472 3010 bene
497 2934 616 3010 credit
641 2934 897 3013 ecclesiasticis
919 2936 1176 3022 sacramentis,
1204 2935 1361 3011 credens
1384 2933 1488 3038 quod

69 3063 133 3138 alii
156 3062 286 3139 iratres
308 3062 442 3138 eodem
469 3062 583 3140 modo
607 3060 820 3153 crederent,
842 3082 881 3142 et
903 3066 1007 3171 quod
1029 3088 1162 3143 eorum
1187 3064 1398 3141 sacerdotes
1422 3064 1491 3138 de-

70 3193 149 3273 bite
164 3190 412 3282 celebrarent,
436 3219 504 3270 nec
524 3192 642 3270 credit
655 3193 759 3299 quod
772 3193 855 3271 laici
869 3222 999 3273 eorum
1019 3193 1291 3272 absolverentur
1310 3191 1488 3297 peccatis3

71 3321 195 3396 statim
217 3346 286 3428 pro
305 3321 481 3427 professis
500 3322 747 3415 habebantur,
771 3339 814 3401 ut
828 3342 982 3430 possent
999 3323 1096 3400 mitti
1121 3322 1369 3400 incontinenti
1390 3321 1488 3397 ultra

71 3476 192 3538 marea
218 3452 449 3529 clandestine
469 3452 759 3559 recipiebantur,
781 3476 824 3533 et
849 3482 926 3560 quo
960 3470 1040 3532 erat
1065 3453 1226 3558 suspicio
1253 3467 1381 3526 contra
1411 3478 1486 3526 eos.

66 3579 150 3658 Non
161 3582 282 3660 credit
293 3581 397 3689 quod
407 3582 604 3660 carnaliter
613 3584 960 3671 commiscerentur,
968 3610 1037 3660 nec
1047 3583 1153 3689 quod
1165 3581 1349 3659 haberent
1360 3579 1487 3686 ydola,

71 3738 141 3786 nec
159 3710 263 3816 quod
283 3712 437 3789 cordule
451 3738 537 3790 cum
554 3713 694 3817 quibus
706 3712 955 3822 cingebantur
973 3732 1083 3816 snpra
1099 3712 1281 3798 camisim,
1299 3726 1488 3813 assumpte

72 3840 175 3916 unde
212 3839 404 3930 volebant,
436 3858 632 3950 tangerent
664 3842 801 3948 capitae
830 3861 897 3947 pe'r
922 3858 1195 3918 sacamentum
1224 3839 1492 3949 injungebatur

73 3970 176 4075 quod
198 3997 275 4047 nou
294 3970 501 4048 revelarent
526 3988 666 4048 morata
692 3971 942 4077 capitulorum
965 3996 1034 4049 nec
1056 3971 1214 4048 modurn
1236 3970 1489 4076 reoepcionis;

74 4102 102 4177 si
119 4100 357 4188 revelassent,
379 4101 500 4179 credit
517 4102 623 4208 quod
634 4103 756 4208 puniti
778 4101 954 4191 fuissem,
976 4103 1095 4180 nescit
1108 4114 1310 4209 qnantum,
1331 4117 1370 4177 et
1387 4098 1491 4206 quod

74 4232 312 4310 uniformiter
343 4228 601 4339 reciperentur
632 4233 671 4309 in
703 4233 837 4310 ordine
869 4233 1081 4311 secundnm
1110 4232 1215 4339 qued
1246 4229 1424 4338 depos-uit
1453 4252 1494 4304 se

73 4361 187 4439 fuisse
208 4382 411 4470 receptum.
438 4357 553 4456 Quod
576 4364 693 4440 eciam
717 4364 949 4473 negligentes
971 4363 1126 4441 inerunt
1147 4362 1203 4439 illi
1229 4362 1296 4470 qui
1323 4358 1491 4438 sciebant

74 4517 234 4583 errores,
263 4495 457 4601 quianon
487 4512 727 4572 correxerunt
754 4512 836 4586 eos,
866 4489 949 4572 nec'
962 4494 1284 4572 denunciaverunt
1312 4490 1489 4568 lioclesie.

73 4622 315 4731 Elemosynaa
336 4640 376 4704 et
398 4625 690 4730 hospitalitatem
712 4625 808 4703 vidit
827 4628 1095 4730 convenienter
1116 4624 1249 4703 servari
1278 4624 1317 4700 in
1344 4620 1491 4698 ordine.

74 4751 181 4829 Clam
211 4775 343 4833 eorum
376 4754 568 4862 capinrlia,
598 4772 643 4832 ut
673 4754 815 4833 andins
846 4757 937 4848 dici,
964 4756 1201 4835 tenebantur.
1230 4753 1360 4834 Credit
1386 4750 1493 4858 quod
1534 4771 1537 4778 ’

74 4898 176 4960 totus
199 4884 294 4962 mdo
321 4901 500 4964 senseat
521 4884 627 4991 quod
646 4901 803 4994 magnes
823 4887 998 4998 Magiam
1021 4904 1107 4964 cnm
1131 4903 1319 4964 movente
1344 4881 1494 4961 sumis

1315 5020 1363 5082 ss.
