4148 6052
313 529 385 604 cu
702 510 896 607 rnocns
921 529 1016 601 nus
1041 524 1338 598 rennuens.

310 672 384 747 vidi
405 670 464 748 vel
480 672 605 745 inveni
624 688 689 749 aut
707 673 780 778 legi
801 699 866 748 seu
884 669 1010 773 scripsi
1031 666 1175 772 aliquid
1195 667 1438 742 inhonestum
1459 663 1554 769 quin
1574 664 1739 742 deberet

311 820 348 877 et
365 818 491 905 posset
511 802 552 875 in
571 830 813 908 quocumque
836 800 909 876 alio
930 813 1057 874 saneto
1078 795 1211 871 ordine
1229 796 1400 871 inveniri.
1417 797 1529 883 ltem,
1549 823 1665 900 super
1679 824 1737 871 ar·

312 932 427 1007 ticulo
446 931 626 1035 loquente
643 931 690 1006 de
711 929 901 1006 erroribus
917 943 955 1001 et
971 926 1182 1011 heresibus,
1206 924 1289 1000 dico
1303 923 1419 1045 ‘quod'
1432 924 1474 997 in
1493 921 1571 998 illis
1588 942 1735 1030 tempe-

314 1060 417 1135 ribus
433 1058 575 1164 pluries
594 1058 716 1134 audivi
736 1090 755 1135 a
770 1057 995 1164 quibusdam
1011 1056 1178 1160 ipsorum
1199 1053 1371 1143 fratrum,
1394 1081 1560 1158 quorum
1577 1056 1731 1131 nomina

313 1190 360 1262 ad
379 1216 532 1292 presens
554 1189 708 1293 ignoro,
741 1206 894 1292 propter
923 1185 1208 1261 diuturnitatem
1237 1183 1417 1288 temperis
1442 1200 1480 1258 et
1508 1182 1732 1263 labilitatem

313 1318 512 1403 memorie,
536 1317 640 1422 quod
659 1318 759 1393 inter
781 1318 881 1420 ipsos
905 1315 1100 1419 quoddam
1119 1329 1305 1389 secretum
1322 1312 1584 1417 turpissimum
1605 1314 1735 1392 obser-

312 1450 461 1536 vabant,
483 1448 589 1552 quod
608 1447 751 1522 nemini
772 1443 977 1534 audebant,
999 1444 1069 1520 sub
1088 1471 1183 1548 pena
1202 1443 1333 1518 mortis
1352 1441 1410 1517 vel
1428 1447 1586 1520 carceris
1600 1475 1736 1553 perpe·

312 1578 385 1666 tui,
410 1573 585 1651 revelare.
615 1576 725 1663 ltem,
753 1575 828 1650 vidi
851 1591 889 1649 et
907 1573 1050 1661 audivi,
1076 1602 1144 1679 ego
1167 1572 1232 1678 qui
1255 1570 1404 1677 loquor,
1427 1573 1528 1676 apud
1552 1577 1729 1653 Barolum

313 1707 351 1778 in
373 1705 526 1809 Apulia,
548 1721 813 1808 temporeque
835 1733 921 1778 cum
942 1703 1106 1807 quodam
1128 1701 1238 1777 fratre
1257 1703 1368 1777 Petro
1392 1700 1537 1777 Grilerii
1553 1706 1725 1793 nemine,

315 1836 361 1909 de
381 1834 553 1911 Alvernia
578 1833 714 1924 milite,
737 1835 912 1939 magistro
936 1832 1079 1909 ordinis
1104 1832 1143 1906 in
1169 1859 1285 1937 reguo
1311 1828 1454 1918 Sicilie,
1477 1835 1728 1924 conversabar,

314 1964 614 2069 quodquidam,
635 1980 785 2038 vocatus
806 1962 917 2039 frater
935 1960 1125 2038 lohannes
1147 1962 1194 2036 de
1221 1961 1352 2065 Regio,
1375 1960 1571 2066 cujusdam
1598 1965 1733 2042 demus

315 2094 403 2167 dicti
429 2093 571 2167 ordinis
585 2109 791 2196 preceptor,
816 2093 862 2167 de
880 2091 946 2166 illa
965 2091 1161 2198 effugerat,
1177 2090 1235 2165 vel
1255 2088 1349 2166 sorte
1364 2118 1433 2195 pro
1451 2094 1564 2167 certis
1578 2097 1733 2172 excessi-

314 2224 386 2297 bus
406 2220 452 2295 ab
473 2248 517 2295 eo
539 2221 758 2325 perpetratis
782 2221 957 2325 expulsus
976 2220 1117 2307 fuerat3
1140 2235 1177 2295 et
1190 2219 1343 2294 veniens
1362 2220 1411 2294 ad
1428 2239 1577 2325 portam
1598 2224 1733 2302 domus

314 2351 464 2455 Templi
476 2352 523 2426 de
535 2351 684 2437 Barol0‚
697 2352 777 2427 sine
792 2350 989 2439 mantell0,
1006 2350 1232 2456 loquebatur
1245 2380 1331 2427 cum
1346 2350 1513 2455 quodam
1529 2352 1641 2430 sratre
1655 2385 1734 2461 por-

314 2482 479 2570 tonario,
502 2483 589 2588 qui,
611 2500 655 2557 ut
674 2485 787 2559 eredo
810 2502 847 2559 et
866 2486 905 2560 in
930 2498 1113 2590 quantum
1132 2481 1276 2571 recolo,
1301 2479 1414 2556 trater
1428 2484 1671 2589 Raymondus
1687 2487 1733 2562 de

316 2613 487 2688 Alvernia
507 2613 717 2699 vocabatur,
739 2633 872 2718 petens
894 2613 939 2689 ab
961 2614 1042 2716 ipse
1065 2614 1095 2688 si
1115 2642 1245 2717 pacem
1262 2640 1368 2689 suam
1390 2640 1479 2718 erga
1500 2614 1642 2691 dictum
1662 2616 1734 2692 lra-

316 2759 411 2816 trem
444 2744 483 2816 P.
514 2741 664 2818 Griferii
693 2742 892 2818 obtineret.
926 2744 1010 2847 Ipso
1041 2743 1256 2846 portenario
1294 2742 1546 2847 respondente
1568 2779 1577 2819 :
1607 2747 1730 2823 Credo

317 2872 441 2973 quod,
467 2872 497 2947 si
518 2889 555 2947 te
573 2889 736 2961 teneret,
764 2873 865 2977 ipuod
887 2873 936 2948 ita
955 2889 993 2946 te
1014 2871 1223 2947 carceribus
1245 2872 1488 2976 manciparet,
1510 2875 1614 2978 quod
1636 2875 1731 2952 lorte

319 3028 386 3072 nec
415 3000 534 3075 solem
559 3030 628 3076 nec
653 3002 782 3077 lunam
808 3003 953 3078 videres
977 3002 1129 3107 quando
1154 3001 1283 3092 velles3
1311 3018 1349 3076 et
1367 3019 1461 3077 tune
1481 3002 1604 3080 dictus
1624 3004 1736 3081 frater

317 3126 524 3214 lohannes,
548 3131 627 3203 sine
649 3132 829 3206 mantello
852 3133 1029 3220 existens,
1058 3133 1223 3209 animosa
1242 3160 1331 3209 voce
1359 3134 1557 3236 respondit
1577 3166 1586 3208 :
1609 3138 1735 3212 Frater

320 3257 554 3360 llaymonde,
572 3255 684 3332 frater
700 3261 933 3362 Raymonde,
955 3278 997 3335 tu
1013 3262 1110 3338 bene
1125 3263 1195 3337 scis
1215 3261 1323 3337 sicuti
1340 3278 1378 3335 et
1391 3290 1460 3368 ego
1479 3264 1601 3368 quod,
1623 3267 1654 3340 si
1671 3267 1734 3342 vel·

319 3388 395 3462 lem
419 3386 541 3490 loqui,
565 3417 697 3466 omnes
719 3418 884 3466 essemus
906 3393 1113 3497 vituperati.
1138 3397 1185 3468 Et
1207 3411 1298 3470 tunc
1323 3422 1393 3497 ego
1417 3394 1483 3498 qui
1504 3394 1644 3499 loquor
1663 3398 1733 3473 dixi

321 3516 417 3592 sibi:
439 3519 651 3605 Maledicte,
679 3551 793 3624 ‹luare
820 3552 895 3597 non
922 3523 1015 3599 dieis
1037 3542 1078 3598 tu
1103 3523 1166 3598 illa
1191 3551 1264 3628 que
1288 3523 1378 3598 scis?
1401 3525 1576 3628 quoniam
1606 3529 1737 3628 pocius

324 3649 479 3724 deberes
494 3649 587 3724 velle
605 3652 810 3754 vituperare
826 3682 939 3757 quam
955 3654 1170 3757 vituperari3
1186 3670 1225 3727 et
1236 3681 1303 3757 per
1317 3654 1458 3729 Deuml
1482 3654 1546 3729 diu
1563 3658 1735 3761 estquod

324 3778 445 3853 audivi
467 3778 570 3881 loqui
596 3780 643 3854 de
664 3782 829 3884 quodam
851 3811 976 3858 errore
995 3813 1107 3887 quem
1127 3785 1224 3858 inter
1238 3811 1302 3859 vos
1315 3784 1472 3859 habetis.
1493 3785 1578 3889 lpso
1593 3816 1738 3893 respon-

326 3910 436 3983 dente
456 3907 560 4012 quod
584 3937 688 3986 error
707 3911 772 3986 ille
796 3913 881 3989 talis
907 3932 985 3989 erat
1008 3913 1184 4018 quod„si
1205 3913 1441 4002 revelaretur,
1462 3943 1595 3994 omues
1617 3917 1668 3993 illi
1694 3918 1738 3992 de

325 4037 457 4111 ordine
482 4056 606 4114 essent
625 4041 840 4146 vituperati3
866 4062 903 4119 et
926 4045 1055 4149 pocius
1074 4044 1209 4120 vellem
1229 4042 1368 4121 hahere
1393 4045 1514 4149 capud
1538 4048 1737 4133 incissum,

326 4197 438 4271 quani
451 4185 506 4244 tot
518 4169 665 4245 nobiles
680 4187 718 4247 et
730 4189 786 4246 tot
798 4172 904 4275 probi
920 4174 988 4248 viri
1003 4175 1137 4279 inipso
1152 4174 1283 4249 ordine
1298 4175 1496 4252 existentes
1508 4194 1631 4253 essent
1643 4179 1739 4253 male

326 4298 467 4372 tractati
498 4299 555 4374 vel
579 4302 786 4404 vituperati.
815 4304 924 4391 ltem,
951 4305 1128 4407 predictis
1156 4304 1408 4410 temporibus,
1437 4306 1478 4380 in
1507 4306 1607 4383 dieta
1629 4308 1740 4384 domo

328 4426 421 4517 vidi,
444 4457 512 4533 ego
534 4431 599 4534 qui
623 4430 770 4535 loquor,
795 4433 998 4536 quemdam
1020 4434 1195 4510 clericum
1218 4435 1360 4540 capelle
1381 4464 1448 4511 seu
1467 4436 1625 4514 ecclesie
1647 4439 1741 4514 dicte

330 4555 480 4647 demus,
501 4561 662 4635 amicum
687 4590 814 4637 meum
836 4579 874 4637 et
893 4566 1108 4641 consocium
1135 4565 1351 4669 specialem,
1372 4564 1550 4643 Polinum
1570 4570 1739 4656 nomine,

329 4712 442 4787 quem
463 4691 704 4788 postmodum
720 4694 795 4768 vidi
816 4694 855 4768 in
876 4694 1009 4770 ordine
1028 4713 1066 4771 et
1081 4696 1250 4771 habitum
1274 4696 1541 4803 absumpsisse,
1566 4730 1653 4777 cum
1669 4728 1740 4805 quo

330 4812 471 4918 pluries
487 4814 639 4920 loqutus
655 4821 707 4897 sui
724 4823 770 4898 de
791 4852 915 4899 errore
932 4826 1100 4929 predicto
1116 4844 1158 4901 ut
1177 4826 1288 4902 illum
1306 4828 1419 4904 michi
1439 4848 1659 4934 exponeret,
1679 4858 1737 4935 pe-
