4080 6052
498 504 695 601 Procas
721 524 816 600 ons
842 526 1143 605 rrnrrrsas.
1455 537 1526 610 201

57 683 62 692 '
112 699 188 778 qua
205 686 390 776 tempora,
412 667 484 745 nisi
511 667 561 750 ob
584 667 761 745 timorem
787 667 931 746 ordinis
954 670 1102 746 retracti
1122 667 1293 749 fixissent.
1314 672 1531 781 Requisitus

112 831 156 878 ex
184 830 259 910 qua
286 828 395 878 causa
421 799 500 904 ipse
534 798 704 876 exivisset
728 797 902 875 ordinem
930 800 1159 905 predictum,
1189 800 1283 878 dixit
1307 803 1412 908 quod
1443 833 1530 909 pro-

110 948 193 1038 pter
226 928 550 1014 abominacionem
582 927 770 1005 dictorum
802 957 974 1006 errorum
1003 959 1071 1036 per
1101 959 1191 1007 eum
1221 930 1528 1010 confessatorum.

112 1144 115 1149 ,
167 1063 279 1154 Item,
300 1087 415 1165 super
434 1084 556 1137 cxvurr
576 1056 733 1135 articulo
758 1057 979 1163 requisitus,
1004 1059 1200 1165 respondit
1218 1088 1257 1137 se
1278 1060 1394 1139 nichil
1417 1063 1528 1151 scire,

111 1193 182 1271 nisi
204 1192 252 1268 de
272 1189 405 1267 auditu
424 1187 498 1266 dici
516 1205 602 1294 post
619 1205 771 1294 tempus
790 1188 976 1294 capcionis
997 1217 1141 1266 eornm.

168 1322 281 1428 Item,
302 1347 424 1425 super·
439 1343 523 1407 cxx,
544 1342 621 1408 ιιι,
643 1343 686 1407 ιι,
708 1344 747 1394 ιιι
771 1316 936 1394 articulis
960 1318 1181 1422 requisitus,
1207 1321 1403 1424 respondit
1427 1322 1532 1429 quod

114 1453 213 1529 inter
227 1448 359 1527 fratres
377 1446 465 1535 dicti
484 1446 626 1527 ordinis
644 1464 750 1525 erant
771 1447 850 1524 noti
873 1463 912 1523 et
932 1445 1118 1524 manifesti
1136 1474 1298 1540 errores,
1325 1450 1372 1528 de
1392 1453 1533 1558 quibus

114 1583 192 1687 ipse
217 1608 329 1685 supra
354 1577 546 1684 deposuit,
568 1593 607 1652 et
629 1594 709 1655 erat
733 1574 832 1654 lama
855 1575 1007 1682 publica
1032 1575 1130 1654 inter
1155 1605 1219 1654 eos
1244 1576 1363 1656 dictos
1388 1610 1533 1659 errores

113 1710 235 1816 vigere
255 1709 296 1785 in
315 1707 448 1787 ordine
468 1704 702 1813 supradicto,
725 1707 843 1785 nescit
865 1723 1009 1796 tamen,
1031 1722 1076 1784 ut
1097 1705 1207 1797 dixit,
1229 1706 1335 1812 quod
1354 1726 1454 1786 extra
1474 1739 1534 1796 or-

113 1840 242 1917 dinem
262 1856 346 1915 ante
367 1837 583 1943 capcionem
603 1863 738 1915 eorum
759 1854 857 1916 esset
879 1836 976 1915 sama
1002 1836 1181 1943 predicta.
1202 1838 1420 1944 Requisitus
1439 1840 1534 1947 quid

113 1987 217 2047 vocat
233 1970 297 2046 hic
315 1968 452 2046 lamam
472 1966 680 2075 publicam,
700 1967 898 2073 respondit
915 1967 1022 2074 quod
1041 1967 1140 2044 illud
1158 1966 1264 2074 quod
1284 1972 1535 2049 communiter
1570 2012 1572 2016 ·

114 2098 300 2176 sciebatur
319 2098 417 2176 inter
435 2096 567 2175 fratres
587 2096 677 2175 dicti
699 2095 854 2177 ordinis.

171 2229 278 2319 Item,
295 2256 409 2334 super
422 2254 556 2319 cxxuu,
571 2253 654 2314 xxv,
669 2252 753 2304 ιιιι
769 2243 808 2303 et
823 2252 920 2305 xxvrr
933 2228 1098 2305 articulis
1109 2229 1328 2334 requisitus,
1340 2233 1536 2337 respondit

115 2387 155 2436 se
184 2357 338 2435 credere
366 2384 445 2433 esse
473 2381 559 2432 vera
583 2371 758 2431 contenta
780 2353 820 2430 in
845 2353 910 2430 eis.
936 2356 1153 2460 Requisitus
1176 2386 1291 2463 quare
1317 2360 1450 2446 credit,
1477 2390 1537 2437 re-

116 2486 269 2594 spondit
288 2485 467 2592 quiahoc
491 2484 684 2562 audiverat
701 2483 776 2589 legi
796 2483 835 2559 in
855 2482 988 2559 litteris
1011 2482 1163 2562 bullatis
1183 2485 1221 2562 in
1241 2489 1432 2593 presencia
1456 2486 1537 2575 offi-

117 2618 218 2695 cialis
231 2614 466 2693 Pictavensis.
479 2614 713 2719 Requisitus,
733 2613 763 2689 si
779 2612 832 2690 sic
846 2611 1021 2718 deposuit
1037 2641 1164 2719 prece,
1182 2615 1325 2719 precio,
1341 2635 1533 2724 precepto,

114 2748 267 2836 timore,
290 2745 380 2823 odio
400 2744 457 2822 vel
478 2771 621 2833 amore,
644 2759 710 2818 aut
733 2742 860 2849 aliquo
885 2741 1047 2820 comodo
1075 2743 1290 2848 temporali,
1322 2744 1455 2824 doctus
1476 2748 1535 2825 vel

116 2879 335 2973 instructus,
356 2873 553 2986 respondit
571 2872 677 2983 quod
694 2900 784 2955 non.
867 2928 875 2966 ‚·
902 2950 907 2966 ,

175 3142 360 3247 Conpleta
377 3165 465 3217 uero
486 3156 525 3215 et
535 3138 704 3245 perlecta
725 3138 966 3244 deposicione
987 3138 1077 3215 dicti
1095 3138 1275 3217 lobannis
1294 3137 1454 3246 Anglici,
1477 3167 1537 3216 ea-

121 3272 208 3348 dem
229 3270 291 3348 die
310 3270 426 3359 lovis,
448 3286 492 3345 ut
512 3269 743 3374 premititur,
764 3285 950 3345 venerunt
968 3268 1007 3345 in
1025 3267 1192 3375 predicta
1217 3267 1357 3374 capella
1379 3269 1537 3373 predicti

118 3400 252 3479 fratres
285 3401 325 3476 P.
361 3400 408 3476 de
439 3398 623 3489 Bononia,
657 3400 700 3475 R.
733 3397 782 3475 de
813 3398 955 3476 Pruino
983 3397 1200 3504 presbiteri,
1230 3396 1460 3477 Guillelmus
1491 3397 1538 3473 de

120 3531 384 3612 Chambonent
414 3546 453 3608 et
473 3529 709 3607 bertrandus
743 3528 791 3605 de
826 3528 995 3637 Sartigiis
1028 3528 1184 3622 milites,
1215 3554 1340 3605 eoram
1376 3526 1540 3606 dominis

41 3721 57 3739 ι
119 3662 383 3740 commissoriis
411 3659 652 3767 supradictis,
679 3675 718 3738 et
742 3658 996 3737 exhibuerunt
1021 3658 1180 3753 eisdem,
1208 3659 1256 3736 ad
1281 3657 1540 3736 defensionem

121 3791 212 3867 dicti
236 3789 396 3877 ordinis,
417 3788 620 3894 quamdam
645 3787 817 3866 cedulam
844 3818 959 3895 quam
984 3788 1087 3864 idem
1112 3787 1225 3867 frater
1242 3789 1283 3867 P.
1306 3788 1354 3866 de
1373 3787 1540 3866 Bononia

121 3919 213 4026 legit
232 3916 393 4001 ibidem,
416 3917 523 4024 cujus
541 3933 651 3994 tenor
669 3918 753 3995 talis
773 3935 858 3996 est:
986 4015 989 4018 ἱ

180 4051 318 4130 Coram
329 4047 435 4123 vobis
449 4047 662 4124 reverendis
675 4048 862 4153 patribus,
878 4065 965 4140 ete,
981 4064 1199 4154 proponunt
1219 4064 1260 4126 et
1283 4048 1413 4126 dicunt
1431 4049 1543 4126 frater

122 4185 257 4259 Petrus
282 4195 319 4257 et
345 4177 458 4253 frater
488 4177 700 4284 Raynaldus
728 4176 944 4284 presbiteri,
970 4176 1083 4255 frater
1111 4178 1340 4257 Bertrandus
1367 4197 1404 4257 et
1432 4180 1544 4258 lrater

124 4308 352 4390 Guillelmus
372 4306 511 4384 milites
531 4306 582 4383 de
605 4307 738 4384 ordine
760 4307 925 4413 Templi,
949 4307 1102 4385 nomine
1129 4336 1198 4385 suo
1220 4325 1258 4384 et
1281 4311 1452 4387 omnium
1472 4310 1544 4387 sra-

125 4459 228 4518 trum
252 4437 424 4546 ejusdem
448 4436 608 4528 ordinis,
636 4437 707 4516 sibi
728 4432 1148 4545 *adherentiumsquod
1172 4466 1368 4546 processus
1394 4441 1546 4519 babitus

127 4585 256 4648 contra
274 4569 373 4674 ipsos
393 4567 562 4674 rapidus,
583 4567 785 4659 violentus,
805 4596 955 4675 repens,
977 4569 1098 4646 inicus
1119 4587 1157 4646 et
1177 4569 1338 4677 injustus
1356 4570 1446 4659 fuit,
1468 4571 1548 4650 nul-

126 4701 203 4796 lam
223 4699 376 4783 omnino
391 4698 599 4807 justiciam,
620 4698 690 4776 sed
707 4716 824 4776 totam
844 4699 1040 4809 injuriam,
1059 4700 1278 4779 violenciam
1295 4703 1545 4808 gravissimam

127 4848 166 4910 et
183 4856 351 4908 errorem
367 4827 656 4906 intollerabilem
675 4831 885 4922 continens3
902 4830 990 4938 quia
1007 4830 1113 4908 nullo
1131 4849 1273 4910 servato
1286 4833 1384 4941 juris
1402 4833 1545 4916 ordine,

213 4963 319 5029 rnocls
340 4987 393 5029 nes
413 4985 668 5030 retrursus-1.
1382 4969 1422 5029 26
