<?xml version="1.0" encoding="UTF-8"?>
<!DOCTYPE html PUBLIC "-//W3C//DTD XHTML 1.0 Transitional//EN"
    "http://www.w3.org/TR/xhtml1/DTD/xhtml1-transitional.dtd">
<html xmlns="http://www.w3.org/1999/xhtml" xml:lang="en" lang="en">
 <head>
  <title>
</title>
<meta http-equiv="Content-Type" content="text/html;charset=utf-8" />
  <meta name='ocr-system' content='tesseract 3.04.00' />
  <meta name='ocr-capabilities' content='ocr_page ocr_carea ocr_par ocr_line ocrx_word'/>
</head>
<body>
  <div class='ocr_page' id='page_1' title='image "./procsdestemplie02defegoog_0352.png"; bbox 0 0 4080 6052; ppageno 0'>
   <div class='ocr_carea' id='block_1_1' title="bbox 519 515 1960 2206">
    <p class='ocr_par' dir='ltr' id='par_1_1' title="bbox 519 515 1960 2206">
     <span class='ocr_line' id='line_1_1' title="bbox 540 515 1568 608; baseline -0.006 0"><span class='ocrx_word' id='word_1_1' title='bbox 540 534 615 608; x_wconf 68' lang='lat' dir='ltr'>stt</span> <span class='ocrx_word' id='word_1_2' title='bbox 924 515 1123 608; x_wconf 73' lang='lat' dir='ltr'>PROGdS</span> <span class='ocrx_word' id='word_1_3' title='bbox 1144 532 1239 604; x_wconf 76' lang='lat' dir='ltr'>Dus</span> <span class='ocrx_word' id='word_1_4' title='bbox 1265 529 1568 603; x_wconf 69' lang='lat' dir='ltr'><strong>TEMPLIBRS.</strong></span> 
     </span>
     <span class='ocr_line' id='line_1_2' title="bbox 538 663 1960 782; baseline -0.003 -28"><span class='ocrx_word' id='word_1_5' title='bbox 538 677 680 754; x_wconf 82' lang='lat' dir='ltr'>audivit</span> <span class='ocrx_word' id='word_1_6' title='bbox 697 675 803 782; x_wconf 88' lang='lat' dir='ltr'>quod</span> <span class='ocrx_word' id='word_1_7' title='bbox 820 693 975 781; x_wconf 86' lang='lat' dir='ltr'>propter</span> <span class='ocrx_word' id='word_1_8' title='bbox 994 663 1110 753; x_wconf 84' lang='lat' dir='ltr'>dictas</span> <span class='ocrx_word' id='word_1_9' title='bbox 1128 674 1300 751; x_wconf 78' lang='lat' dir='ltr'>feditates</span> <span class='ocrx_word' id='word_1_10' title='bbox 1318 672 1454 778; x_wconf 77' lang='lat' dir='ltr'>uliquis</span> <span class='ocrx_word' id='word_1_11' title='bbox 1474 673 1623 748; x_wconf 85' lang='lat' dir='ltr'>dictum</span> <span class='ocrx_word' id='word_1_12' title='bbox 1642 671 1820 748; x_wconf 87' lang='lat' dir='ltr'>ordinem</span> <span class='ocrx_word' id='word_1_13' title='bbox 1839 670 1960 750; x_wconf 75' lang='lat' dir='ltr'>exive-</span> 
     </span>
     <span class='ocr_line' id='line_1_3' title="bbox 539 801 1955 912; baseline -0.004 -29"><span class='ocrx_word' id='word_1_14' title='bbox 539 810 602 898; x_wconf 76' lang='lat' dir='ltr'>rit3</span> <span class='ocrx_word' id='word_1_15' title='bbox 625 836 694 883; x_wconf 89' lang='lat' dir='ltr'>nec</span> <span class='ocrx_word' id='word_1_16' title='bbox 712 808 780 882; x_wconf 89' lang='lat' dir='ltr'>scit</span> <span class='ocrx_word' id='word_1_17' title='bbox 798 805 903 912; x_wconf 89' lang='lat' dir='ltr'>quod</span> <span class='ocrx_word' id='word_1_18' title='bbox 920 806 1008 882; x_wconf 89' lang='lat' dir='ltr'>inde</span> <span class='ocrx_word' id='word_1_19' title='bbox 1029 804 1198 882; x_wconf 82' lang='lat' dir='ltr'>scandala</span> <span class='ocrx_word' id='word_1_20' title='bbox 1218 804 1293 881; x_wconf 91' lang='lat' dir='ltr'>sint</span> <span class='ocrx_word' id='word_1_21' title='bbox 1310 820 1459 879; x_wconf 86' lang='lat' dir='ltr'>exorta:</span> <span class='ocrx_word' id='word_1_22' title='bbox 1483 802 1742 878; x_wconf 73' lang='lat' dir='ltr'>credittamen</span> <span class='ocrx_word' id='word_1_23' title='bbox 1755 801 1866 907; x_wconf 79' lang='lat' dir='ltr'>quod</span> <span class='ocrx_word' id='word_1_24' title='bbox 1881 802 1955 896; x_wconf 73' lang='lat' dir='ltr'>ills,</span> 
     </span>
     <span class='ocr_line' id='line_1_4' title="bbox 519 925 1957 1045; baseline -0.005 -29"><span class='ocrx_word' id='word_1_25' title='bbox 519 925 613 1045; x_wconf 38' lang='lat' dir='ltr'>&#39;que</span> <span class='ocrx_word' id='word_1_26' title='bbox 631 937 936 1043; x_wconf 85' lang='lat' dir='ltr'>supra&#39;dcposuit</span> <span class='ocrx_word' id='word_1_27' title='bbox 954 936 1002 1012; x_wconf 87' lang='lat' dir='ltr'>de</span> <span class='ocrx_word' id='word_1_28' title='bbox 1021 937 1138 1013; x_wconf 90' lang='lat' dir='ltr'>modo</span> <span class='ocrx_word' id='word_1_29' title='bbox 1157 933 1488 1039; x_wconf 63' lang='lat' dir='ltr'>receptissimus,</span> <span class='ocrx_word' id='word_1_30' title='bbox 1508 949 1636 1009; x_wconf 88' lang='lat' dir='ltr'>esseut</span> <span class='ocrx_word' id='word_1_31' title='bbox 1656 928 1748 1008; x_wconf 72' lang='lat' dir='ltr'>notu</span> <span class='ocrx_word' id='word_1_32' title='bbox 1767 933 1867 1009; x_wconf 78' lang='lat' dir='ltr'>inter</span> <span class='ocrx_word' id='word_1_33' title='bbox 1884 932 1957 1009; x_wconf 78' lang='lat' dir='ltr'>lra-</span> 
     </span>
     <span class='ocr_line' id='line_1_5' title="bbox 538 1063 1957 1170; baseline -0.006 -24"><span class='ocrx_word' id='word_1_34' title='bbox 538 1088 614 1146; x_wconf 85' lang='lat' dir='ltr'>tres</span> <span class='ocrx_word' id='word_1_35' title='bbox 633 1069 721 1144; x_wconf 89' lang='lat' dir='ltr'>dicti</span> <span class='ocrx_word' id='word_1_36' title='bbox 740 1067 900 1152; x_wconf 83' lang='lat' dir='ltr'><strong>ordinis,</strong></span> <span class='ocrx_word' id='word_1_37' title='bbox 925 1069 992 1144; x_wconf 87' lang='lat' dir='ltr'>sed</span> <span class='ocrx_word' id='word_1_38' title='bbox 1016 1093 1092 1142; x_wconf 87' lang='lat' dir='ltr'>nou</span> <span class='ocrx_word' id='word_1_39' title='bbox 1117 1067 1217 1142; x_wconf 89' lang='lat' dir='ltr'>inter</span> <span class='ocrx_word' id='word_1_40' title='bbox 1234 1081 1444 1150; x_wconf 57' lang='lat' dir='ltr'>extraneum</span> <span class='ocrx_word' id='word_1_41' title='bbox 1465 1080 1504 1139; x_wconf 88' lang='lat' dir='ltr'>et</span> <span class='ocrx_word' id='word_1_42' title='bbox 1522 1063 1664 1139; x_wconf 71' lang='lat' dir='ltr'>audivit</span> <span class='ocrx_word' id='word_1_43' title='bbox 1682 1063 1757 1138; x_wconf 87' lang='lat' dir='ltr'>dici</span> <span class='ocrx_word' id='word_1_44' title='bbox 1779 1090 1957 1170; x_wconf 80' lang='lat' dir='ltr'>magnum</span> 
     </span>
     <span class='ocr_line' id='line_1_6' title="bbox 540 1191 1956 1304; baseline -0.005 -28"><span class='ocrx_word' id='word_1_45' title='bbox 540 1199 759 1304; x_wconf 80' lang='lat' dir='ltr'>Magistrum</span> <span class='ocrx_word' id='word_1_46' title='bbox 784 1214 823 1273; x_wconf 90' lang='lat' dir='ltr'>et</span> <span class='ocrx_word' id='word_1_47' title='bbox 846 1195 938 1274; x_wconf 82' lang='lat' dir='ltr'>alios</span> <span class='ocrx_word' id='word_1_48' title='bbox 963 1196 1094 1273; x_wconf 76' lang='lat' dir='ltr'>frutres</span> <span class='ocrx_word' id='word_1_49' title='bbox 1123 1195 1264 1271; x_wconf 83' lang='lat' dir='ltr'>multos</span> <span class='ocrx_word' id='word_1_50' title='bbox 1298 1220 1444 1270; x_wconf 89' lang='lat' dir='ltr'>errores</span> <span class='ocrx_word' id='word_1_51' title='bbox 1472 1191 1587 1271; x_wconf 83' lang='lat' dir='ltr'>fuisse</span> <span class='ocrx_word' id='word_1_52' title='bbox 1609 1191 1817 1282; x_wconf 77' lang='lat' dir='ltr'>confessos,</span> <span class='ocrx_word' id='word_1_53' title='bbox 1842 1193 1956 1270; x_wconf 71' lang='lat' dir='ltr'>restit</span> 
     </span>
     <span class='ocr_line' id='line_1_7' title="bbox 539 1321 1844 1435; baseline -0.005 -29"><span class='ocrx_word' id='word_1_54' title='bbox 539 1357 650 1435; x_wconf 91' lang='lat' dir='ltr'>quos,</span> <span class='ocrx_word' id='word_1_55' title='bbox 672 1357 740 1403; x_wconf 90' lang='lat' dir='ltr'>nec</span> <span class='ocrx_word' id='word_1_56' title='bbox 761 1327 831 1403; x_wconf 82' lang='lat' dir='ltr'>alie</span> <span class='ocrx_word' id='word_1_57' title='bbox 850 1327 897 1403; x_wconf 90' lang='lat' dir='ltr'>de</span> <span class='ocrx_word' id='word_1_58' title='bbox 915 1327 1099 1402; x_wconf 88' lang='lat' dir='ltr'>contentis</span> <span class='ocrx_word' id='word_1_59' title='bbox 1116 1326 1155 1402; x_wconf 88' lang='lat' dir='ltr'>in</span> <span class='ocrx_word' id='word_1_60' title='bbox 1171 1351 1254 1403; x_wconf 81' lang='lat' dir='ltr'>xxv1</span> <span class='ocrx_word' id='word_1_61' title='bbox 1274 1323 1417 1400; x_wconf 81' lang='lat' dir='ltr'><strong>ultimis</strong></span> <span class='ocrx_word' id='word_1_62' title='bbox 1432 1321 1597 1398; x_wconf 75' lang='lat' dir='ltr'>artimlis</span> <span class='ocrx_word' id='word_1_63' title='bbox 1613 1322 1844 1399; x_wconf 80' lang='lat' dir='ltr'>memoretis.</span> 
     </span>
     <span class='ocr_line' id='line_1_8' title="bbox 596 1453 1956 1561; baseline -0.001 -27"><span class='ocrx_word' id='word_1_64' title='bbox 596 1460 705 1545; x_wconf 88' lang='lat' dir='ltr'>ltem,</span> <span class='ocrx_word' id='word_1_65' title='bbox 736 1456 940 1561; x_wconf 83' lang='lat' dir='ltr'>requisitus</span> <span class='ocrx_word' id='word_1_66' title='bbox 968 1456 996 1532; x_wconf 84' lang='lat' dir='ltr'>si</span> <span class='ocrx_word' id='word_1_67' title='bbox 1030 1482 1156 1560; x_wconf 88' lang='lat' dir='ltr'>prece,</span> <span class='ocrx_word' id='word_1_68' title='bbox 1185 1470 1376 1558; x_wconf 85' lang='lat' dir='ltr'>precepto,</span> <span class='ocrx_word' id='word_1_69' title='bbox 1402 1453 1556 1536; x_wconf 78' lang='lat' dir='ltr'>timore,</span> <span class='ocrx_word' id='word_1_70' title='bbox 1582 1479 1743 1544; x_wconf 81' lang='lat' dir='ltr'>smore,·</span> <span class='ocrx_word' id='word_1_71' title='bbox 1759 1453 1866 1541; x_wconf 83' lang='lat' dir='ltr'>odio,</span> <span class='ocrx_word' id='word_1_72' title='bbox 1895 1484 1956 1532; x_wconf 86' lang='lat' dir='ltr'>co-</span> 
     </span>
     <span class='ocr_line' id='line_1_9' title="bbox 541 1581 1954 1690; baseline -0.001 -28"><span class='ocrx_word' id='word_1_73' title='bbox 541 1587 657 1662; x_wconf 90' lang='lat' dir='ltr'>modo</span> <span class='ocrx_word' id='word_1_74' title='bbox 673 1584 870 1690; x_wconf 82' lang='lat' dir='ltr'>temporali</span> <span class='ocrx_word' id='word_1_75' title='bbox 885 1585 1018 1661; x_wconf 84' lang='lat' dir='ltr'>habito</span> <span class='ocrx_word' id='word_1_76' title='bbox 1036 1583 1097 1659; x_wconf 86' lang='lat' dir='ltr'>vel</span> <span class='ocrx_word' id='word_1_77' title='bbox 1112 1582 1288 1661; x_wconf 79' lang='lat' dir='ltr'>habendo</span> <span class='ocrx_word' id='word_1_78' title='bbox 1302 1582 1355 1658; x_wconf 85' lang='lat' dir='ltr'>sic</span> <span class='ocrx_word' id='word_1_79' title='bbox 1375 1581 1615 1686; x_wconf 75' lang='lat' dir='ltr'><strong>deposuerat,</strong></span> <span class='ocrx_word' id='word_1_80' title='bbox 1634 1583 1831 1687; x_wconf 76' lang='lat' dir='ltr'>respoudit</span> <span class='ocrx_word' id='word_1_81' title='bbox 1850 1586 1954 1690; x_wconf 82' lang='lat' dir='ltr'>quod</span> 
     </span>
     <span class='ocr_line' id='line_1_10' title="bbox 540 1711 1955 1819; baseline 0 -28"><span class='ocrx_word' id='word_1_82' title='bbox 540 1744 628 1805; x_wconf 89' lang='lat' dir='ltr'>non,</span> <span class='ocrx_word' id='word_1_83' title='bbox 650 1715 717 1790; x_wconf 87' lang='lat' dir='ltr'>sed</span> <span class='ocrx_word' id='word_1_84' title='bbox 730 1715 957 1819; x_wconf 74' lang='lat' dir='ltr'>proteritate</span> <span class='ocrx_word' id='word_1_85' title='bbox 970 1714 1140 1798; x_wconf 82' lang='lat' dir='ltr'>dicende,</span> <span class='ocrx_word' id='word_1_86' title='bbox 1158 1711 1278 1789; x_wconf 83' lang='lat' dir='ltr'>etluit</span> <span class='ocrx_word' id='word_1_87' title='bbox 1296 1712 1367 1788; x_wconf 89' lang='lat' dir='ltr'>sibi</span> <span class='ocrx_word' id='word_1_88' title='bbox 1387 1711 1592 1788; x_wconf 82' lang='lat' dir='ltr'>inhibitum</span> <span class='ocrx_word' id='word_1_89' title='bbox 1609 1740 1677 1817; x_wconf 89' lang='lat' dir='ltr'>per</span> <span class='ocrx_word' id='word_1_90' title='bbox 1696 1713 1815 1790; x_wconf 76' lang='lat' dir='ltr'>dictoe</span> <span class='ocrx_word' id='word_1_91' title='bbox 1833 1712 1955 1791; x_wconf 72' lang='lat' dir='ltr'>donu-</span> 
     </span>
     <span class='ocr_line' id='line_1_11' title="bbox 540 1841 1955 1949; baseline 0.001 -29"><span class='ocrx_word' id='word_1_92' title='bbox 540 1873 609 1921; x_wconf 92' lang='lat' dir='ltr'>nos</span> <span class='ocrx_word' id='word_1_93' title='bbox 634 1844 919 1932; x_wconf 72' lang='lat' dir='ltr'>commissarios,</span> <span class='ocrx_word' id='word_1_94' title='bbox 948 1844 987 1919; x_wconf 91' lang='lat' dir='ltr'>in</span> <span class='ocrx_word' id='word_1_95' title='bbox 1011 1844 1146 1919; x_wconf 84' lang='lat' dir='ltr'>virtute</span> <span class='ocrx_word' id='word_1_96' title='bbox 1166 1841 1371 1947; x_wconf 84' lang='lat' dir='ltr'>juramenti</span> <span class='ocrx_word' id='word_1_97' title='bbox 1394 1841 1539 1946; x_wconf 86' lang='lat' dir='ltr'>prestiti</span> <span class='ocrx_word' id='word_1_98' title='bbox 1561 1869 1629 1947; x_wconf 89' lang='lat' dir='ltr'>per</span> <span class='ocrx_word' id='word_1_99' title='bbox 1653 1843 1835 1933; x_wconf 87' lang='lat' dir='ltr'>eundem,</span> <span class='ocrx_word' id='word_1_100' title='bbox 1852 1846 1955 1949; x_wconf 84' lang='lat' dir='ltr'>quod</span> 
     </span>
     <span class='ocr_line' id='line_1_12' title="bbox 541 1971 1958 2077; baseline 0.002 -30"><span class='ocrx_word' id='word_1_101' title='bbox 541 2003 616 2049; x_wconf 94' lang='lat' dir='ltr'>non</span> <span class='ocrx_word' id='word_1_102' title='bbox 637 1973 831 2048; x_wconf 78' lang='lat' dir='ltr'>revelleret</span> <span class='ocrx_word' id='word_1_103' title='bbox 848 1975 943 2048; x_wconf 84' lang='lat' dir='ltr'>hanc</span> <span class='ocrx_word' id='word_1_104' title='bbox 963 2001 1069 2048; x_wconf 85' lang='lat' dir='ltr'>suam</span> <span class='ocrx_word' id='word_1_105' title='bbox 1085 1971 1378 2076; x_wconf 86' lang='lat' dir='ltr'>deposicionem,</span> <span class='ocrx_word' id='word_1_106' title='bbox 1397 1996 1597 2077; x_wconf 72' lang='lat' dir='ltr'><strong>quousque</strong></span> <span class='ocrx_word' id='word_1_107' title='bbox 1616 1974 1862 2049; x_wconf 73' lang='lat' dir='ltr'>stestacimes</span> <span class='ocrx_word' id='word_1_108' title='bbox 1879 1972 1958 2049; x_wconf 72' lang='lat' dir='ltr'>lue·</span> 
     </span>
     <span class='ocr_line' id='line_1_13' title="bbox 541 2101 832 2206; baseline 0 -30"><span class='ocrx_word' id='word_1_109' title='bbox 541 2103 615 2176; x_wconf 87' lang='lat' dir='ltr'>rint</span> <span class='ocrx_word' id='word_1_110' title='bbox 631 2101 832 2206; x_wconf 71' lang='lat' dir='ltr'>publicato.</span> 
     </span>
    </p>
   </div>
   <div class='ocr_carea' id='block_1_2' title="bbox 438 2356 1959 4279">
    <p class='ocr_par' dir='ltr' id='par_1_2' title="bbox 438 2356 1959 3892">
     <span class='ocr_line' id='line_1_14' title="bbox 597 2356 1959 2461; baseline 0.004 -27"><span class='ocrx_word' id='word_1_111' title='bbox 597 2361 748 2436; x_wconf 84' lang='lat' dir='ltr'><strong>Eisdem</strong></span> <span class='ocrx_word' id='word_1_112' title='bbox 769 2361 830 2434; x_wconf 87' lang='lat' dir='ltr'>die</span> <span class='ocrx_word' id='word_1_113' title='bbox 856 2377 895 2435; x_wconf 87' lang='lat' dir='ltr'>et</span> <span class='ocrx_word' id='word_1_114' title='bbox 916 2360 1000 2435; x_wconf 87' lang='lat' dir='ltr'>loco</span> <span class='ocrx_word' id='word_1_115' title='bbox 1025 2357 1099 2434; x_wconf 85' lang='lat' dir='ltr'>luit</span> <span class='ocrx_word' id='word_1_116' title='bbox 1118 2358 1304 2435; x_wconf 77' lang='lat' dir='ltr'>adductus</span> <span class='ocrx_word' id='word_1_117' title='bbox 1321 2356 1370 2433; x_wconf 79' lang='lat' dir='ltr'>sd</span> <span class='ocrx_word' id='word_1_118' title='bbox 1389 2357 1619 2461; x_wconf 80' lang='lat' dir='ltr'>presenciam</span> <span class='ocrx_word' id='word_1_119' title='bbox 1642 2360 1878 2436; x_wconf 83' lang='lat' dir='ltr'>eorumdem·</span> <span class='ocrx_word' id='word_1_120' title='bbox 1893 2362 1959 2439; x_wconf 79' lang='lat' dir='ltr'>de·</span> 
     </span>
     <span class='ocr_line' id='line_1_15' title="bbox 540 2487 1954 2582; baseline 0.002 -17"><span class='ocrx_word' id='word_1_121' title='bbox 540 2490 732 2565; x_wconf 86' lang='lat' dir='ltr'>minorum</span> <span class='ocrx_word' id='word_1_122' title='bbox 779 2489 1122 2565; x_wconf 84' lang='lat' dir='ltr'>commissariorum</span> <span class='ocrx_word' id='word_1_123' title='bbox 1167 2487 1281 2563; x_wconf 84' lang='lat' dir='ltr'>lruter</span> <span class='ocrx_word' id='word_1_124' title='bbox 1318 2487 1507 2562; x_wconf 81' lang='lat' dir='ltr'>lohannes</span> <span class='ocrx_word' id='word_1_125' title='bbox 1547 2487 1733 2579; x_wconf 80' lang='lat' dir='ltr'>Quentini</span> <span class='ocrx_word' id='word_1_126' title='bbox 1776 2491 1954 2582; x_wconf 82' lang='lat' dir='ltr'>servieus,</span> 
     </span>
     <span class='ocr_line' id='line_1_16' title="bbox 540 2605 1956 2723; baseline 0.003 -29"><span class='ocrx_word' id='word_1_127' title='bbox 540 2620 726 2696; x_wconf 83' lang='lat' dir='ltr'>Eduensis</span> <span class='ocrx_word' id='word_1_128' title='bbox 738 2620 916 2708; x_wconf 88' lang='lat' dir='ltr'>diocesis,</span> <span class='ocrx_word' id='word_1_129' title='bbox 937 2620 1043 2696; x_wconf 88' lang='lat' dir='ltr'>testis</span> <span class='ocrx_word' id='word_1_130' title='bbox 1061 2645 1173 2722; x_wconf 84' lang='lat' dir='ltr'>supra</span> <span class='ocrx_word' id='word_1_131' title='bbox 1188 2617 1355 2723; x_wconf 80' lang='lat' dir='ltr'>juretus,</span> <span class='ocrx_word' id='word_1_132' title='bbox 1378 2633 1423 2691; x_wconf 92' lang='lat' dir='ltr'>ut</span> <span class='ocrx_word' id='word_1_133' title='bbox 1440 2615 1650 2719; x_wconf 79' lang='lat' dir='ltr'>deponeret</span> <span class='ocrx_word' id='word_1_134' title='bbox 1666 2605 1812 2695; x_wconf 79' lang='lat' dir='ltr'>dictum</span> <span class='ocrx_word' id='word_1_135' title='bbox 1827 2642 1956 2706; x_wconf 70' lang='lat' dir='ltr'>surm:</span> 
     </span>
     <span class='ocr_line' id='line_1_17' title="bbox 542 2747 1955 2855; baseline 0.003 -32"><span class='ocrx_word' id='word_1_136' title='bbox 542 2765 579 2824; x_wconf 88' lang='lat' dir='ltr'>et</span> <span class='ocrx_word' id='word_1_137' title='bbox 597 2777 676 2825; x_wconf 91' lang='lat' dir='ltr'>non</span> <span class='ocrx_word' id='word_1_138' title='bbox 696 2747 903 2825; x_wconf 83' lang='lat' dir='ltr'>dellerebet</span> <span class='ocrx_word' id='word_1_139' title='bbox 917 2749 1143 2825; x_wconf 86' lang='lat' dir='ltr'>mantellum</span> <span class='ocrx_word' id='word_1_140' title='bbox 1161 2748 1322 2834; x_wconf 87' lang='lat' dir='ltr'>ordinis,</span> <span class='ocrx_word' id='word_1_141' title='bbox 1346 2747 1434 2852; x_wconf 81' lang='lat' dir='ltr'>quia</span> <span class='ocrx_word' id='word_1_142' title='bbox 1458 2747 1663 2823; x_wconf 70' lang='lat' dir='ltr'>servientes</span> <span class='ocrx_word' id='word_1_143' title='bbox 1686 2750 1751 2855; x_wconf 88' lang='lat' dir='ltr'>qui</span> <span class='ocrx_word' id='word_1_144' title='bbox 1776 2768 1955 2854; x_wconf 75' lang='lat' dir='ltr'>ceperunt</span> 
     </span>
     <span class='ocr_line' id='line_1_18' title="bbox 543 2876 1954 2969; baseline 0.005 -19"><span class='ocrx_word' id='word_1_145' title='bbox 543 2905 630 2951; x_wconf 85' lang='lat' dir='ltr'>eum</span> <span class='ocrx_word' id='word_1_146' title='bbox 650 2878 689 2952; x_wconf 93' lang='lat' dir='ltr'>in</span> <span class='ocrx_word' id='word_1_147' title='bbox 709 2878 861 2967; x_wconf 77' lang='lat' dir='ltr'>abbacie</span> <span class='ocrx_word' id='word_1_148' title='bbox 884 2879 932 2954; x_wconf 91' lang='lat' dir='ltr'>de</span> <span class='ocrx_word' id='word_1_149' title='bbox 952 2880 1176 2964; x_wconf 79' lang='lat' dir='ltr'>Povornaro,</span> <span class='ocrx_word' id='word_1_150' title='bbox 1195 2876 1425 2953; x_wconf 79' lang='lat' dir='ltr'>induxerunt</span> <span class='ocrx_word' id='word_1_151' title='bbox 1443 2902 1531 2952; x_wconf 88' lang='lat' dir='ltr'>eum</span> <span class='ocrx_word' id='word_1_152' title='bbox 1550 2877 1600 2952; x_wconf 84' lang='lat' dir='ltr'>ad</span> <span class='ocrx_word' id='word_1_153' title='bbox 1618 2877 1954 2969; x_wconf 53' lang='lat' dir='ltr'>dimittendtmzffl-</span> 
     </span>
     <span class='ocr_line' id='line_1_19' title="bbox 542 3005 1955 3112; baseline 0.007 -35"><span class='ocrx_word' id='word_1_154' title='bbox 542 3021 642 3078; x_wconf 87' lang='lat' dir='ltr'>ctum</span> <span class='ocrx_word' id='word_1_155' title='bbox 663 3007 886 3082; x_wconf 88' lang='lat' dir='ltr'>mantellum</span> <span class='ocrx_word' id='word_1_156' title='bbox 907 3038 916 3083; x_wconf 76' lang='lat' dir='ltr'><strong><em>z</em></strong></span> <span class='ocrx_word' id='word_1_157' title='bbox 937 3024 978 3083; x_wconf 90' lang='lat' dir='ltr'>et</span> <span class='ocrx_word' id='word_1_158' title='bbox 995 3007 1068 3082; x_wconf 86' lang='lat' dir='ltr'>tuit</span> <span class='ocrx_word' id='word_1_159' title='bbox 1093 3007 1289 3083; x_wconf 82' lang='lat' dir='ltr'>absolutus</span> <span class='ocrx_word' id='word_1_160' title='bbox 1316 3023 1353 3082; x_wconf 89' lang='lat' dir='ltr'>et</span> <span class='ocrx_word' id='word_1_161' title='bbox 1376 3005 1638 3082; x_wconf 80' lang='lat' dir='ltr'>reconciliatus</span> <span class='ocrx_word' id='word_1_162' title='bbox 1664 3036 1736 3112; x_wconf 80' lang='lat' dir='ltr'>per</span> <span class='ocrx_word' id='word_1_163' title='bbox 1758 3006 1955 3087; x_wconf 75' lang='lat' dir='ltr'>domim</span> 
     </span>
     <span class='ocr_line' id='line_1_20' title="bbox 541 3132 1958 3239; baseline 0.007 -33"><span class='ocrx_word' id='word_1_164' title='bbox 541 3132 757 3235; x_wconf 92' lang='lat' dir='ltr'>episcopum</span> <span class='ocrx_word' id='word_1_165' title='bbox 777 3134 1100 3221; x_wconf 82' lang='lat' dir='ltr'>Aurelianensem,</span> <span class='ocrx_word' id='word_1_166' title='bbox 1125 3136 1297 3239; x_wconf 84' lang='lat' dir='ltr'>quicum</span> <span class='ocrx_word' id='word_1_167' title='bbox 1317 3163 1363 3211; x_wconf 91' lang='lat' dir='ltr'>eo</span> <span class='ocrx_word' id='word_1_168' title='bbox 1384 3135 1577 3239; x_wconf 82' lang='lat' dir='ltr'>inquisivit</span> <span class='ocrx_word' id='word_1_169' title='bbox 1593 3135 1772 3224; x_wconf 88' lang='lat' dir='ltr'>Senouis,</span> <span class='ocrx_word' id='word_1_170' title='bbox 1790 3137 1881 3215; x_wconf 76' lang='lat' dir='ltr'>sede</span> <span class='ocrx_word' id='word_1_171' title='bbox 1899 3166 1958 3216; x_wconf 74' lang='lat' dir='ltr'>rr-</span> 
     </span>
     <span class='ocr_line' id='line_1_21' title="bbox 541 3264 1957 3372; baseline 0.007 -36"><span class='ocrx_word' id='word_1_172' title='bbox 541 3278 663 3350; x_wconf 79' lang='lat' dir='ltr'>cante,</span> <span class='ocrx_word' id='word_1_173' title='bbox 687 3279 723 3338; x_wconf 93' lang='lat' dir='ltr'>et</span> <span class='ocrx_word' id='word_1_174' title='bbox 742 3264 869 3339; x_wconf 89' lang='lat' dir='ltr'>denuo</span> <span class='ocrx_word' id='word_1_175' title='bbox 894 3264 965 3339; x_wconf 83' lang='lat' dir='ltr'>luit</span> <span class='ocrx_word' id='word_1_176' title='bbox 985 3291 1072 3340; x_wconf 90' lang='lat' dir='ltr'>cum</span> <span class='ocrx_word' id='word_1_177' title='bbox 1097 3293 1142 3341; x_wconf 89' lang='lat' dir='ltr'>eo</span> <span class='ocrx_word' id='word_1_178' title='bbox 1168 3266 1390 3369; x_wconf 91' lang='lat' dir='ltr'>inquisitum</span> <span class='ocrx_word' id='word_1_179' title='bbox 1416 3266 1453 3341; x_wconf 95' lang='lat' dir='ltr'>in</span> <span class='ocrx_word' id='word_1_180' title='bbox 1474 3265 1765 3372; x_wconf 71' lang='lat' dir='ltr'>Quadrugesime</span> <span class='ocrx_word' id='word_1_181' title='bbox 1784 3269 1957 3371; x_wconf 85' lang='lat' dir='ltr'>proximo</span> 
     </span>
     <span class='ocr_line' id='line_1_22' title="bbox 438 3392 1952 3499; baseline 0.006 -34"><span class='ocrx_word' id='word_1_182' title='bbox 438 3424 441 3430; x_wconf 62' lang='grc'><strong>’</strong></span> <span class='ocrx_word' id='word_1_183' title='bbox 540 3393 658 3495; x_wconf 80' lang='lat' dir='ltr'>lapsa,</span> <span class='ocrx_word' id='word_1_184' title='bbox 683 3423 752 3497; x_wconf 90' lang='lat' dir='ltr'>per</span> <span class='ocrx_word' id='word_1_185' title='bbox 777 3392 976 3469; x_wconf 90' lang='lat' dir='ltr'>dominum</span> <span class='ocrx_word' id='word_1_186' title='bbox 1001 3394 1321 3499; x_wconf 86' lang='lat' dir='ltr'>archiepiscopum</span> <span class='ocrx_word' id='word_1_187' title='bbox 1345 3396 1619 3485; x_wconf 76' lang='lat' dir='ltr'>senonensem,</span> <span class='ocrx_word' id='word_1_188' title='bbox 1645 3413 1682 3471; x_wconf 89' lang='lat' dir='ltr'>et</span> <span class='ocrx_word' id='word_1_189' title='bbox 1706 3398 1952 3499; x_wconf 88' lang='lat' dir='ltr'>postmodum</span> 
     </span>
     <span class='ocr_line' id='line_1_23' title="bbox 540 3522 1952 3628; baseline 0.004 -33"><span class='ocrx_word' id='word_1_190' title='bbox 540 3522 628 3598; x_wconf 87' lang='lat' dir='ltr'>rasit</span> <span class='ocrx_word' id='word_1_191' title='bbox 652 3523 721 3599; x_wconf 88' lang='lat' dir='ltr'>sibi</span> <span class='ocrx_word' id='word_1_192' title='bbox 750 3522 905 3598; x_wconf 82' lang='lat' dir='ltr'>barbam</span> <span class='ocrx_word' id='word_1_193' title='bbox 925 3540 1031 3600; x_wconf 89' lang='lat' dir='ltr'>motu</span> <span class='ocrx_word' id='word_1_194' title='bbox 1056 3525 1226 3628; x_wconf 84' lang='lat' dir='ltr'>proprio;</span> <span class='ocrx_word' id='word_1_195' title='bbox 1253 3541 1290 3600; x_wconf 92' lang='lat' dir='ltr'>et</span> <span class='ocrx_word' id='word_1_196' title='bbox 1319 3543 1396 3600; x_wconf 81' lang='lat' dir='ltr'>erat</span> <span class='ocrx_word' id='word_1_197' title='bbox 1422 3525 1529 3601; x_wconf 83' lang='lat' dir='ltr'>etatis</span> <span class='ocrx_word' id='word_1_198' title='bbox 1552 3549 1655 3602; x_wconf 71' lang='lat' dir='ltr'>xxxvl</span> <span class='ocrx_word' id='word_1_199' title='bbox 1678 3551 1860 3600; x_wconf 75' lang='lat' dir='ltr'>minorum</span> <span class='ocrx_word' id='word_1_200' title='bbox 1891 3525 1952 3602; x_wconf 91' lang='lat' dir='ltr'>vel</span> 
     </span>
     <span class='ocr_line' id='line_1_24' title="bbox 540 3652 1955 3764; baseline 0.005 -38"><span class='ocrx_word' id='word_1_201' title='bbox 540 3652 650 3741; x_wconf 83' lang='lat' dir='ltr'>circa,</span> <span class='ocrx_word' id='word_1_202' title='bbox 673 3671 715 3729; x_wconf 92' lang='lat' dir='ltr'>ut</span> <span class='ocrx_word' id='word_1_203' title='bbox 740 3653 843 3730; x_wconf 80' lang='lat' dir='ltr'>dixit.</span> <span class='ocrx_word' id='word_1_204' title='bbox 870 3656 990 3730; x_wconf 78' lang='lat' dir='ltr'>Lectis</span> <span class='ocrx_word' id='word_1_205' title='bbox 1009 3672 1134 3731; x_wconf 86' lang='lat' dir='ltr'>autern</span> <span class='ocrx_word' id='word_1_206' title='bbox 1156 3674 1194 3731; x_wconf 91' lang='lat' dir='ltr'>et</span> <span class='ocrx_word' id='word_1_207' title='bbox 1213 3654 1414 3764; x_wconf 82' lang='lat' dir='ltr'>diligenter</span> <span class='ocrx_word' id='word_1_208' title='bbox 1434 3658 1608 3760; x_wconf 82' lang='lat' dir='ltr'>expositis</span> <span class='ocrx_word' id='word_1_209' title='bbox 1626 3654 1694 3732; x_wconf 84' lang='lat' dir='ltr'>sibi</span> <span class='ocrx_word' id='word_1_210' title='bbox 1715 3655 1895 3732; x_wconf 88' lang='lat' dir='ltr'>omnibns</span> <span class='ocrx_word' id='word_1_211' title='bbox 1914 3675 1955 3732; x_wconf 84' lang='lat' dir='ltr'>et</span> 
     </span>
     <span class='ocr_line' id='line_1_25' title="bbox 539 3784 1534 3892; baseline 0.003 -34"><span class='ocrx_word' id='word_1_212' title='bbox 539 3784 693 3888; x_wconf 89' lang='lat' dir='ltr'>singulis</span> <span class='ocrx_word' id='word_1_213' title='bbox 711 3784 894 3869; x_wconf 78' lang='lat' dir='ltr'>articulis,</span> <span class='ocrx_word' id='word_1_214' title='bbox 913 3785 1107 3890; x_wconf 86' lang='lat' dir='ltr'>respondit</span> <span class='ocrx_word' id='word_1_215' title='bbox 1125 3787 1172 3862; x_wconf 91' lang='lat' dir='ltr'>ad</span> <span class='ocrx_word' id='word_1_216' title='bbox 1192 3814 1256 3862; x_wconf 90' lang='lat' dir='ltr'>eos</span> <span class='ocrx_word' id='word_1_217' title='bbox 1275 3804 1319 3862; x_wconf 86' lang='lat' dir='ltr'>ut</span> <span class='ocrx_word' id='word_1_218' title='bbox 1338 3787 1534 3892; x_wconf 86' lang='lat' dir='ltr'>sequitur:</span> 
     </span>
    </p>

    <p class='ocr_par' dir='ltr' id='par_1_3' title="bbox 539 3914 1956 4279">
     <span class='ocr_line' id='line_1_26' title="bbox 595 3914 1956 4020; baseline 0.004 -33"><span class='ocrx_word' id='word_1_219' title='bbox 595 3915 642 3989; x_wconf 87' lang='lat' dir='ltr'>Et</span> <span class='ocrx_word' id='word_1_220' title='bbox 657 3915 780 4019; x_wconf 91' lang='lat' dir='ltr'>primo</span> <span class='ocrx_word' id='word_1_221' title='bbox 801 3914 847 3988; x_wconf 87' lang='lat' dir='ltr'>ad</span> <span class='ocrx_word' id='word_1_222' title='bbox 868 3941 919 3989; x_wconf 88' lang='lat'>1111</span> <span class='ocrx_word' id='word_1_223' title='bbox 941 3915 1096 4018; x_wconf 85' lang='lat' dir='ltr'>primos,</span> <span class='ocrx_word' id='word_1_224' title='bbox 1120 3934 1163 3990; x_wconf 92' lang='lat' dir='ltr'>ut</span> <span class='ocrx_word' id='word_1_225' title='bbox 1182 3916 1363 4020; x_wconf 89' lang='lat' dir='ltr'>sequitur,</span> <span class='ocrx_word' id='word_1_226' title='bbox 1383 3915 1556 3991; x_wconf 90' lang='lat' dir='ltr'>videlicet</span> <span class='ocrx_word' id='word_1_227' title='bbox 1575 3944 1615 3992; x_wconf 87' lang='lat' dir='ltr'>se</span> <span class='ocrx_word' id='word_1_228' title='bbox 1632 3915 1775 3991; x_wconf 89' lang='lat' dir='ltr'>nescire</span> <span class='ocrx_word' id='word_1_229' title='bbox 1795 3916 1956 4020; x_wconf 78' lang='lat' dir='ltr'>qualiter</span> 
     </span>
     <span class='ocr_line' id='line_1_27' title="bbox 541 4043 1953 4150; baseline 0.004 -34"><span class='ocrx_word' id='word_1_230' title='bbox 541 4043 680 4119; x_wconf 87' lang='lat' dir='ltr'>liebant</span> <span class='ocrx_word' id='word_1_231' title='bbox 699 4044 937 4148; x_wconf 88' lang='lat' dir='ltr'>recepciones</span> <span class='ocrx_word' id='word_1_232' title='bbox 963 4045 1000 4119; x_wconf 92' lang='lat' dir='ltr'>in</span> <span class='ocrx_word' id='word_1_233' title='bbox 1023 4045 1171 4133; x_wconf 88' lang='lat' dir='ltr'>ordine,</span> <span class='ocrx_word' id='word_1_234' title='bbox 1193 4045 1373 4150; x_wconf 82' lang='lat' dir='ltr'>quianon</span> <span class='ocrx_word' id='word_1_235' title='bbox 1395 4044 1617 4121; x_wconf 83' lang='lat' dir='ltr'>interfuerat</span> <span class='ocrx_word' id='word_1_236' title='bbox 1632 4043 1804 4150; x_wconf 84' lang='lat' dir='ltr'>capitulis</span> <span class='ocrx_word' id='word_1_237' title='bbox 1825 4074 1953 4123; x_wconf 89' lang='lat' dir='ltr'>eorum</span> 
     </span>
     <span class='ocr_line' id='line_1_28' title="bbox 539 4173 1954 4279; baseline 0.004 -33"><span class='ocrx_word' id='word_1_238' title='bbox 539 4202 608 4247; x_wconf 91' lang='lat' dir='ltr'>nec</span> <span class='ocrx_word' id='word_1_239' title='bbox 627 4175 837 4279; x_wconf 89' lang='lat' dir='ltr'>recepcioni</span> <span class='ocrx_word' id='word_1_240' title='bbox 858 4175 1014 4279; x_wconf 86' lang='lat' dir='ltr'>alicujus</span> <span class='ocrx_word' id='word_1_241' title='bbox 1035 4175 1187 4252; x_wconf 83' lang='lat' dir='ltr'>alterius</span> <span class='ocrx_word' id='word_1_242' title='bbox 1207 4174 1345 4266; x_wconf 83' lang='lat' dir='ltr'>fratris,</span> <span class='ocrx_word' id='word_1_243' title='bbox 1367 4204 1434 4250; x_wconf 91' lang='lat' dir='ltr'>nec</span> <span class='ocrx_word' id='word_1_244' title='bbox 1452 4173 1573 4252; x_wconf 84' lang='lat' dir='ltr'>fuerat</span> <span class='ocrx_word' id='word_1_245' title='bbox 1587 4176 1625 4251; x_wconf 88' lang='lat' dir='ltr'>in</span> <span class='ocrx_word' id='word_1_246' title='bbox 1640 4176 1776 4252; x_wconf 88' lang='lat' dir='ltr'>ordine</span> <span class='ocrx_word' id='word_1_247' title='bbox 1787 4176 1954 4252; x_wconf 77' lang='lat' dir='ltr'>nisitres</span> 
     </span>
    </p>
   </div>
   <div class='ocr_carea' id='block_1_3' title="bbox 539 4302 1953 4926">
    <p class='ocr_par' dir='ltr' id='par_1_4' title="bbox 539 4302 1953 4926">
     <span class='ocr_line' id='line_1_29' title="bbox 541 4302 1953 4411; baseline 0.004 -37"><span class='ocrx_word' id='word_1_248' title='bbox 541 4302 663 4377; x_wconf 83' lang='lat' dir='ltr'>decim</span> <span class='ocrx_word' id='word_1_249' title='bbox 682 4304 873 4380; x_wconf 85' lang='lat' dir='ltr'>mensibus</span> <span class='ocrx_word' id='word_1_250' title='bbox 890 4323 975 4381; x_wconf 88' lang='lat' dir='ltr'>ante</span> <span class='ocrx_word' id='word_1_251' title='bbox 992 4306 1206 4410; x_wconf 85' lang='lat' dir='ltr'>capcionem</span> <span class='ocrx_word' id='word_1_252' title='bbox 1227 4333 1344 4380; x_wconf 82' lang='lat' dir='ltr'>suan—r.</span> <span class='ocrx_word' id='word_1_253' title='bbox 1366 4305 1497 4382; x_wconf 87' lang='lat' dir='ltr'>Credit</span> <span class='ocrx_word' id='word_1_254' title='bbox 1515 4323 1641 4382; x_wconf 84' lang='lat' dir='ltr'>tamen</span> <span class='ocrx_word' id='word_1_255' title='bbox 1659 4305 1763 4411; x_wconf 90' lang='lat' dir='ltr'>quod</span> <span class='ocrx_word' id='word_1_256' title='bbox 1783 4307 1836 4382; x_wconf 72' lang='lat' dir='ltr'>ita</span> <span class='ocrx_word' id='word_1_257' title='bbox 1855 4332 1953 4382; x_wconf 88' lang='lat' dir='ltr'>com·</span> 
     </span>
     <span class='ocr_line' id='line_1_30' title="bbox 542 4432 1950 4540; baseline 0.004 -37"><span class='ocrx_word' id='word_1_258' title='bbox 542 4432 704 4509; x_wconf 76' lang='lat' dir='ltr'>munitor</span> <span class='ocrx_word' id='word_1_259' title='bbox 732 4434 989 4540; x_wconf 86' lang='lat' dir='ltr'>reciperentur</span> <span class='ocrx_word' id='word_1_260' title='bbox 1015 4434 1095 4521; x_wconf 85' lang='lat' dir='ltr'>alii,</span> <span class='ocrx_word' id='word_1_261' title='bbox 1128 4435 1223 4510; x_wconf 91' lang='lat' dir='ltr'>sicut</span> <span class='ocrx_word' id='word_1_262' title='bbox 1252 4436 1331 4540; x_wconf 88' lang='lat' dir='ltr'>ipse</span> <span class='ocrx_word' id='word_1_263' title='bbox 1359 4434 1481 4510; x_wconf 85' lang='lat' dir='ltr'>fuerat</span> <span class='ocrx_word' id='word_1_264' title='bbox 1505 4452 1677 4539; x_wconf 87' lang='lat' dir='ltr'>receptus</span> <span class='ocrx_word' id='word_1_265' title='bbox 1709 4461 1778 4537; x_wconf 90' lang='lat' dir='ltr'>per</span> <span class='ocrx_word' id='word_1_266' title='bbox 1803 4432 1950 4510; x_wconf 78' lang='lat' dir='ltr'>fratrem</span> 
     </span>
     <span class='ocr_line' id='line_1_31' title="bbox 540 4562 1951 4670; baseline 0.005 -37"><span class='ocrx_word' id='word_1_267' title='bbox 540 4562 748 4637; x_wconf 81' lang='lat' dir='ltr'>lohanuem</span> <span class='ocrx_word' id='word_1_268' title='bbox 773 4565 819 4638; x_wconf 91' lang='lat' dir='ltr'>de</span> <span class='ocrx_word' id='word_1_269' title='bbox 844 4563 1057 4670; x_wconf 67' lang='lat' dir='ltr'>Angicurip,</span> <span class='ocrx_word' id='word_1_270' title='bbox 1083 4581 1174 4640; x_wconf 90' lang='lat' dir='ltr'>tunc</span> <span class='ocrx_word' id='word_1_271' title='bbox 1197 4582 1455 4670; x_wconf 87' lang='lat' dir='ltr'>preceptorem</span> <span class='ocrx_word' id='word_1_272' title='bbox 1481 4564 1618 4640; x_wconf 90' lang='lat' dir='ltr'>domus</span> <span class='ocrx_word' id='word_1_273' title='bbox 1642 4562 1793 4669; x_wconf 84' lang='lat' dir='ltr'>Templi</span> <span class='ocrx_word' id='word_1_274' title='bbox 1820 4563 1869 4638; x_wconf 93' lang='lat' dir='ltr'>de</span> <span class='ocrx_word' id='word_1_275' title='bbox 1893 4562 1951 4640; x_wconf 69' lang='lat' dir='ltr'>Se</span> 
     </span>
     <span class='ocr_line' id='line_1_32' title="bbox 541 4684 1948 4798; baseline 0.004 -38"><span class='ocrx_word' id='word_1_276' title='bbox 541 4685 611 4762; x_wconf 91' lang='lat' dir='ltr'>lice</span> <span class='ocrx_word' id='word_1_277' title='bbox 629 4718 742 4792; x_wconf 91' lang='lat' dir='ltr'>super</span> <span class='ocrx_word' id='word_1_278' title='bbox 766 4695 923 4780; x_wconf 86' lang='lat' dir='ltr'>Yonem,</span> <span class='ocrx_word' id='word_1_279' title='bbox 950 4694 1254 4772; x_wconf 78' lang='lat' dir='ltr'>Altisiodorensis</span> <span class='ocrx_word' id='word_1_280' title='bbox 1273 4684 1447 4780; x_wconf 88' lang='lat' dir='ltr'>diocesis,</span> <span class='ocrx_word' id='word_1_281' title='bbox 1469 4693 1508 4773; x_wconf 84' lang='lat' dir='ltr'>‘m</span> <span class='ocrx_word' id='word_1_282' title='bbox 1533 4693 1672 4798; x_wconf 82' lang='lat' dir='ltr'>capelle</span> <span class='ocrx_word' id='word_1_283' title='bbox 1697 4693 1797 4769; x_wconf 86' lang='lat' dir='ltr'>dicte</span> <span class='ocrx_word' id='word_1_284' title='bbox 1820 4692 1948 4769; x_wconf 88' lang='lat' dir='ltr'>domus</span> 
     </span>
     <span class='ocr_line' id='line_1_33' title="bbox 539 4816 1948 4926; baseline 0.004 -36"><span class='ocrx_word' id='word_1_285' title='bbox 539 4816 586 4890; x_wconf 87' lang='lat' dir='ltr'>de</span> <span class='ocrx_word' id='word_1_286' title='bbox 600 4817 736 4906; x_wconf 77' lang='lat' dir='ltr'>Salios,</span> <span class='ocrx_word' id='word_1_287' title='bbox 760 4819 853 4895; x_wconf 85' lang='lat' dir='ltr'>circs</span> <span class='ocrx_word' id='word_1_288' title='bbox 874 4822 1005 4898; x_wconf 84' lang='lat' dir='ltr'>horam</span> <span class='ocrx_word' id='word_1_289' title='bbox 1022 4825 1134 4900; x_wconf 82' lang='lat' dir='ltr'>tercie</span> <span class='ocrx_word' id='word_1_290' title='bbox 1156 4841 1247 4900; x_wconf 81' lang='lat' dir='ltr'>ante·</span> <span class='ocrx_word' id='word_1_291' title='bbox 1263 4824 1431 4913; x_wconf 85' lang='lat' dir='ltr'>missam,</span> <span class='ocrx_word' id='word_1_292' title='bbox 1454 4822 1693 4926; x_wconf 85' lang='lat' dir='ltr'>presentibus</span> <span class='ocrx_word' id='word_1_293' title='bbox 1707 4822 1882 4900; x_wconf 76' lang='lat' dir='ltr'>frutribus</span> <span class='ocrx_word' id='word_1_294' title='bbox 1894 4823 1948 4895; x_wconf 78' lang='lat' dir='ltr'>lo</span> 
     </span>
    </p>
   </div>
   <div class='ocr_carea' id='block_1_4' title="bbox 0 0 2044 6052">
    <p class='ocr_par' dir='ltr' id='par_1_5' title="bbox 0 0 2044 6052">
     <span class='ocr_line' id='line_1_34' title="bbox 0 0 2044 6052; baseline 0 0"><span class='ocrx_word' id='word_1_295' title='bbox 0 0 2044 6052; x_wconf 95' lang='lat' dir='ltr'> </span> 
     </span>
    </p>
   </div>
  </div>
 </body>
</html>
