4080 6052
690 519 1008 613 rnocssenss
1033 538 1334 613 remersus.
1641 546 1720 617 err

363 685 453 761 Aeta
475 681 724 775 fuerunthec
752 680 929 786 predictis
955 680 1016 757 die
1042 681 1481 788 etr-loco,·‘presontibus⁴
1499 709 1560 756 me
1585 682 1725 759 Floria-

281 908 282 912 Ἴ
306 830 440 892 monte>
450 811 667 900 Dondedei,
683 813 845 918 Hugone
858 809 1237 924 NicolaiaGuillslmo
1253 812 1507 919 denlphoet
1518 812 1724 891 Bertmndo

305 942 528 1032 Humbaldi,
546 942 686 1020 etzaliis
704 942 857 1019 notariis
878 969 991 1046 supra
1008 942 1179 1047 proximo
1198 943 1424 1023 nominetis.
1479 996 1483 1005 ·
1533 1008 1535 1015 .
1710 980 1716 987 ·
1787 948 1793 956 ’

597 1114 601 1129 ·
659 1118 667 1132 ‘
958 1122 960 1127 ·
989 1126 1004 1145 ·.
1120 1120 1124 1145 t
1153 1116 1176 1147 .'·
1288 1132 1290 1137 ·
1320 1114 1326 1135 ¹
1368 1147 1370 1150 ,
1587 1108 1650 1151 ·'ttt;
1679 1128 1715 1149 η,

361 1207 452 1283 Post
466 1206 552 1293 bec,
570 1205 632 1281 die
652 1206 758 1281 Lune
777 1205 1118 1310 post-Dominicam
1134 1235 1211 1312 qua
1222 1222 1391 1282 cantatur
1408 1205 1579 1292 Cantate,
1595 1207 1724 1283 videli·

307 1351 366 1411 cet
389 1350 489 1414 svm·
514 1335 575 1412 die
601 1336 741 1435 mensis
766 1334 871 1423 Maii,
893 1335 1095 1440 supradicti
1120 1336 1265 1412 domini
1288 1335 1549 1423 commissarii,
1571 1355 1724 1442 excepto

307 1467 462 1544 domino
485 1466 692 1573 Bajocensi,
719 1493 833 1572 supra
861 1483 1051 1554 excusato,
1078 1467 1118 1541 in
1144 1495 1253 1542 mane
1275 1466 1485 1572 congregati
1505 1466 1666 1543 Parisius
1684 1469 1724 1544 in

306 1597 421 1674 domo
439 1596 528 1674 dicti
547 1597 689 1674 domini
713 1596 979 1702 archiepiscopi
999 1597 1265 1686 Narbonensis,
1285 1597 1556 1673 commiserunt
1572 1613 1610 1672 et
1625 1625 1725 1672 man·

306 1727 487 1803 daverunt
506 1744 549 1803 ut
568 1727 737 1804 dicerent
754 1727 1031 1806 venerabilibus
1049 1729 1152 1818 viris,
1173 1727 1328 1804 domino
1351 1727 1524 1832 Philippo
1540 1727 1587 1803 de
1605 1729 1723 1805 Voeto

305 1858 494 1963 preposito
509 1858 729 1945 Pictavensi,
745 1859 794 1933 ad
809 1858 1017 1935 custodiam
1034 1857 1337 1963 Templariorum
1353 1856 1569 1933 auctoritate
1585 1875 1724 1961 aposto

305 1986 375 2062 lica
394 1988 588 2093 deputato,
607 2004 645 2063 et
662 1988 839 2093 magistro
858 1989 1002 2066 Amisio
1022 1988 1282 2066 archidiacono
1297 1987 1571 2073 Aurelianensi,
1589 1987 1723 2066 clerico

307 2117 428 2224 regio,
442 2134 486 2193 ut
504 2134 664 2223 exparte
683 2118 906 2196 eorumdem
926 2118 1168 2199 dominorum
1187 2119 1528 2198 commissariorum
1543 2118 1723 2196 adeuntes

306 2248 538 2351 presenciam
563 2249 759 2324 reverendi
783 2248 822 2322 in
843 2247 994 2324 Christo
1009 2251 1132 2354 patris
1156 2250 1301 2326 domini
1321 2250 1586 2354 archiepiscopi
1606 2250 1723 2325 Seno-

307 2378 433 2453 nensis
459 2376 616 2484 ejusque
643 2378 964 2483 suffraganeorum
988 2395 1027 2454 et
1052 2377 1198 2453 concilii
1223 2378 1282 2454 sui
1307 2378 1475 2453 Parisius-
1494 2381 1720 2484 congregati,

307 2507 557 2612 significarent
572 2507 714 2584 eisdem
733 2509 895 2615 qualiter
912 2508 952 2583 in
969 2508 1315 2620 commissioneper
1329 2507 1468 2583 Sedem
1484 2506 1723 2611 apostolicam

305 2638 394 2741 ipsis
422 2638 584 2714 dominis
613 2638 876 2715 commissariis
905 2638 997 2715 sacta
1026 2638 1371 2744 adinquirendum
1396 2653 1524 2713 contra
1551 2637 1723 2713 ordinem

304 2767 452 2872 Templi
479 2767 739 2844 continebatur
762 2770 861 2845 inter
880 2785 1001 2845 cetera
1020 2768 1125 2874 quod
1144 2769 1184 2843 in
1204 2768 1301 2844 dicta
1325 2767 1574 2872 inquisicione
1592 2795 1723 2872 proce-

306 2897 439 2973 derent
454 2898 589 2975 vocatis
607 2899 818 2987 evocandis,
839 2916 877 2975 et
893 2898 998 3005 quod
1015 2898 1175 2976 obtentu
1192 2899 1289 2974 dicte
1307 2898 1472 2975 clausule
1490 2897 1559 3003 ipsi
1579 2898 1721 2973 domini

306 3028 550 3105 commissarii
567 3029 671 3103 citari
689 3028 853 3105 fecerant
870 3029 1018 3107 dictum·
1030 3030 1203 3106 ordinem
1222 3046 1260 3105 et
1275 3027 1407 3104 fratres
1426 3028 1543 3133 ipsius
1561 3028 1720 3114 ordinis,

306 3157 336 3232 si
357 3159 423 3261 qui
444 3174 549 3232 erant
572 3159 638 3263 qui
662 3159 803 3234 dictum
829 3159 1001 3235 ordinem
1027 3158 1230 3235 defendere
1254 3157 1394 3233 vellent
1418 3172 1456 3233 et
1479 3155 1526 3231 ad
1551 3159 1633 3264 ejus
1658 3158 1722 3233 de-

305 3285 515 3363 fensionem
541 3287 666 3364 forent
692 3288 925 3365 admittendi.
952 3290 1154 3396 Postquam
1176 3287 1336 3394 quidem
1364 3286 1582 3363 citacionem
1610 3286 1720 3361 multi

306 3446 348 3493 ex
366 3417 544 3495 fratribus
563 3419 680 3524 ipsius
705 3419 849 3496 ordinis
873 3420 1074 3497 offerentes
1093 3447 1133 3496 se
1153 3417 1202 3493 ad
1221 3417 1480 3494 defensionem
1498 3415 1720 3520 predictam,

304 3577 467 3655 quorum
492 3552 645 3627 nomina
665 3580 776 3656 supra
800 3553 935 3657 scripta
956 3553 1102 3629 suntin
1127 3579 1319 3656 processu,
1346 3563 1638 3655 comparuerunt
1655 3547 1723 3620 Pa·-

304 3678 416 3755 risius
433 3707 557 3767 coram
581 3682 645 3759 eis.
665 3681 768 3758 Inter
788 3710 885 3788 quos
908 3681 1030 3759 fuerat
1045 3680 1159 3757 frater
1175 3680 1387 3788 Raynaldus
1404 3679 1451 3755 de
1469 3677 1609 3754 Pruino
1626 3701 1723 3779 pres

304 3807 423 3913 byter‚
453 3827 650 3913 preceptor
679 3812 815 3888 domus
838 3812 988 3917 Templi
1016 3810 1309 3903 Aurelianensis,
1336 3810 1402 3917 qui
1430 3807 1649 3925 apluribus
1679 3833 1721 3880 ex

306 3936 414 4011 dietis
433 3934 608 4014 fratribus
633 3938 681 4013 ad
697 3938 902 4042 predictam
928 3939 1187 4017 defensionem
1206 3968 1246 4017 se
1267 3939 1511 4020 offerentibus
1535 3937 1656 4012 fuerat
1675 3935 1725 4009 ad-

308 4067 443 4142 dictam
469 4065 727 4143 defensionem
747 4067 955 4144 faciendam
983 4096 1113 4144 coram·
1132 4070 1222 4175 ipsis
1246 4070 1410 4145 dominis
1431 4064 1721 4152 ieommissariis,

307 4224 484 4272 unacum
507 4195 619 4272 fratre
640 4197 679 4272 P.
699 4196 747 4273 de
775 4197 944 4273 Bononia
967 4197 1205 4306 presbytero,
1226 4197 1391 4304 generali
1410 4211 1649 4301 procuratore
1668 4195 1724 4269 di-

306 4327 352 4400 cti
378 4325 521 4402 ordinis
545 4326 585 4400 in
609 4325 711 4400 curia
737 4327 917 4416 Romana,
939 4328 984 4403 ut
1002 4327 1198 4404 dicebatur
1217 4324 1723 4432 et·ipse··boc'asserebut,·et

307 4482 393 4531 cum
410 4454 586 4532 fratribus
603 4454 807 4534 Guillelmo
825 4448 1186 4537 dadhamhonnent-
1201 4474 1239 4533 et
1260 4457 1468 4533 Bertraudd
1487 4456 1535 4533 de¹
1558 4453 1723 4558 Smtigiis

306 4585 507 4675 militibus,
529 4586 600 4661 sub
625 4603 723 4662 certa
746 4583 1110 4693 formae-stepanus,
1139 4586 1185 4665 ab
1210 4587 1303 4692 ipsis
1319 4587 1499 4664 dominis·
1512 4585 1725 4664 commissa·

307 4715 371 4791 riis
397 4715 582 4793 admissus
596 4716 654 4792 'ad
677 4717 846 4822 ipsorum
872 4717 1147 4808 defensionem,
1173 4719 1215 4793 in
1239 4718 1504 4824 quantumtde·
1513 4718 1602 4824 jure
1625 4733 1724 4792 esset

310 4845 575 4924 admittendus.
608 4848 749 4939 Coram
772 4848 914 4956 quibus
940 4850 1112 4956 quidem¹
1135 4849 1313 4953 dominis,
1328 4847 1589 4927 commissoriis
1602 4845 1723 4925 sidem
