4080 6052
477 520 672 616 procus
697 539 794 613 ons
819 538 1119 612 venemens.
1437 543 1509 618 nos

92 686 160 792 pe'r
176 683 317 760 dictum
337 681 490 761 fratrem
511 681 778 760 Theobaldum
798 679 846 757 de
869 695 996 758 sancto
1016 678 1177 773 Ques'to,
1198 680 1237 755 in
1257 681 1399 788 capella
1413 684 1511 765 dicte

93 815 229 892 domus
250 815 298 891 de
318 812 424 892 Bello
442 814 551 901 Visu,
572 841 650 891 non
670 810 805 890 recolit
824 810 964 918 quibus
987 809 1227 917 presentibus
1247 843 1258 889 t
1282 811 1377 891 vidit
1396 814 1512 892 eciam

92 945 205 1051 recipi
222 943 374 1022 fratrem
394 946 496 1052 Droy
515 944 552 1021 le
566 945 758 1035 Monuier,
780 941 974 1049 quondam
994 942 1034 1017 in
1052 941 1192 1048 capella
1212 942 1349 1020 domus
1361 944 1511 1051 Templi

92 1073 139 1151 de
161 1075 281 1152 Salice
305 1102 420 1181 super
436 1077 597 1163 Yonem,
626 1071 933 1152 Altisiodorensis
959 1071 1133 1161 diocesis,
1163 1099 1232 1178 per
1254 1055 1407 1150 fratrem
1426 1073 1513 1152 Gal-

92 1221 219 1282 terum
239 1204 287 1284 de
311 1205 443 1313 Colay,
471 1205 664 1312 quondam
683 1218 944 1310 preceptorem
970 1217 1061 1279 tunc
1084 1200 1183 1278 dicte
1208 1202 1347 1279 domus
1374 1203 1422 1280 de
1447 1204 1514 1282 Sa·

84 1332 185 1426 lice,
204 1352 378 1441 presente
404 1334 503 1412 dicto
528 1333 642 1412 fratre
663 1333 712 1411 de
735 1331 934 1440 Lingivile,
959 1348 997 1408 et
1019 1331 1188 1409 Berterio
1211 1332 1390 1409 Umberio
1416 1333 1513 1411 dicte

93 1462 246 1555 domus,
264 1465 475 1547 deffunctis.
492 1466 567 1542 Nec
584 1465 624 1540 in
645 1463 755 1540 dictis
772 1459 1137 1568 recepcionibusfuit
1144 1459 1288 1566 aliquid
1304 1460 1443 1540 factum
1455 1464 1514 1542 vel

93 1592 235 1670 dictum
255 1593 446 1686 illicitum,
473 1620 542 1671 nec
567 1610 668 1700 post,
694 1592 800 1699 quod
822 1592 902 1697 ipse
926 1590 1033 1667 testis
1056 1589 1203 1668 sciverit
1225 1590 1284 1668 vel
1312 1593 1511 1684 audiverit3

90 1720 198 1826 plura
220 1724 390 1799 nesciens
415 1723 463 1799 de
487 1722 672 1799 contentis
695 1721 735 1797 in
752 1720 864 1797 'dictis
889 1746 952 1796 ιιιιι
976 1719 1156 1807 articulis,
1180 1720 1310 1796 necin
1336 1722 1514 1801 omnibus

91 1849 192 1941 aliis,
217 1854 291 1930 hoc
311 1869 465 1958 excepto
490 1851 595 1958 quod
620 1851 703 1957 ipse
726 1849 825 1926 bene
846 1847 966 1924 credit
984 1847 1238 1926 ecclesiasticis
1257 1853 1510 1943 sacramentis,

91 1998 131 2056 et
149 1980 270 2058 eredit
288 1980 393 2087 quod
414 1979 476 2059 alii
499 1978 632 2056 fratres
656 1977 800 2056 ordinis
819 1977 1032 2068 crederent,
1056 1995 1094 2055 et
1111 1979 1217 2084 quod
1241 2007 1374 2057 eorum
1394 2006 1514 2059 sacer·

92 2108 200 2186 dotes
224 2108 350 2186 debite
378 2107 628 2200 celebrarent;
655 2137 731 2205 nec¹
752 2107 871 2184 credit
891 2106 997 2214 quod
1018 2133 1150 2184 eorum
1175 2128 1413 2216 preceptores
1429 2111 1512 2190 laici

91 2257 245 2344 possent
263 2237 453 2316 absolvere
466 2269 487 2316 a
502 2239 681 2346 peccatis3
701 2254 876 2343 poterant
898 2254 1027 2313 tamen
1050 2237 1242 2319 remittere
1263 2268 1379 2345 penas
1399 2258 1437 2318 et
1455 2243 1539 2320 di-·

91 2369 264 2475 sciplinas
283 2369 426 2447 ordinis
446 2401 456 2447 ε
470 2368 650 2476 jurabant
669 2367 844 2446 ordinem
864 2394 943 2443 non
965 2366 1081 2458 exire3
1101 2368 1225 2444 statim
1248 2396 1318 2474 pro
1338 2369 1513 2476 professis

90 2497 343 2590 habebantur;
365 2499 499 2579 clausis
509 2498 652 2607 januis,
670 2515 708 2575 et
726 2497 843 2575 nullis
861 2496 1112 2603 presentibus,
1131 2498 1201 2575 nisi
1216 2496 1394 2577 fratribus
1413 2503 1514 2580 ordi·

90 2630 160 2718 nis,
179 2630 467 2736 recipiebantur,
486 2658 531 2707 er
549 2657 628 2737 quo
643 2628 762 2706 credit
773 2627 879 2735 quod
890 2644 988 2704 esset
1008 2627 1171 2733 suspicio
1185 2645 1313 2706 contra
1332 2657 1409 2708 eos.
1430 2632 1513 2709 Non

91 2759 212 2836 credit
234 2761 339 2867 quod
363 2758 559 2838 carnaliter
585 2758 931 2847 commiscerentur,
961 2785 1032 2834 nec
1057 2758 1162 2864 quod
1182 2757 1365 2836 haberent
1382 2760 1511 2868 ydola3

91 2889 257 2966 cordulis
276 2890 523 2997 cingebantur
533 2917 649 2996 super
659 2889 841 2976 camisias,
863 2886 1101 2995 cumquibus
1106 2887 1281 2994 jacebant
1299 2889 1348 2965 ad
1365 2890 1514 2968 restrin·

89 3018 252 3126 gendum
280 3048 450 3108 carnem,
483 3038 521 3097 et
545 3049 608 3098 eas
635 3019 888 3105 assumebant,
901 3019 1003 3095 unde
1029 3017 1216 3095 volebant.
1244 3018 1512 3126 lnjungebatur

90 3175 158 3253 per
176 3168 449 3252 sacramentum
468 3151 573 3259 quod
591 3178 669 3228 non
688 3149 896 3228 revelarent
914 3164 1054 3227 secreta
1073 3144 1338 3254 capitulorum,
1357 3168 1395 3245 et
1414 3151 1513 3230 inter

90 3305 131 3354 se
161 3278 415 3387 loquebantur
449 3283 496 3360 de
525 3275 641 3359 modo
669 3280 898 3386 recepcionis
933 3306 1078 3357 eorum.
1106 3276 1260 3386 Absque
1292 3277 1512 3359 necessitate

89 3433 167 3483 non
190 3426 364 3514 poterant
387 3409 573 3499 confiteri,
599 3409 670 3487 nisi
699 3408 956 3487 sacerdotibus
979 3407 1135 3486 ordinis.
1159 3409 1243 3486 Non
1265 3408 1384 3486 credit
1406 3410 1511 3517 quod

91 3557 215 3617 essent
233 3568 381 3618 errores
403 3541 443 3617 in
462 3539 612 3629 ordine,
634 3568 704 3617 nec
724 3539 830 3646 quod
850 3538 992 3616 fuerint
1011 3538 1245 3646 negligentes
1263 3538 1302 3614 in
1323 3539 1378 3615 eis
1396 3541 1512 3617 corri-

72 3669 222 3775 'gendis
240 3698 309 3747 nec
329 3670 599 3748 denunciandis
613 3669 797 3755 Ecclesia,
820 3684 859 3745 et
878 3668 998 3744 credit
1016 3668 1122 3774 quod
1136 3667 1225 3744 citra
1240 3696 1343 3746 mare
1363 3686 1402 3746 et
1413 3669 1512 3750 ultra

90 3824 194 3872 mare
211 3797 467 3903 reciperentur
493 3798 588 3875 sicut
608 3796 784 3903 deposuit
806 3823 845 3873 se
868 3795 983 3873 firisse
1005 3813 1211 3901 receptum.
1239 3798 1454 3877 Elemosinc
1472 3818 1511 3878 et

90 3925 321 4032 hospitalitas
338 3925 436 4002 bene
454 3925 696 4003 servabantur
714 3926 754 4002 in
774 3924 923 4016 ordine,
944 3940 983 4002 et
997 3924 1275 4031 precipiebatur
1285 3928 1513 4034 quodeccle·

90 4055 170 4132 sias
182 4071 220 4132 et
238 4082 347 4132 senes
365 4071 643 4133 venerarentur.
670 4055 813 4135 Omnes
835 4053 1023 4132 seculares
1045 4054 1340 4133 excludebantur
1356 4061 1511 4165 quando

89 4183 315 4264 tenebantur
328 4185 506 4293 capitula,
524 4203 561 4264 et
575 4202 684 4292 porte
700 4184 964 4274 firmabantur3
980 4201 1085 4264 totus
1100 4185 1195 4263 ordo
1212 4205 1392 4266 servasset
1406 4191 1513 4296 quod

90 4342 248 4422 magnus
263 4317 438 4425 Magister
455 4345 542 4394 cum
562 4333 746 4395 conventu
765 4316 989 4408 ordinasset3
1007 4333 1207 4424 postquam
1228 4317 1325 4424 capti
1343 4317 1509 4414 brenmt,

90 4445 199 4522 multi
220 4465 307 4525 sunt
326 4465 453 4527 contra
477 4447 650 4526 ordinem
674 4445 853 4525 oblocuti.
879 4446 1011 4525 Credit
1031 4447 1137 4553 quod
1152 4445 1277 4525 bonus
1293 4448 1431 4528 modus
1449 4477 1510 4528 re-

90 4575 276 4680 cepcionis
296 4577 526 4656 conlassatus
545 4606 615 4684 per
635 4605 724 4657 eum
745 4594 843 4657 esset
863 4595 978 4656 notus
995 4576 1173 4655 fratribus
1195 4577 1348 4658 ordinis.
1370 4581 1512 4688 Requi·

90 4703 184 4783 situs
194 4705 224 4782 si
234 4705 323 4784 alias
332 4707 521 4785 obtulerat
529 4736 569 4787 se
582 4706 805 4787 deffensioni
820 4707 979 4800 ordinis,
996 4706 1191 4815 respondit
1203 4709 1310 4816 quod
1326 4736 1421 4804 non;
1440 4711 1511 4789 sed

91 4832 214 4914 fuerat
232 4865 346 4945 super
369 4840 443 4918 hoc
461 4839 681 4948 requisitus,
704 4838 953 4947 etrespondit
969 4838 1076 4947 quod
1102 4867 1180 4917 non
1209 4857 1288 4919 erat
1313 4859 1448 4949 potens
1471 4859 1509 4920 et
1579 4947 1581 4951 ¹
