4080 6052
478 559 671 650 saccus
697 576 792 648 nns
817 577 1115 651 ratramnus.
1436 590 1504 658 107

93 717 288 803 Uticensis,
313 716 527 819 Stephanus
549 715 697 794 Snurini
728 716 1004 805 Nemausensis,
1028 718 1188 793 Poncius
1206 717 1322 821 Espes
1343 720 1510 799 Biteren-
1643 743 1657 813 1

93 850 156 936 sis,
169 846 407 954 Raymondus
423 846 470 923 de
484 846 656 924 carbona
665 846 853 934 Elnensis,
868 847 1107 952 Raymondus
1124 847 1171 923 de
1183 848 1384 925 Cunberiis
1401 852 1509 929 miles

91 977 335 1066 belvacensis,
361 976 517 1082 Egidius
545 977 592 1053 de
615 977 821 1082 Rontangni
845 977 1039 1082 presbyter
1060 976 1305 1067 Belvacensis,
1326 978 1512 1058 Robertut

92 1107 138 1182 de
169 1105 365 1184 Corenllos
391 1106 584 1212 presbyter
606 1104 882 1192 Ambianensis,
907 1105 1092 1182 Robsrtus
1121 1106 1288 1183 Cavalier
1311 1109 1512 1185 Rothoma-

92 1236 216 1340 gensis
247 1235 456 1341 presbyter,
488 1234 715 1315 Guillelmus
746 1235 794 1312 de
820 1235 943 1311 Platea
975 1235 1220 1328 levacensis,
1250 1237 1437 1314 lohannes
1463 1239 1511 1316 de

93 1365 325 1442 Ronancuria
346 1364 591 1454 Belvacensis,
617 1366 806 1442 lohannes
829 1365 876 1440 de
904 1382 1030 1440 sancto
1059 1367 1165 1441 lusto
1191 1365 1361 1470 ejusdem
1383 1367 1511 1445 Belua—

94 1494 228 1581 censis,
245 1493 403 1571 Amicus
421 1494 468 1570 de
487 1495 721 1601 Compendio
742 1494 1039 1582 suessionensis,
1062 1495 1244 1573 Martinus
1263 1495 1310 1570 de
1330 1496 1511 1575 Mersellis

47 1625 51 1631 ’
93 1624 338 1713 belvacensis,
359 1625 589 1703 Bertrandus
611 1625 659 1701 de
677 1626 880 1703 Somorens
903 1623 1180 1711 Arabianensis,
1201 1624 1241 1700 P.
1263 1623 1412 1701 Griselli
1441 1629 1514 1702 No·

93 1753 306 1840 viomensis,
328 1754 525 1858 Philippus
544 1755 591 1830 de
612 1756 756 1832 Marino
780 1755 1042 1842 Tornacensis,
1059 1752 1216 1830 Michael
1238 1752 1358 1829 dictus
1377 1754 1514 1831 Masset

94 1871 369 1971 Arnbianensis,
395 1884 552 1988 Egidius
576 1885 623 1961 de
648 1883 818 1961 Perbona
843 1883 1039 1988 presbyter
1062 1882 1322 1987 Trajectensis,
1343 1882 1514 1961 Nicolaus

93 2013 273 2116 Verseqtri
303 2014 565 2105 Tornacensis‚
589 2013 780 2089 lohannes
803 2013 851 2090 de
876 2012 1072 2090 Versinara
1103 2011 1274 2116 ejusdem
1304 2013 1516 2088 Tornacen-

96 2140 161 2226 sis,
179 2140 335 2218 Anricus
358 2141 405 2216 de
425 2143 638 2218 Ardenbort
658 2142 830 2247 ejusdem
853 2141 1114 2228 Tornacensis,
1135 2142 1292 2218 lacobus
1310 2142 1514 2219 Candebur

97 2269 266 2373 ejusdem
291 2271 554 2356 Tornacensis,
581 2268 737 2345 Helinus
761 2269 809 2344 de
833 2270 1070 2373 Templemas
1100 2271 1286 2375 ejusdem,
1317 2273 1356 2347 P.
1383 2271 1512 2375 Capon

97 2397 284 2503 ejusdem,
302 2397 460 2473 Amicus
478 2397 525 2473 de
545 2397 668 2473 Platea
685 2397 976 2483 Cameracensis,
991 2397 1148 2472 Amicus
1167 2396 1214 2470 de
1232 2397 1398 2473 Brebanz
1421 2401 1514 2477 Leo·

98 2526 255 2614 diensis,
284 2526 478 2632 Philippus
509 2527 557 2602 de
584 2527 713 2603 Duaco
745 2524 1014 2614 Anabatensis,
1039 2523 1195 2629 Egidius
1225 2522 1272 2613 de
1296 2525 1514 2605 Valencenis

96 2655 290 2760 presbyter
312 2655 603 2742 Cameracensis,
625 2655 813 2730 lohannes
835 2652 883 2728 de
908 2651 1047 2729 Nivella
1072 2650 1307 2738 Leodiensis,
1336 2653 1516 2732 Constan³

96 2784 176 2860 cius
200 2783 248 2859 de
271 2783 444 2861 Bicbiaco
467 2785 729 2890 lingonensis,
751 2781 909 2860 Amicus
928 2781 976 2857 de
998 2780 1173 2858 Archeim
1198 2781 1435 2872 Laudiensis,
1453 2786 1515 2862 Jo-

97 2915 239 2990 hannes
263 2913 310 2991 d‘e
331 2914 470 2990 Pruino
497 2913 739 3000 Senonensis,
760 2912 931 2989 Nicolaus
948 2911 1000 2988 de
1019 2910 1227 2998 Ambianis,
1251 2912 1440 2990 lohannes
1466 2915 1514 2993 de

97 3043 273 3131 Parisius,
292 3044 479 3120 lohannes
506 3043 553 3119 de
572 3043 743 3121 Bersiaco
767 3041 1029 3127 Tornacensis,
1055 3040 1284 3118 Bertrandus
1309 3042 1356 3120 de
1377 3044 1515 3122 Monti—

98 3172 228 3276 gniaco
247 3171 541 3259 Suessionensis,
560 3171 782 3248 lambertus
804 3172 851 3248 de
874 3173 1030 3248 Tornon
1054 3170 1162 3248 miles
1183 3171 1421 3266 Viennensis,
1443 3172 1514 3280 Ay·

100 3300 260 3377 mericus
278 3299 325 3377 de
340 3300 500 3405 Copiaco
514 3300 623 3378 miles
637 3300 925 3391 lemovicensis,
942 3302 1154 3405 Stephanus
1174 3300 1221 3376 de
1240 3301 1389 3406 Riperia
1405 3302 1515 3381 miles

98 3428 356 3531 Bituricensis,
384 3430 504 3510 Draco
534 3431 582 3507 de
609 3432 789 3510 Cortarda
803 3430 926 3507 miles
953 3429 1165 3517 Tarvensis,
1193 3430 1277 3505 Ber.
1311 3429 1359 3504 de
1389 3431 1515 3506 Monte

97 3558 246 3635 Pessato
273 3560 443 3666 ejusdem
460 3562 671 3650 Tarsensis,
695 3560 740 3645 G,
765 3562 812 3638 de
835 3560 1002 3638 Maxenix
1024 3558 1196 3664 ejusdem
1217 3560 1429 3648 Tarvensis,
1448 3558 1516 3637 dr·

99 3687 246 3764 naudus
272 3685 465 3765 Guillelmi
496 3691 619 3768 Daulo
650 3690 822 3795 ejusdem
848 3688 1059 3776 Tarsensis,
1086 3687 1315 3766 Guillelmus
1341 3687 1388 3763 de
1413 3689 1516 3765 Faxo

100 3815 209 3892 miles
230 3813 502 3918 Appamiensis,
522 3821 561 3897 P.
584 3819 621 3896 la
640 3821 837 3926 Colongne
860 3819 968 3896 miles
989 3819 1319 3906 Claramontensis,
1342 3815 1516 3893 Audinus

101 3941 149 4017 ds
170 3939 345 4018 Vendaeo
367 3943 476 4024 miles
497 3946 827 4036 claramontensis,
845 3949 1033 4027 Jobannes
1055 3948 1102 4024 de
1124 3949 1252 4024 Monte
1273 3944 1399 4050 Regali
1425 3944 1514 4023 Cu-

100 4067 345 4156 cassonsnsis,
369 4069 593 4176 Gomoynus
616 4074 664 4151 dc
682 4077 816 4183 brugis
836 4093 1034 4180 preceptor
1057 4075 1231 4152 Flandrie
1253 4072 1513 4163 Tornacensis,

99 4201 287 4279 lohannes
308 4197 461 4276 Voberti
486 4199 759 4293 Ambianensis,
776 4204 965 4279 lohannes
987 4200 1152 4278 Gamber
1174 4201 1221 4277 de
1238 4200 1389 4279 Grande
1404 4201 1516 4280 Villa·

101 4326 147 4401 rii
166 4325 443 4415 Anrbianensis,
461 4326 629 4408 Andreas
648 4330 814 4411 Mosterii
838 4328 1113 4419 Ambianensis,
1140 4328 1366 4410 Guillelmus
1387 4330 1515 4439 Brioys

103 4453 321 4544 Meldensis,
343 4456 546 4534 Renaudus
571 4458 618 4536 de
643 4457 850 4567 Templeyo
866 4458 1060 4565 presbyter
1078 4459 1310 4546 Parisiensis,
1330 4461 1516 4541 Johannss

103 4586 192 4661 Bran
221 4583 268 4661 de
287 4584 360 4661 Fer
378 4585 655 4677 Ambianensis,
677 4590 866 4666 lohannes
888 4588 936 4665 de
957 4586 1185 4666 Ellemosina
1205 4589 1436 4680 Parisiensis,
1456 4589 1518 4697 Sy·

104 4714 262 4792 monde
284 4713 496 4795 Cornisiaco
520 4718 730 4807 Remensis,
756 4717 882 4796 Guido
906 4718 954 4794 ds
974 4716 1161 4796 Bellsvilla
1184 4718 1403 4810 Meldsnsis,
1425 4720 1518 4826 Toy-

106 4870 216 4921 ssnus
244 4842 290 4921 de
317 4845 523 4939 Lsnlsivilla
551 4844 797 4935 belvacensis,
826 4845 1052 4927 Guillelmus
1081 4846 1128 4924 de
1156 4847 1324 4937 Verrinis
1353 4848 1517 4939 Silvane-

529 5009 532 5014 ·
1365 4985 1411 5049 sd.
