4080 6052
552 537 624 610 nso
935 512 1129 605 esoces
1154 532 1249 603 nes
1275 530 1576 603 senenses.

548 677 753 765 missarios,
776 676 815 750 in
834 676 968 752 virtute
991 673 1194 783 juramenti
1224 673 1368 778 prestiti
1394 700 1464 779 per
1483 670 1665 759 eundern,
1688 668 1801 776 quod
1819 696 1900 747 non
1918 698 1975 765 re-

550 809 688 886 velaret
720 807 816 882 hanc
850 832 955 883 suam
991 803 1266 910 deposicionem
1299 830 1500 911 quousque
1531 800 1797 879 attestaciones
1833 800 1974 880 luerint

579 939 750 1016 ublicate.

550 970 575 1045 P
607 1070 694 1145 Acta
714 1067 872 1143 suerunt·
887 1068 957 1143 hec
977 1065 1085 1141 dictis
1105 1065 1166 1141 die
1187 1082 1226 1140 et
1243 1065 1342 1153 loco,
1359 1066 1598 1171 presentibus
1615 1063 1797 1170 magistro
1815 1061 1966 1150 Amisio,

553 1227 612 1275 me
629 1202 657 1275 F
658 1198 879 1275 loriamonte
896 1194 1113 1285 Dondedei,
1136 1209 1174 1270 et
1192 1193 1273 1270 aliis
1292 1194 1446 1271 notariis
1465 1222 1578 1299 supra
1598 1192 1737 1271 ultimo
1758 1194 1966 1272 nominatis.

607 1461 695 1534 Post
714 1460 800 1544 hec,
822 1456 883 1531 die
903 1454 1080 1531 Mercurii
1100 1454 1289 1560 sequenti,
1311 1481 1386 1559 que
1411 1451 1484 1528 fuit
1503 1452 1583 1529 dies
1604 1478 1703 1532 ιιιιιιι
1724 1453 1816 1531 dicti
1836 1457 1970 1532 mensis

554 1588 734 1676 lanuarii,
756 1585 827 1662 luit
847 1584 1031 1661 adductus
1051 1585 1097 1660 ad
1117 1584 1347 1690 presenciam
1367 1583 1591 1660 eorumdem
1610 1582 1856 1662 dominorum
1874 1612 1969 1662 com·

554 1719 827 1808 missariorum,
849 1717 887 1791 in
914 1716 1027 1792 domo
1048 1714 1230 1820 predicta,
1252 1714 1365 1791 frater
1384 1712 1613 1794 Guillelmus
1633 1714 1683 1790 de
1706 1715 1826 1792 Platea
1843 1715 1969 1792 Belua·
2020 1768 2026 1787 .

553 1849 672 1926 censis
693 1848 866 1936 diocesis,
887 1846 1066 1934 serviens,
1086 1861 1283 1950 preceptor
1298 1846 1434 1921 domus
1455 1845 1701 1951 d’Oysemont
1716 1845 1969 1922 Ambianensis

555 1980 731 2070 diocesis,
752 1977 856 2053 testis
879 2005 990 2080 supra
1005 1977 1169 2082 juratus,
1189 1991 1233 2052 ut
1250 1975 1456 2082 deponeret
1477 1975 1620 2052 dictum
1641 2004 1777 2065 suum,
1798 2005 1876 2052 non
1895 1977 1969 2053 del·

554 2108 678 2183 ferens
692 2107 913 2183 mantellum
930 2106 1089 2196 ordinis,
1106 2106 1194 2213 quia
1212 2107 1336 2212 ipsum
1353 2107 1546 2182 dimiserat
1560 2105 1772 2184 voluntarie
1787 2125 1873 2213 post
1891 2135 1969 2183 con-

556 2237 684 2312 cilium
698 2240 899 2326 Remense‚
924 2253 960 2312 et
982 2235 1224 2341 postmodum
1241 2219 1383 2312 lecerat
1405 2235 1474 2311 sibi
1494 2236 1573 2312 radi
1593 2235 1769 2325 barbam,
1795 2255 1834 2314 et
1857 2236 1969 2314 fuerat

554 2395 640 2441 cum
655 2392 700 2443 eo
719 2366 942 2471 inquisitum
958 2382 997 2440 et
1016 2365 1212 2442 absolutus
1229 2382 1266 2442 et
1281 2366 1540 2442 reconciliatus
1556 2393 1625 2471 per
1641 2367 1845 2443 dominum
1866 2368 1970 2443 archi

555 2498 771 2603 episcopum
787 2499 1028 2583 Remensem,
1045 2513 1082 2572 et
1097 2513 1176 2572 erat
1186 2495 1505 2603 quadragenarius
1517 2497 1575 2572 vel
1592 2497 1699 2572 circa.
1715 2498 1840 2574 Lectis
1851 2516 1970 2574 autem

493 2645 497 2654 '
556 2644 593 2703 et
613 2626 811 2732 diligenter
842 2626 911 2703 sibi
934 2627 1107 2731 expositis
1128 2626 1306 2703 omnibus
1327 2643 1365 2703 et
1383 2628 1541 2735 singulis
1569 2627 1756 2717 articulis,
1783 2628 1973 2734 respondit

556 2758 601 2832 ad
623 2786 703 2843 eos,
726 2775 764 2833 et
782 2757 905 2862 primo
926 2757 1133 2862 adprimus
1153 2782 1232 2844 ιιιιι,
1255 2784 1294 2833 se
1315 2759 1459 2834 nescire
1480 2761 1509 2834 si
1529 2785 1615 2833 vera
1636 2759 1712 2835 sint
1739 2776 1904 2835 contenta
1930 2760 1970 2833 in

556 2886 664 2962 dictis
683 2887 861 2976 articulis,
881 2887 1002 2964 credit
1014 2904 1139 2963 tamen
1160 2887 1265 2992 quod
1285 2887 1398 2994 aliqui
1420 2889 1681 2993 reciperentur
1699 2888 1879 2993 sicutipse
1897 2886 1970 2964 luit

556 3033 744 3120 receptus,
761 3016 906 3092 circiter
919 3044 966 3094 xx
981 3018 1068 3092 anni
1088 3017 1244 3094 luerunt
1263 3018 1302 3093 in
1322 3018 1416 3095 sesto
1431 3019 1684 3124 Magdaleneae
1702 3017 1867 3124 proximo
1886 3045 1970 3124 prc-

555 3146 683 3232 terito,
705 3172 773 3250 per
791 3144 942 3221 fratrem
964 3146 1157 3224 Galterum
1186 3150 1233 3225 de
1254 3148 1343 3240 Ote,
1366 3149 1526 3224 militem
1547 3150 1758 3255 quondam,
1781 3166 1872 3225 tunc
1890 3177 1970 3256 pre·

557 3292 747 3380 ceptorem
780 3276 826 3351 de
860 3278 1060 3354 Somerens
1090 3277 1350 3354 Ambianensis
1382 3280 1556 3371 diocesis,
1594 3281 1633 3355 in
1666 3257 1805 3385 capella
1837 3281 1971 3357 domus

555 3405 702 3510 Templi
723 3406 979 3492 Belvacensis,
992 3407 1231 3513 presentibus
1251 3408 1426 3487 iratribus
1446 3411 1611 3488 Roberto
1631 3412 1675 3487 de
1692 3427 1818 3486 sancto
1837 3411 1971 3485 Panta-

555 3535 682 3624 leone,
704 3535 912 3641 presbitero
932 3537 1142 3642 quondam,
1172 3555 1262 3614 tunc
1287 3558 1413 3615 curato
1436 3542 1533 3617 dicte
1564 3544 1690 3617 domus
1715 3538 1966 3627 belvacensis,

555 3667 666 3742 Petro
688 3665 835 3757 Gande,
858 3684 948 3742 tunc
967 3684 1185 3772 preceptore
1208 3669 1282 3743 den
1303 3671 1399 3776 Boys
1419 3671 1577 3747 Destruz
1599 3669 1823 3747 Belvacensis
1843 3667 1968 3745 dioce-

555 3797 619 3884 sis,
641 3795 805 3874 Roberto
831 3796 1001 3903 Anglim,
1028 3800 1221 3904 quondam
1247 3800 1433 3875 residente
1465 3803 1503 3875 in
1534 3802 1632 3877 dicta
1656 3801 1786 3886 domo,
1810 3799 1967 3875 Ricardo

554 3943 769 4031 preceptore
794 3928 929 4004 domus
957 3928 1004 4003 de
1030 3929 1240 4006 Messelant.
1262 3932 1302 4006 In
1329 3933 1434 4037 cujus
1464 3934 1682 4037 recepcione
1709 3930 1781 4006 fuit
1808 3948 1966 4006 servatus

551 4055 635 4132 talis
656 4057 815 4133 modus:
842 4086 928 4132 nam
954 4059 1146 4164 requisivit
1166 4086 1300 4163 panem
1326 4077 1364 4135 et
1390 4089 1543 4166 aquam,
1569 4064 1785 4137 societatem
1817 4077 1854 4134 et
1882 4088 1965 4164 pau·

552 4215 681 4291 perem
701 4189 875 4265 vestitum
896 4187 1055 4277 ordinis,
1077 4188 1148 4264 sibi
1178 4191 1331 4266 concedi
1353 4219 1479 4266 amore
1500 4192 1568 4268 Dei
1591 4221 1611 4266 a
1632 4192 1734 4267 dicto
1761 4207 1963 4294 receptore,

555 4344 677 4392 coram
697 4347 773 4423 quo
794 4319 913 4395 stabat
939 4318 1043 4394 flexis
1062 4319 1223 4424 genibus
1243 4321 1281 4395 in
1302 4321 1400 4398 dicta
1418 4322 1573 4426 capella,
1598 4339 1635 4397 et
1654 4320 1797 4397 obtulit
1818 4347 1859 4397 se
1878 4319 1962 4395 velle

552 4448 634 4523 fieri
664 4478 811 4526 servum
840 4449 1025 4526 esclavum
1062 4450 1204 4527 ordinis
1238 4452 1285 4528 ad
1320 4445 1607 4558 acquisicionem
1640 4468 1678 4528 et
1711 4450 1960 4528 defensionem

551 4579 666 4654 Terre
683 4581 815 4657 Sancte
830 4610 898 4686 pro
918 4608 1024 4686 posse
1042 4609 1128 4670 su03
1151 4597 1189 4656 et
1207 4580 1325 4658 dictus
1341 4601 1512 4689 receptor
1531 4581 1726 4688 respondit
1742 4582 1850 4686 quod
1864 4609 1960 4688 grau-

552 4705 640 4782 dem
660 4733 741 4782 rem
761 4710 925 4812 petebat,
948 4712 1035 4816 quia
1061 4728 1252 4816 oporteret
1271 4740 1357 4788 eum
1380 4713 1567 4789 dimittere
1588 4711 1781 4822 propriam
1802 4711 1957 4787 volone

550 4851 628 4909 tem
658 4852 811 4939 propter
842 4838 1016 4929 alienam,
1047 4859 1085 4918 et
1116 4841 1271 4919 obedire
1302 4842 1479 4921 omnibus
1506 4841 1691 4948 preceptis
1718 4840 1874 4918 illorum
1899 4836 1956 4941 qui
