4080 6052
311 518 384 587 272
695 496 892 591 runcis
915 517 1011 591 nas
1036 517 1335 590 rsuetrsns.

365 657 476 743 Item,
498 656 545 733 ad
563 683 648 743 xxx,
667 683 769 749 xxm,
789 684 816 734 11
833 674 872 752 et
890 685 946 749 111,
967 657 1013 733 de
1035 655 1186 744 osculis,
1206 656 1402 763 respondit
1415 673 1459 733 ut
1475 681 1589 761 supra
1608 656 1730 765 depo-

309 787 385 861 suit
405 786 452 863 de
472 814 511 863 se
532 787 629 892 ipso,
652 787 699 863 de
719 786 800 865 aliis
819 788 936 865 nichil
956 786 1123 864 sciebat„
1599 872 1605 883 ,

311 915 315 923 ’
363 920 475 1005 Item,
502 917 550 993 ad
573 944 679 996 xxxiv
701 935 741 994 et
762 944 785 996 v
805 898 1000 1024 respondit
1023 917 1128 1022 quod
1152 916 1231 1022 ipse
1248 941 1333 992 non
1352 914 1492 1021 juravit
1519 943 1599 992 non
1626 917 1726 996 exire

310 1047 452 1124 dictum
472 1047 661 1137 ordinem,
680 1076 750 1125 nec
768 1049 841 1125 hoc
860 1047 931 1124 sihi
949 1046 1021 1124 luit
1036 1063 1271 1153 preceptum,
1291 1073 1361 1122 nec
1377 1045 1446 1121 scit
1461 1046 1567 1152 quod
1585 1045 1650 1122 alii
1663 1049 1728 1155 ju-

307 1195 447 1265 rarent,
474 1179 532 1255 vel
560 1178 666 1284 quod
694 1179 950 1285 preciperetur
967 1177 1134 1255 eisdem.
1160 1179 1242 1282 lpse
1269 1193 1397 1252 tamen
1422 1176 1527 1252 testis
1555 1176 1726 1255 exivisset

308 1307 451 1385 dictum
472 1309 661 1397 ordinem,
683 1326 728 1387 ut
747 1308 892 1398 asserit,
914 1309 943 1387 si
969 1336 1084 1388 ausus
1107 1306 1254 1398 luisset,
1274 1306 1363 1411 quia
1387 1305 1480 1383 ordo
1500 1333 1579 1384 non
1601 1307 1725 1411 place-

305 1436 371 1513 bat
390 1438 443 1526 ei,
466 1465 632 1515 asserens
652 1438 757 1543 quod
774 1467 843 1543 pro
862 1438 1040 1543 professis
1060 1438 1186 1514 statim
1204 1434 1451 1512 habebantur.

362 1567 472 1654 Item,
495 1567 544 1643 ad
562 1595 763 1648 mvi-vnn
781 1568 977 1674 respondit
997 1566 1102 1672 quod
1120 1567 1159 1641 in
1179 1567 1397 1671 recepcione
1418 1593 1484 1641 sua
1503 1593 1583 1645 non
1601 1566 1725 1645 adlue-

305 1713 395 1771 runt
412 1697 481 1773 nisi
500 1686 631 1774 fratres
651 1697 809 1789 ordinis,
829 1725 899 1773 nec
915 1696 1071 1774 luerunt
1086 1714 1193 1801 porte
1213 1695 1352 1801 capelle
1373 1695 1412 1769 in
1429 1722 1504 1800 qua
1517 1696 1724 1802 recipieba-

306 1844 369 1902 tur
388 1826 526 1915 clause,
549 1844 593 1903 ut
611 1827 681 1904 sihi
706 1827 866 1915 videtur,
895 1843 933 1903 et
956 1826 1071 1932 aliqui
1096 1825 1272 1903 volebant
1294 1824 1497 1929 respicere,
1519 1840 1556 1901 et
1573 1823 1646 1901 fuit
1666 1827 1722 1904 eis

305 1975 524 2063 preceptum
550 1974 594 2032 ut
614 1958 849 2050 retraherent
877 1985 933 2045 se,
961 1973 1000 2033 et
1026 1972 1132 2031 erant
1154 1955 1348 2032 seculares.
1377 1951 1605 2061 [Requisitus]
1625 1956 1721 2062 qnid

308 2103 515 2162 servaretur
534 2088 573 2162 in
593 2087 689 2177 aliis,
710 2104 748 2163 et
764 2088 794 2164 si
815 2104 916 2165 esset
930 2087 1084 2192 propter
1102 2087 1175 2163 hoc
1192 2084 1575 2190 vehemenssuspicio
1594 2103 1721 2163 contra

308 2217 496 2309 ordinem,
519 2218 612 2294 dixit
629 2246 669 2295 se
688 2218 842 2294 nescire.

362 2348 472 2436 Item,
494 2347 541 2423 ad
559 2375 654 2435 rit-v,
678 2346 996 2424 decommixione
1026 2345 1178 2435 carnali,
1201 2363 1289 2433 etc,
1311 2343 1509 2451 respondit
1537 2371 1578 2423 se
1606 2345 1718 2427 nichil

306 2476 397 2551 scire
422 2505 492 2554 nec
518 2476 718 2565 audivisse,
745 2493 784 2553 et
805 2476 911 2582 quod
934 2503 1011 2555 non
1040 2476 1160 2553 credit
1182 2491 1355 2552 contenta
1380 2475 1418 2550 in
1444 2475 1535 2580 ipsis
1558 2476 1719 2553 articulis

307 2633 386 2684 esse
405 2635 501 2685 vera.
1227 2682 1235 2703 ,

360 2738 468 2823 Item,
480 2734 528 2811 ad
537 2761 727 2823 xum-mu,
743 2734 790 2812 de
800 2735 984 2841 capitibus
995 2737 1211 2844 ydolorum,
1226 2734 1423 2842 respondit
1438 2759 1478 2811 se
1493 2735 1608 2811 nichil
1623 2736 1716 2812 scire

306 2890 374 2938 nec
390 2864 590 2952 audivisse,
608 2883 646 2941 et
659 2864 763 2971 quod
777 2893 854 2942 non
868 2865 986 2944 credit
999 2883 1171 2943 contenta
1188 2866 1227 2941 in
1242 2866 1331 2971 ipsis
1346 2863 1511 2941 articulis
1527 2890 1606 2941 esse
1618 2891 1714 2941 vera.

362 2994 474 3080 ltem,
492 2995 540 3069 ad
555 3022 733 3084 evin-mu,
751 2995 798 3073 de
816 2996 996 3083 cordulis,
1014 2980 1209 3102 respondit
1220 2995 1325 3101 quod
1333 2993 1466 3071 fratres
1479 2994 1622 3071 ordinis
1638 3021 1718 3099 por·

304 3122 434 3199 tabant
462 3123 633 3201 cordulas
663 3154 775 3231 supra
804 3126 1008 3213 camisiam,
1036 3127 1154 3203 nescit
1183 3154 1227 3202 ex
1255 3153 1329 3230 qua
1352 3152 1477 3213 causa;
1495 3125 1574 3230 ipse
1592 3141 1717 3203 tamen

305 3280 381 3328 non
395 3255 568 3358 portavit,
584 3272 628 3330 ut
645 3255 752 3343 dixit,
765 3282 833 3330 nec
846 3283 1014 3362 unquam
1031 3255 1136 3332 scivit
1152 3282 1220 3330 nec
1237 3240 1378 3330 audivit
1396 3252 1501 3359 quod
1521 3252 1621 3331 dicte
1641 3281 1719 3331 cor-

307 3381 394 3458 dule
414 3400 610 3489 tangerent
629 3386 748 3491 capita
766 3385 980 3492 ydolorum.

359 3513 469 3602 Item,
491 3514 539 3590 ad
558 3542 645 3601 ntur,
669 3542 708 3590 111
729 3532 820 3595 et1v
840 3515 1037 3622 respondit
1054 3542 1094 3593 se
1115 3515 1231 3592 nichil
1250 3516 1343 3592 scire
1363 3513 1430 3589 nisi
1450 3513 1497 3588 de
1518 3513 1633 3589 modo
1653 3540 1715 3589 re-

304 3643 488 3748 cepcionis
512 3673 596 3733 sue3
623 3647 742 3723 credit
764 3663 891 3722 tamen
916 3645 1021 3752 quod
1051 3645 1110 3720 alii
1140 3646 1394 3751 reciperentur
1416 3642 1616 3749 sicutipse
1642 3640 1715 3719 fuit

290 3770 487 3877 ‘receptus

358 3902 469 3990 ltem,
492 3905 539 3979 ad
559 3931 637 3992 axv,
659 3889 1168 4010 v1etv11responditquod‚
1190 3905 1261 3981 nisi
1285 3905 1364 4009 ipse
1387 3902 1535 3981 fecisset
1557 3901 1714 4010 illaque

303 4049 474 4137 precepta
491 4031 646 4110 suerunt
662 4035 732 4111 sibi
751 4032 797 4110 de
816 4018 1063 4140 abnegacione
1083 4052 1120 4110 et
1136 4034 1344 4139 spuicione,
1366 4032 1487 4108 credit
1503 4030 1609 4136 quod
1626 4029 1714 4109 fuis-

303 4177 361 4236 set
379 4162 623 4241 incarceratus
641 4164 698 4241 vel
716 4164 804 4242 alias
821 4163 917 4240 male
936 4181 1129 4252 tractatus,
1153 4181 1191 4240 et
1209 4162 1297 4239 inde
1318 4161 1437 4239 credit
1455 4159 1561 4266 quod
1579 4160 1713 4238 factum

303 4288 435 4368 luisset
454 4293 545 4370 aliis.

358 4423 469 4517 ltem,
488 4424 536 4499 ad
553 4451 675 4513 nxvm,
698 4451 790 4516 vuu,
812 4452 896 4515 m,
915 4451 997 4502 sruu
1013 4441 1051 4502 et
1070 4450 1095 4500 11
1110 4423 1304 4528 respondit
1319 4421 1425 4529 quod
1439 4420 1518 4527 ipse
1527 4420 1713 4526 juraverat

304 4553 407 4656 quod
425 4582 501 4629 non
517 4553 712 4632 revelleret
727 4572 866 4633 secreta
886 4554 1043 4646 ordinis,
1060 4569 1097 4631 et
1113 4570 1199 4660 post
1212 4553 1356 4644 dictum
1366 4553 1628 4659 juramentum
1643 4549 1711 4627 luit

304 4678 375 4755 sihi
395 4680 606 4786 injunctum
631 4688 735 4791 quod
758 4715 835 4763 non
859 4684 1054 4763 revelleret
1077 4712 1125 4761 'ea
1153 4711 1228 4791 que
1252 4683 1400 4776 fuerant
1427 4681 1522 4758 lacta
1551 4680 1592 4758 in
1614 4705 1707 4774 rece·

209 4874 221 4889 .
301 4807 435 4913 pcione
456 4837 539 4898 sua,
562 4829 600 4889 et
619 4816 737 4892 credit
755 4815 860 4923 quod
879 4815 983 4894 idem
1002 4815 1111 4894 fieret
1130 4831 1168 4891 et
1185 4814 1442 4920 preciperetur
1460 4810 1553 4889 aliis.
