4080 6052
474 532 673 626 procus
699 552 794 625 nus
818 552 1122 629 rnurmnns.
1435 560 1537 632 225,
1632 574 1638 588 ·

89 707 181 768 tuus
198 705 273 783 est,
292 688 340 766 de
361 689 435 768 alio
454 694 573 771 nescit
591 723 637 770 en
656 694 765 784 vivat,
786 710 824 770 et
837 670 1004 800 predicta
1020 696 1113 774 dixit
1129 724 1169 775 se
1187 697 1371 774 audivisse
1389 725 1410 772 a
1425 727 1512 803 pre-

91 822 258 909 dictisin
280 823 427 901 stabulo
453 825 552 903 dicte
578 827 715 904 domus
734 826 782 903 de
802 826 925 904 insula
948 829 1149 919 Bochardi‚
1174 846 1263 906 sunt
1287 826 1433 904 circiter
1459 854 1512 905 rur

89 955 188 1034 anni.
206 956 461 1063 Interrogatus
477 957 508 1033 si
529 957 644 1064 aliqui
663 957 725 1033 alii
741 973 846 1034 erant
861 976 1054 1064 presentes
1066 959 1105 1035 in
1123 960 1224 1039 dicto
1236 956 1402 1050 stabulo,
1416 958 1513 1036 dixit

88 1086 194 1194 quod
212 1115 306 1180 non,
327 1087 400 1164 nisi
419 1087 578 1193 predicti
598 1088 676 1166 duo
693 1088 825 1165 famuli
846 1106 884 1164 et
900 1090 980 1195 ipse
999 1089 1116 1167 testis

144 1219 256 1306 Item,
276 1218 481 1325 requisitus
500 1247 615 1325 super
631 1239 797 1299 xvi-xxm
816 1219 996 1307 articulis,
1019 1221 1124 1326 quod
1140 1249 1218 1297 non
1236 1218 1438 1297 credebaut
1453 1247 1512 1298 sa-

90 1365 324 1426 cramentum
343 1349 484 1440 altaris,
505 1379 576 1426 nec
598 1349 797 1455 presbiteri
815 1346 991 1428 dicebant
1008 1349 1120 1427 verba
1145 1351 1311 1441 canonis,
1336 1368 1426 1440 etc,
1452 1379 1512 1427 re-

89 1479 243 1584 spondit
260 1507 300 1556 se
319 1480 435 1557 nichil
455 1479 565 1572 scire,
588 1480 665 1558 imo
686 1479 862 1558 credebat
880 1496 1054 1557 contenta
1075 1481 1115 1556 in
1135 1480 1225 1586 ipsis
1249 1479 1416 1558 articulis
1434 1508 1511 1557 non

89 1636 170 1685 esse
187 1585 282 1701 ver'ai,
299 1611 389 1717 quia
405 1611 485 1717 ipse
503 1610 679 1688 credebat
694 1627 969 1689 sacramentum
984 1608 1108 1687 altaris
1125 1627 1163 1686 et
1179 1610 1249 1685 alia
1266 1627 1508 1700 sacramenta,

89 1755 126 1815 et
145 1740 264 1816 credit
282 1742 388 1848 quod
404 1741 467 1818 alii
486 1741 618 1820 fratres
637 1742 740 1820 idem
760 1743 934 1831 credunt,
957 1759 995 1819 et
1013 1742 1120 1849 quod
1138 1741 1348 1819 sacerdotes
1367 1741 1511 1817 ordinis

87 1868 204 1946 nichil
222 1871 468 1950 obmitterent
485 1873 534 1950 de
554 1874 678 1951 verbis
696 1874 847 1951 canonis
867 1874 907 1948 in
926 1873 1049 1949 missa.

143 2000 253 2088 Item,
270 2003 474 2110 requisitus
494 2034 609 2111 super
626 2032 813 2084 xxm-xxxx
833 2003 1015 2089 articulis,
1037 2001 1144 2110 quod
1161 2030 1319 2109 magnus
1334 2000 1511 2107 Magister

90 2144 128 2204 et
154 2128 215 2204 alii
238 2132 383 2236 possint
411 2133 601 2211 absolvere
627 2163 647 2210 a
673 2135 848 2239 peccatis,
871 2151 909 2211 et
931 2134 1037 2242 quod
1061 2135 1134 2212 hoc
1157 2133 1289 2211 luisset
1317 2130 1510 2210 confessus

88 2258 278 2365 Magister,
297 2276 382 2351 etc,
400 2261 597 2365 respondit
612 2291 651 2338 se
669 2263 786 2339 nichil
802 2264 895 2338 scire
914 2290 985 2338 nec
1001 2262 1155 2339 credere
1172 2279 1345 2339 contenta
1363 2262 1401 2336 in
1421 2260 1510 2366 ipsis

89 2371 434 2478 a1ticuhs3audivit
455 2406 581 2466 tamen
602 2391 675 2468 dici
700 2391 747 2467 ab
767 2391 957 2498 aliquibus
975 2389 1151 2466 fratribus
1171 2389 1343 2496 ejusdem
1367 2390 1510 2467 ordinis

89 2518 194 2625 quod
213 2547 328 2625 penas
349 2517 494 2595 debitas
512 2547 582 2625 pro
600 2517 957 2627 transgressionibus
973 2517 1168 2625 potuerint
1185 2518 1389 2597 remittere.

144 2651 253 2735 Item,
270 2647 475 2763 requisitus
489 2677 603 2766 super
616 2675 703 2740 xxx,
721 2675 748 2737 r,
769 2676 795 2724 11
813 2666 851 2724 et
866 2675 905 2726 111
918 2647 1099 2736 articulis,
1120 2647 1168 2723 de
1182 2647 1335 2737 osculis,
1355 2674 1510 2753 respon-

89 2778 145 2855 dit
170 2805 210 2855 se
231 2765 348 2854 nienil
367 2779 460 2855 scire
481 2778 554 2855 nisi
578 2779 685 2885 quod
708 2807 821 2884 supra
844 2777 1022 2884 deposuit
1045 2777 1093 2854 de
1113 2803 1153 2854 se
1177 2777 1275 2882 ipso,
1297 2803 1368 2852 nec
1391 2776 1511 2853 credit

87 2909 193 3016 quod
211 2910 251 2984 in
270 2908 403 2986 ordine
422 2909 572 2987 fuerant
591 2909 663 2986 alia
683 2909 811 2988 oscula
835 2926 963 3014 preter
984 2936 1098 3015 quam
1117 2908 1158 2984 in
1177 2935 1243 2984 ore
1268 2923 1307 2982 et
1325 2907 1505 2997 humero,

87 3057 202 3144 prout
220 3040 398 3144 deposuit
415 3040 463 3116 de
483 3069 523 3117 se
543 3041 636 3145 ipso.

144 3169 256 3254 Item,
272 3167 476 3273 requisitus
493 3197 609 3275 super
623 3193 731 3248 xxx1v
747 3186 785 3247 et
797 3194 892 3250 xxxv
906 3168 1086 3263 articulis,
1102 3169 1299 3275 respondit
1309 3169 1415 3276 quod
1429 3197 1508 3246 cre-

90 3275 205 3377 debat
220 3328 264 3376 ea
281 3328 360 3377 esse
380 3328 482 3389 vera,
499 3301 589 3408 quia
604 3301 683 3407 ipse
699 3302 889 3409 juraverat
907 3301 948 3377 in
966 3300 1186 3407 recepeione
1208 3328 1276 3377 sua
1304 3299 1410 3406 quod
1428 3327 1505 3377 non

90 3432 205 3509 exiret
224 3431 413 3524 ordinem,
436 3448 475 3508 et
493 3431 663 3509 dixerant
682 3431 717 3508 ei
733 3416 840 3539 quod
857 3448 936 3509 erat
950 3430 1157 3537 professus,
1173 3446 1216 3517 et
1232 3429 1340 3506 aliter
1357 3428 1451 3503 dixit
1466 3455 1505 3504 se

88 3563 242 3641 nescire.
257 3619 260 3623 -

144 3694 255 3779 ltem,
278 3694 483 3800 requisitus
506 3724 621 3803 super
642 3722 752 3775 xxxvx
775 3712 813 3774 et
832 3720 954 3774 xxxtn
977 3693 1160 3786 articulis,
1185 3691 1381 3798 respondit
1401 3687 1507 3794 quod

89 3820 265 3898 credebat
279 3849 343 3898 eos
360 3852 468 3901 veros
488 3853 584 3911 esse,
601 3825 692 3932 quia
706 3825 747 3902 in
763 3824 981 3931 recepcione
999 3850 1078 3901 non
1094 3822 1243 3899 hierant
1258 3821 1328 3898 nisi
1348 3819 1426 3895 duo
1441 3815 1508 3892 fra·

87 3970 165 4029 tres
184 3968 397 4057 presentes,
408 3970 448 4029 et
464 3971 573 4058 porta
591 3953 665 4031 fuit
682 3955 821 4042 clausa,
842 3972 887 4030 nt
906 3980 1019 4059 supra
1037 3952 1223 4059 deposuit.

144 4084 255 4169 Item,
280 4080 485 4187 requisitus
508 4108 622 4188 super
642 4098 779 4162 xxxviii
798 4101 837 4161 et
854 4110 962 4161 xxxix
981 4082 1164 4170 articulis,
1184 4076 1380 4186 respondit
1400 4077 1505 4183 quod

87 4214 290 4291 vehemens
309 4211 471 4317 suspicio
497 4211 711 4290 habebatur>
730 4213 982 4290 communiter
1008 4218 1136 4288 contra
1161 4211 1337 4289 ordinem
1352 4223 1507 4313 propter

88 4342 457 4420 clamdestinaciones
470 4344 671 4450 predictas,
687 4345 786 4422 sicut
799 4343 893 4420 dixit
906 4372 946 4422 se
960 4342 1143 4421 audivisse
1162 4371 1183 4418 a
1197 4336 1390 4447 pluribus,
1409 4352 1506 4443 post·

88 4503 203 4582 quam
222 4472 294 4550 fuit
313 4474 353 4550 in
377 4474 510 4553 ordine
532 4493 617 4553 ante
641 4475 857 4582 capcionem
879 4474 1053 4566 fratrum,
1075 4492 1115 4551 et
1137 4473 1177 4549 in
1200 4467 1375 4578 pluribus
1397 4466 1503 4560 locis,

88 4636 165 4684 non
185 4622 312 4682 tamen
331 4606 463 4683 recolit
480 4607 520 4684 in
539 4606 680 4715 quibus
697 4607 804 4700 locis,
828 4624 866 4685 et
883 4636 904 4685 a
922 4603 1064 4715 quibus
1081 4602 1268 4712 personis,
1288 4616 1326 4678 et
1340 4596 1505 4705 quando.

144 4738 257 4823 ltem,
275 4737 479 4842 requisitus
492 4767 607 4844 super
617 4765 707 4818 xx-v
722 4737 902 4826 articulis,
921 4737 1028 4845 quod
1039 4736 1184 4843 possint
1196 4731 1392 4812 carnaliter
1404 4755 1507 4806 com-

92 4867 255 4957 misceri,
283 4884 369 4958 etc.,
394 4870 589 4976 respondit
608 4899 648 4948 se
670 4869 788 4948 nichil
811 4869 923 4961 scire,
949 4892 1021 4946 nec
1040 4865 1226 4945 ‘audivisse
1247 4863 1339 4949 dici,
1363 4859 1435 4937 nisi
1459 4855 1505 4935 ab

175 5000 281 5066 exoche
303 5023 355 5066 oss
376 5023 548 5076 raurnraxs.
560 5038 603 5054 -
615 5024 635 5068 1.
1238 5073 1243 5081 .
1318 5017 1357 5081 ‘²9
