4148 6052
326 573 394 642 ms
707 541 904 636 enoclss
929 559 1026 633 uss
1051 554 1351 635 rnuecrnns.

320 712 382 799 lis,
405 705 606 814 supradicti
627 704 773 783 domini
793 701 1053 792 commissarii,
1076 717 1229 808 excepto
1249 701 1407 780 domino
1424 698 1618 808 Bajocensi
1640 730 1748 783 excu-

320 859 400 918 sato
420 857 611 944 utsupra,
630 851 885 912 convenerunt
903 834 943 911 in
963 832 1104 938 capella
1117 832 1303 940 predicta,
1322 848 1362 910 et
1378 832 1524 911 revenit
1542 861 1668 914 coram
1689 838 1746 915 eis

321 974 368 1050 ad
386 967 661 1078 perficiendum
681 965 962 1071 deposicionern
986 991 1112 1050 suam,
1133 992 1212 1072 que
1224 981 1389 1070 propter
1407 963 1501 1042 hore
1527 965 1745 1045 tarditatem

320 1130 397 1180 non
419 1114 567 1206 poterat
588 1096 719 1203 perfici
746 1094 844 1172 dicta
870 1094 933 1171 die
946 1095 1137 1173 'Mercurii
1167 1111 1253 1171 ante
1277 1094 1432 1182 Pascha,
1459 1122 1534 1201 qua
1559 1096 1660 1174 dicta
1682 1097 1746 1175 die

321 1230 497 1309 Mercurii
530 1229 746 1332 inceperant
775 1224 976 1303 examinari
1012 1224 1191 1303 eundem.
1222 1223 1440 1330 Requisitus
1472 1241 1601 1302 autem
1631 1254 1745 1334 super

320 1391 457 1451 nxxrru,
480 1388 502 1439 v
523 1377 562 1436 et
581 1356 818 1447 vr-articulis,
840 1354 1037 1461 respondit
1054 1383 1094 1433 se
1114 1355 1268 1432 credere
1286 1382 1373 1433 vera
1397 1382 1479 1434 esse
1504 1374 1683 1436 contenta
1704 1360 1745 1437 in

321 1495 410 1598 ipsis
427 1490 608 1577 articulis,
624 1488 712 1594 quia
728 1488 781 1564 sic
794 1486 987 1563 audiverat
1001 1485 1075 1564 dici
1092 1485 1305 1564 afratrihus
1317 1485 1407 1565 dicti
1424 1486 1586 1578 ordinis,
1608 1506 1650 1567 et
1667 1518 1746 1597 spe-

322 1624 464 1699 cialiter
483 1651 504 1696 a
524 1620 624 1696 dicto
643 1634 861 1724 preceptore
881 1617 1040 1724 Rupelle
1064 1615 1253 1724 quivirus
1273 1634 1346 1708 est,
1359 1634 1412 1695 -ut
1430 1618 1568 1711 credit3
1590 1621 1658 1727 qui
1678 1650 1746 1699 au-

321 1772 397 1830 tem
427 1769 620 1857 presentes
647 1748 802 1826 luerunt
830 1748 982 1855 quando
1011 1748 1154 1826 audivit
1180 1747 1348 1853 predicta
1377 1765 1427 1825 et·
1442 1778 1521 1855 quo
1551 1767 1743 1857 tempore,

323 1883 415 1958 dixit
434 1911 473 1960 se
494 1908 571 1959 non
590 1879 795 1971 recordari,
817 1877 940 1956 fuerat
957 1896 1084 1956 umen
1109 1895 1194 1955 ante
1217 1890 1369 1983 tempus
1394 1904 1532 1957 eorum
1557 1881 1744 1986 capcionis

322 2043 454 2090 eorum
474 2012 552 2089 lere
571 2040 640 2116 per
657 2011 846 2100 hionium,
868 2028 912 2087 ut
935 2009 1070 2100 credit,
1092 2025 1132 2086 et
1152 2008 1320 2114 predicta
1344 2008 1437 2086 dixit
1455 2038 1496 2086 se
1516 2009 1705 2090 audivisse
1723 2040 1744 2089 a

322 2144 464 2248 prelato
489 2158 707 2247 preceptore
733 2141 771 2216 in
798 2140 1030 2218 colocutorio
1056 2140 1194 2218 domus
1220 2137 1369 2245 Templi
1398 2140 1446 2217 de
1472 2141 1632 2247 Rupella
1659 2160 1745 2221 ante

323 2292 481 2379 portam.
722 2357 723 2360 Ἴ

377 2408 488 2494 Item,
506 2433 621 2510 super
637 2430 754 2483 nxxvn
763 2421 808 2482 et
828 2404 910 2482 aliis
929 2405 1175 2511 sequentihus
1193 2432 1315 2512 usque
1336 2405 1384 2482 ad
1403 2428 1564 2483 rursm
1582 2406 1746 2514 requisi-

320 2553 397 2623 tus,
420 2536 614 2640 respondit
634 2563 673 2612 se
694 2535 810 2611 nichil
830 2536 924 2611 scire
946 2533 1019 2610 nisi
1040 2535 1087 2612 de
1108 2532 1347 2623 credulitate,
1367 2534 1458 2641 qnia
1476 2535 1599 2612 credit
1617 2536 1744 2614 omnia

322 2681 496 2740 contenta
515 2664 555 2739 in
573 2663 683 2739 dictis
703 2663 868 2739 articulis
893 2688 973 2738 esse
997 2690 1084 2740 vera
1108 2680 1292 2771 quantum
1313 2664 1360 2741 ad
1380 2690 1425 2740 ea
1443 2691 1520 2770 que
1539 2663 1744 2743 confessata

322 2813 410 2869 sunt
427 2821 497 2898 per
515 2793 681 2869 eundern
701 2820 813 2898 supra
831 2792 871 2868 in
891 2791 972 2870 aliis
996 2794 1173 2872 articulis.

379 2924 490 3010 Item,
512 2950 626 3026 super
646 2948 802 3001 nxxxsm
823 2939 861 3000 et
879 2922 962 2999 aliis
985 2924 1232 3030 sequentihus
1255 2923 1422 3001 articulis
1447 2952 1568 3031 usque
1593 2926 1641 3002 ad
1660 2950 1744 3005 xcvi

325 3049 543 3155 requisitus,
564 3052 759 3155 respondit
777 3080 816 3128 se
837 3053 990 3131 credere
1010 3070 1183 3130 contenta
1202 3054 1241 3130 in
1261 3053 1352 3159 ipsis
1371 3053 1536 3131 articulis
1551 3079 1638 3130 vcra
1657 3080 1743 3131 esse

324 3179 450 3284 quoad
472 3179 536 3256 illa
557 3209 631 3287 que
654 3208 766 3286 supra
786 3181 833 3257 de
853 3208 893 3257 se
911 3180 1102 3260 consessus
1121 3200 1192 3275 est,
1211 3182 1320 3260 aliter
1337 3183 1432 3260 dixit
1450 3212 1491 3261 se
1509 3182 1655 3260 nescire
1674 3212 1745 3261 nec

325 3337 472 3386 causam
492 3308 652 3387 reddere
672 3310 744 3388 nisi
766 3310 813 3386 de
833 3311 940 3388 aditu
959 3311 1048 3388 dici.

381 3441 491 3528 Item,
514 3468 628 3545 super
647 3466 730 3519 xcvi
750 3439 908 3516 articulo
926 3440 1150 3548 requisitus,
1176 3442 1372 3547 respondit
1395 3468 1435 3518 se
1459 3441 1616 3521 credere
1641 3442 1743 3550 quod

325 3572 499 3676 Magister
520 3587 558 3647 et
574 3571 784 3649 visitatores
801 3590 838 3648 et
856 3589 1094 3678 preceptores
1109 3588 1263 3679 possent
1280 3573 1417 3679 punire
1436 3573 1610 3651 nolentes
1626 3574 1743 3651 facere

303 3700 506 3806 predicta,
528 3728 605 3778 non
624 3718 751 3778 tamen
771 3701 865 3778 vidit
883 3701 1047 3809 aliquem
1067 3702 1195 3809 puniri
1215 3731 1285 3780 nec
1303 3703 1448 3781 audivit
1466 3703 1541 3780 dici
1561 3704 1669 3811 qnod
1687 3703 1745 3780 ali·

322 3831 407 3936 quis
425 3830 592 3906 noluerit
607 3829 727 3907 lacere
745 3830 911 3936 predicta
927 3830 1130 3909 confessata
1146 3832 1193 3908 de
1211 3858 1268 3921 se;
1288 3832 1382 3910 dixit
1398 3833 1516 3910 eciam
1534 3861 1575 3911 se
1593 3834 1745 3912 credere

322 3961 428 4066 quod
453 3961 624 4039 nolentes
648 3961 768 4039 lacere
793 3960 858 4038 illa
882 3991 959 4069 que
983 3963 1063 4068 ipse
1088 3962 1279 4040 confessus
1300 3981 1356 4041 est
1376 3965 1424 4042 de
1443 3992 1484 4042 se
1502 3963 1635 4044 iecisse
1653 3964 1745 4043 faris·

324 4108 405 4165 sent
425 4091 548 4195 puniti
566 4120 636 4197 per
656 4119 788 4168 eorum
808 4092 1041 4198 superiorem
1063 4091 1171 4170 aliter
1189 4092 1284 4170 dixit
1301 4122 1342 4171 se
1361 4094 1518 4173 nescire.

378 4219 491 4309 Item,
513 4250 627 4327 super
651 4248 747 4299 xcvu
772 4221 928 4298 articulo
953 4222 1173 4327 requisitus,
1195 4223 1393 4330 respondit
1419 4223 1526 4332 quod
1551 4222 1590 4299 in
1614 4221 1745 4299 nrnltis

324 4345 501 4425 domibus
522 4349 672 4454 Templi
698 4349 840 4426 fiebant
863 4350 1083 4429 ellemosine
1108 4369 1146 4429 et
1166 4352 1399 4458 hospitalitas
1423 4352 1650 4441 servabatur,
1669 4379 1744 4431 non

323 4494 448 4554 tamen
473 4479 524 4554 ita
548 4480 658 4584 plene
680 4497 717 4557 et
735 4480 834 4557 hene
855 4480 951 4559 sicut
975 4482 1196 4561 debuissent
1219 4502 1258 4561 et
1280 4485 1378 4562 sicut
1402 4485 1666 4564 ordinaverant
1684 4483 1744 4561 alii

323 4607 389 4709 qui
414 4606 513 4682 hona
538 4634 605 4683 sua
628 4610 885 4716 relinquerant
908 4611 1032 4690 ordini
1057 4641 1126 4719 pro
1151 4612 1242 4720 ipsis
1263 4614 1492 4693 ellemosinis
1509 4613 1691 4692 iaciendis
1708 4629 1745 4689 et

326 4733 576 4837 hospitalitate
593 4738 781 4814 servanda.
798 4741 1060 4848 Interrogatus,
1076 4743 1108 4819 si
1125 4772 1168 4819 ex
1183 4760 1321 4823 statuto
1336 4744 1479 4827 ordinis
1490 4743 1634 4821 fiebant
1648 4742 1742 4820 dicte

326 4863 561 4951 ellemosine,
579 4868 774 4971 respondit
792 4873 897 4977 quod
916 4872 957 4948 in
978 4872 1157 4951 domibus
1175 4874 1215 4951 in
1235 4875 1377 4981 quihus
1395 4892 1482 4956 sunt
1500 4874 1663 4980 capelle,
1679 4871 1744 4952 scd
