4080 6052
692 528 1327 619 rnocnsnnsrnnrnmns.
1427 490 1430 494 ¹
1647 549 1715 619 105

306 688 531 768 Guillelmus
549 687 595 763 de
615 686 1082 772 RutbenaRutbenensis,
1107 687 1346 790 Raymondus
1370 686 1548 764 Remardi
1582 688 1719 763 Conve-

306 848 454 906 narum,
474 816 701 896 Guillelmus
724 818 771 892 de
793 816 1019 893 Cardalhaco
1040 815 1316 905 Convenarum,
1341 815 1568 890 Bertrandus
1585 816 1718 907 Vasco·

306 951 361 1024 nis
381 947 647 1035 Ruthenensis‚
669 932 896 1024 Guillelmus
916 945 1110 1023 Scorralha
1130 945 1458 1051 Claramontepsis,
1480 946 1719 1050 Raymondus

304 1077 497 1155 Guillelmi
538 1079 585 1153 de
615 1077 763 1153 Bencha
794 1076 1071 1164 Convenarum,
1102 1075 1328 1155 Guillelmus
1359 1075 1407 1151 de
1435 1075 1585 1153 Caiarco
1611 1075 1719 1151 miles

305 1206 557 1293 Caturcensis,
585 1204 792 1281 Ademams
826 1205 872 1279 de
897 1205 1033 1308 Sparos
1060 1203 1167 1278 miles
1205 1203 1484 1291 Convenarum,
1509 1206 1720 1281 Bernardus

306 1337 354 1411 de
376 1335 533 1413 Rouello
560 1334 824 1424 Ruthenensis,
850 1334 1062 1410 Bernardus
1091 1334 1138 1408 de
1165 1334 1268 1410 Vado
1298 1333 1491 1438 presbyter
1516 1332 1717 1423 Albiensis‚

305 1465 544 1571 Raymondus
559 1465 605 1540 de
628 1464 764 1542 Glodio
792 1464 1043 1551 Caturcensis,
1062 1463 1248 1540 Johannes
1268 1463 1315 1538 de
1335 1462 1438 1539 Valle
1463 1462 1598 1541 Gelosa
1619 1477 1729 1568 pres?

305 1595 413 1698 byter
442 1594 767 1700 Petregoricensis,
799 1595 836 1671 P.
868 1595 915 1670 de
947 1593 1114 1670 Malhaco
1146 1593 1374 1678 Tholosane,
1402 1591 1628 1669 Guillelmus
1652 1595 1721 1669 Ra-

306 1724 437 1827 dulphi
468 1723 739 1811 Rutbenensis,
769 1723 1008 1828 haymondus
1038 1722 1228 1800 Guillelmi
1256 1721 1484 1810 Tholosane,
1518 1723 1557 1796 P.
1591 1724 1721 1828 Pages-

305 1853 347 1928 sii
374 1854 657 1940 Convenarum,
684 1853 793 1957 Hugo
816 1851 932 1930 Gossa
949 1852 1222 1937 Caturcensis,
1252 1851 1476 1956 Reginaldus
1507 1853 1553 1927 de
1583 1853 1721 1929 Pruino

305 1982 498 2086 presbyter
530 1982 778 2066 Senonensis,
798 1997 992 2085 preceptor
1015 1980 1306 2067 Aurelianensis3
1334 1968 1521 2058 lohannes
1545 1982 1592 2058 de
1622 1984 1721 2059 Mor-

306 2128 373 2185 tuo
396 2112 513 2185 Fonte
547 2111 826 2187 suessionensis
851 2110 1059 2216 presbyter,
1083 2111 1269 2186 Johannes
1298 2110 1344 2184 de
1371 2111 1552 2186 Rociacbo
1586 2112 1721 2217 Lingo—
1809 2151 1811 2155 ·

307 2240 449 2328 nensis,
469 2239 695 2317 Guillelmus
709 2239 903 2343 Espanlart
920 2239 1233 2326 Constanciensis,
1253 2241 1292 2314 P.
1316 2241 1363 2315 de
1383 2241 1493 2317 Serra
1509 2241 1719 2329 Trecensis,

306 2368 496 2446 Gerardus
518 2368 571 2443 du
594 2346 1022 2456 CameAurelianensis,
1045 2366 1230 2455 Robertus
1248 2369 1425 2445 Vavassor
1445 2369 1720 2460 Ambianensis,

307 2498 527 2603 badulphus
558 2499 605 2574 de
631 2496 772 2576 Grandi
792 2497 933 2574 Villarii
964 2495 1242 2584 Ambianensis,
1270 2496 1411 2601 Symon
1434 2499 1553 2600 Repre
1582 2499 1726 2572 Torna-=

307 2628 440 2718 censis,
472 2626 630 2704 lacobus
664 2626 710 2702 de
743 2624 898 2730 Rupella
930 2625 1220 2711 Bisuntinensis,
1250 2625 1421 2700 Matheus
1455 2625 1502 2700 de
1529 2625 1720 2715 Atrebate,

306 2759 388 2833 Ber.
418 2756 607 2861 Coquerdi
635 2755 911 2845 Ambianensis‚
935 2755 1152 2859 Gossoynus
1179 2752 1225 2829 de
1253 2751 1434 2831 Gandano
1462 2756 1721 2847 Tornacensis,

285 2876 492 2962 ¹Johannes
514 2885 629 2964 Ducis
660 2886 891 2973 Parisiensis,
915 2884 1101 2960 Evrardus
1129 2883 1175 2958 de
1201 2884 1368 2959 Buxeriis
1395 2884 1655 2988 lingonensis,
1681 2889 1719 2962 P.

308 3014 521 3120 Cortemple
545 3015 795 3118 Lingonensis
825 3014 1030 3119 presbyter,
1056 3015 1094 3088 P.
1136 3014 1182 3088 de
1207 3011 1444 3090 Claromonte
1475 3014 1720 3105 Belvacensis,

308 3144 347 3217 P.
375 3143 422 3217 de
444 3143 561 3219 Vatan
592 3142 849 3230 Bituricensis,
876 3143 1062 3219 Johannes
1091 3142 1137 3216 de
1163 3141 1370 3219 Collatoriis
1397 3143 1638 3235 Senonensis,
1663 3148 1724 3222 Jo-

309 3272 452 3347 hannes
483 3270 530 3347 de
561 3271 670 3347 Buris
705 3271 968 3377 Lingonensis,
1004 3274 1044 3347 P.
1076 3271 1226 3346 Foresta
1258 3271 1523 3375 Lingonensis,
1553 3275 1723 3351 Matheus

309 3400 356 3476 de
382 3401 491 3477 Buris
518 3401 781 3506 lingonensis,
805 3401 977 3482 Galterus
1002 3400 1227 3508 deussullens
1249 3401 1357 3477 miles
1379 3402 1653 3490 Ambianensis,
1680 3406 1719 3480 P.
1821 3479 1825 3491 ,

309 3530 361 3606 de
385 3531 485 3606 Bone
514 3530 622 3608 miles
655 3534 912 3622 Bituricensis,
945 3532 1119 3609 Ancellus
1152 3533 1198 3609 de
1231 3532 1387 3637 Rupella
1427 3531 1722 3632 Cathalanensis,

309 3657 498 3738 Gerendus
528 3661 575 3738 de
596 3661 796 3739 Valdencia
822 3663 930 3740 miles
949 3664 1203 3750 Treverensis,
1232 3665 1269 3738 P.
1299 3661 1344 3736 de
1371 3662 1543 3769 Dampno
1564 3663 1723 3741 Martino

310 3788 504 3892 presbyter
520 3790 750 3877 Parisiensis,
768 3795 932 3870 Thomas
956 3792 1003 3868 de
1023 3793 1164 3881 Trecis,
1186 3793 1407 3869 Lambertus
1428 3793 1569 3871 Gorion
1591 3792 1726 3870 Bisun-

310 3914 482 4004 tinensis‚
507 3914 732 4017 Guillelmus
754 3920 801 3996 de
824 3921 956 3998 Gonde
986 3922 1241 4011 Carnotensis',
1264 3921 1490 4028 Reginaldus
1514 3921 1561 3997 de
1581 3921 1727 3997 Lande·

310 4042 395 4118 villa
414 4044 658 4132 Senonensis,
680 4047 863 4125 Robertus
885 4049 932 4126 de
954 4050 1194 4127 Monsterolio
1214 4050 1408 4154 presbyter
1429 4049 1723 4140 suessionensis,

311 4171 434 4248 Droco
460 4172 507 4248 de
532 4172 660 4250 Cheru
691 4174 932 4263 Senonensis,
959 4178 1180 4253 Lambertus
1213 4178 1260 4252 de
1282 4158 1438 4255 Verenis
1464 4177 1722 4283 Lingonensis,

313 4301 497 4379 Robertus
529 4302 577 4379 de
606 4303 785 4410 Serneyo.
801 4304 1076 4394 Ambianensis,
1110 4307 1149 4380 P.
1181 4304 1227 4381 de
1257 4304 1432 4386 Chablies
1464 4308 1723 4414 lingonensis,

314 4428 499 4505 Johannes
516 4430 650 4508 Pilhon
675 4433 907 4523 Parisiensis,
932 4437 971 4510 P.
998 4432 1045 4511 de
1066 4433 1227 4539 Arblayo
1248 4435 1479 4528 Parisiensis,
1503 4436 1728 4516 Guillelmus

314 4555 362 4631 de
396 4557 541 4635 brimes
575 4560 794 4652 Meldensis,
826 4561 1053 4641 Guillelmus
1085 4563 1260 4670 Aymardi
1299 4565 1555 4658 bituricensis,
1593 4568 1728 4646 Johan-

315 4710 382 4762 nes
406 4685 454 4761 de
479 4687 720 4797 Ambleyvilla
742 4692 1065 4798 Rotbomagensis,
1087 4693 1244 4771 Michael
1268 4695 1316 4772 de
1341 4695 1424 4772 Fles
1446 4696 1725 4791 Ambianensis,

317 4813 554 4898 Guaulredus
573 4817 621 4895 de
644 4820 754 4896 Farra
778 4822 1052 4914 laudunensis,
1072 4823 1282 4928 Stephanus
1308 4825 1355 4902 de
1379 4825 1415 4902 la
1438 4827 1633 4904 Romanba'
1655 4830 1726 4932 Re-¹

400 4949 508 5014 esocis
530 4973 582 5015 nes
603 4972 852 5018 rmum-1.
1583 4963 1620 5027 td
