4080 6052
322 556 395 634 oso
707 535 904 631 procas
930 552 1026 626 ors
1050 550 1354 625 renarrans.

318 701 479 779 sessione
511 701 580 804 per
605 724 695 775 eum
727 695 833 775 lactis
860 723 985 773 coram
1011 692 1112 771 dicto
1137 693 1292 773 domino
1320 690 1495 797 episcopo
1526 688 1746 770 Parisiensi.

319 830 440 910 Lectis
453 843 580 904 autem
596 844 634 903 et
647 827 848 937 diligenter
864 824 1040 932 expositis
1051 822 1124 902 sibi
1141 823 1319 901 omnibus
1335 838 1373 898 et
1388 818 1549 927 singulis
1565 822 1744 914 articulis,

319 959 514 1070 respondit
533 959 583 1035 ad
597 985 678 1049 eos,
696 978 739 1036 et·
749 961 873 1067 primo
891 957 939 1035 ad
957 955 1101 1063 primos
1120 970 1211 1048 11110',
1227 982 1270 1035 se
1284 953 1428 1031 nescire
1444 950 1475 1030 si
1489 953 1740 1033 communiter

319 1090 596 1199 recipiebantur
627 1089 760 1169 fratres
786 1088 932 1168 ordinis
959 1086 1056 1164 sicut
1082 1087 1161 1192 ipse
1184 1085 1258 1164 luit
1290 1100 1466 1190 receptus
1490 1112 1560 1191 per
1588 1084 1738 1165 fratrem

319 1228 518 1332 Hugonem
533 1220 582 1298 de
596 1220 768 1314 Peraldo,
782 1222 881 1298 inter
894 1218 987 1297 festa
998 1217 1200 1296 beatorum
1212 1215 1373 1325 Remigii
1394 1231 1433 1293 et
1449 1216 1623 1324 Dyonisii
1638 1236 1740 1297 erant

319 1382 366 1434 xx
385 1353 473 1431 anni
490 1350 549 1429 vel
569 1350 681 1441 circa,
703 1353 743 1430 in
763 1352 849 1430 aula
862 1352 1000 1430 domus
1014 1349 1164 1455 Templi
1177 1346 1389 1437 Trecensis,
1411 1349 1656 1452 presentibus
1673 1347 1744 1427 fra·

317 1485 440 1563 tribus
456 1482 670 1562 Humberto
688 1484 882 1591 quondam
904 1498 1127 1589 preceptore
1144 1496 1235 1557 tunc
1259 1479 1307 1556 de
1324 1478 1474 1558 Valoire
1494 1480 1744 1588 Lingonensis

320 1615 498 1703 diocesis,
521 1613 673 1694 Nicolao
698 1613 745 1692 de
764 1613 898 1702 Serra,
920 1610 1115 1718 quondam
1134 1626 1353 1716 preceptore
1372 1608 1472 1687 dicte
1494 1610 1635 1691 domus
1651 1614 1741 1727 Tre-

319 1746 454 1839 censis,
475 1745 665 1852 Stephano
680 1745 717 1821 le
731 1744 840 1833 Nain,
855 1741 1049 1850 quondam
1069 1741 1335 1829 servientibus,
1353 1769 1374 1816 a
1393 1768 1473 1846 quo
1492 1742 1654 1848 petitum
1666 1741 1737 1821 fuit

318 1879 349 1953 si
373 1875 524 1955 volebat
541 1904 623 1953 esse
641 1874 755 1953 lrater
772 1874 937 1966 ordinis;
957 1900 1036 1979 quo
1063 1871 1316 1978 respondente
1340 1872 1447 1977 quod
1472 1873 1545 1965 sic,
1571 1872 1737 1951 dixenmt

318 2005 424 2112 quod
444 2022 636 2110 oporteret
663 2034 753 2082 eum
777 2003 897 2081 multa
922 2005 1108 2081 sustinere
1134 2019 1173 2079 et
1193 2002 1385 2081 dimittere
1406 2002 1603 2109 propriam
1618 2002 1741 2083 volun

318 2153 455 2226 tatem,
478 2151 518 2212 et
546 2135 652 2243 quod
676 2150 869 2242 oporteret
898 2163 988 2213 eum
1017 2133 1201 2243 abnegare
1229 2135 1371 2224 Deum,
1396 2151 1434 2213 et
1461 2163 1602 2241 spuere
1632 2166 1741 2245 super

319 2265 521 2370 quamdam
542 2294 712 2356 omrem,
736 2284 775 2344 et
790 2266 896 2374 quod
915 2266 990 2344 hoc
1005 2264 1144 2343 laceret
1164 2293 1234 2343 ore·
1248 2294 1326 2342 non
1346 2265 1543 2365 cordeset
1561 2269 1638 2347 hoc
1651 2269 1740 2348 dixit

318 2395 389 2472 sibi
412 2396 534 2475 dictus
556 2395 671 2475 frater
689 2397 863 2476 Nicolaus
891 2397 931 2476 in
956 2425 1033 2475 una
1051 2423 1197 2474 camera
1216 2397 1428 2504 propinqua
1448 2397 1550 2475 dicte
1574 2400 1686 2489 aule,
1704 2419 1740 2480 et

318 2544 396 2604 erat
415 2556 569 2633 presens
588 2528 712 2607 dictus
730 2528 844 2607 lroter
863 2526 1113 2616 Humbertus‚
1138 2527 1275 2633 etipse
1295 2529 1401 2606 testis
1419 2530 1621 2636 respondit
1638 2532 1737 2639 quod

317 2657 422 2734 nullo
451 2660 568 2736 modo
594 2658 733 2736 faceret
761 2661 845 2736 hoc.
874 2661 1018 2735 Tamen
1046 2656 1318 2735 nichilominus
1344 2656 1544 2765 abnegavit
1569 2688 1636 2738 ore
1663 2690 1737 2741 non

318 2789 450 2881 corde,
479 2806 517 2867 et
548 2791 651 2896 spuit
675 2816 753 2868 non
780 2817 895 2897 super
919 2789 988 2866 sed
1012 2788 1119 2894 juxta
1144 2787 1349 2894 quamdam
1377 2817 1532 2867 crucem
1561 2790 1731 2898 ligneam,

317 2917 434 2993 nescit
453 2947 522 3024 per
543 2949 659 3026 quem
683 2920 850 3010 allatam3
871 2918 1118 3026 postmodum
1144 2920 1384 2997 adduxerunt
1407 2948 1499 2997 eum
1524 2921 1570 2998 ad
1592 2920 1731 2999 dictum

316 3045 469 3122 fratrem
488 3050 688 3153 Hugonem
710 3052 750 3126 in
777 3050 863 3129 aula
882 3051 1067 3157 predicta,
1085 3049 1152 3157 qui
1172 3051 1286 3157 peciit
1305 3079 1326 3126 a
1345 3050 1457 3130 dictis
1481 3037 1735 3131 fratribus'Ni-

317 3176 420 3253 colao
441 3193 480 3253 et
502 3176 714 3256 Humberto
740 3182 771 3257 si
794 3181 892 3257 hene
913 3181 1258 3287 indoctrinaverant
1282 3210 1393 3274 eum3
1420 3184 1562 3290 quihus
1583 3211 1737 3291 respon·

318 3305 495 3384 dentibus
520 3311 624 3414 quod
645 3310 715 3395 sic,
742 3307 830 3387 lecit
850 3340 938 3387 eum
964 3311 1087 3389 dictus
1116 3311 1230 3389 lrater
1253 3314 1362 3419 Hugo
1389 3340 1521 3391 vovere
1544 3331 1582 3390 et
1604 3314 1735 3420 jurare

315 3465 428 3543 super
447 3440 652 3544 quemdam
667 3440 807 3519 librum
824 3460 995 3547 apertum
1016 3444 1238 3535 castitatem,
1259 3444 1531 3532 obedienciam,
1555 3459 1594 3518 et
1608 3444 1729 3520 vivere

313 3568 392 3644 sine
410 3572 581 3675 proprio,
599 3590 636 3648 et
655 3573 759 3680 quod
778 3573 877 3649 hene
896 3591 1129 3650 conservaret
1147 3573 1246 3650 bona
1271 3592 1308 3652 et
1329 3572 1543 3652 elemosinas
1562 3571 1725 3663 ordinis,

313 3714 350 3772 et
366 3698 458 3774 dixit
478 3701 512 3775 ei
533 3703 637 3807 quod
655 3703 685 3778 si
706 3701 896 3779 furaretur
913 3703 1013 3779 hona
1032 3704 1184 3792 domus,
1200 3703 1400 3808 puniretur
1418 3721 1593 3809 tanquam
1611 3701 1725 3794 latre,

313 3836 349 3903 e't
369 3830 399 3903 si
415 3829 645 3907 inveniretur
662 3862 749 3908 cum
770 3833 931 3910 muliere
950 3851 1135 3939 suspecta,
1152 3835 1329 3938 perderet
1348 3835 1539 3926 habitum;
1555 3851 1728 3942 postque

299 3959 491 4064 ‘imposuit
511 3963 543 4037 ei
566 3964 807 4053 mantellum,
827 3981 865 4042 et
880 3964 1012 4041 fratres
1032 3982 1210 4053 astantes,
1232 3983 1453 4043 nontamen
1476 3966 1599 4043 dictus
1619 3964 1729 4044 [rater

310 4091 434 4199 Hugo,
456 4092 613 4171 fuerunt
634 4125 721 4171 eum
742 4096 897 4173 osculati
920 4096 959 4171 in
980 4123 1057 4173 ore.
1080 4095 1158 4172 Sed
1180 4096 1301 4173 dictus
1318 4096 1433 4175 frater
1452 4099 1564 4205 Hugo
1586 4097 1680 4174 dixit
1695 4097 1725 4174 ei

308 4224 412 4326 quod
432 4223 530 4302 bene
550 4225 688 4303 laceret
707 4224 800 4302 lacta
819 4255 904 4319 sua3
926 4227 1171 4332 postmodum
1191 4227 1425 4305 intraverunt
1444 4229 1493 4305 ad
1512 4229 1722 4333 prandium.

305 4351 362 4427 De
383 4356 519 4434 osculis
538 4356 764 4449 inhonestis,
784 4357 939 4435 crimine
958 4358 1198 4446 sodomitico,
1214 4358 1498 4437 conculcacione
1518 4360 1657 4452 crucis,
1670 4357 1723 4434 vel

306 4481 385 4558 aliis
411 4485 618 4566 inhonestis
640 4516 717 4564 non
742 4486 896 4565 luerunt
914 4488 1032 4567 locuti
1056 4488 1145 4581 sihi,
1168 4518 1238 4565 nec
1262 4490 1309 4566 de
1334 4507 1432 4579 cato,
1453 4517 1523 4567 nec
1548 4491 1638 4579 scit,
1660 4517 1721 4567 nec

307 4613 447 4690 audivit
466 4620 571 4723 quod
586 4621 802 4698 dicerentur
822 4618 903 4697 aliis
922 4619 962 4698 in
979 4620 1198 4726 recepcione
1220 4648 1372 4712 eorum,
1394 4650 1464 4699 nec
1484 4622 1591 4727 quod
1612 4623 1651 4699 in
1667 4648 1720 4697 or·

305 4739 392 4815 dine
418 4765 671 4841 servarentur;
693 4780 762 4828 nec
785 4749 889 4827 aliud
914 4751 1088 4829 illicitum
1111 4749 1184 4827 luit
1207 4767 1331 4827 actum
1359 4751 1417 4829 vel
1438 4752 1584 4829 dictum
1610 4753 1648 4829 in
1665 4779 1716 4828 re·

303 4870 479 4975 capcione
500 4874 682 4982 ejusdem.
704 4880 919 4986 Requisitus
938 4883 967 4959 si
986 4882 1131 4960 viderat
1150 4879 1295 4988 aliquos
1314 4880 1405 4960 alios
1424 4881 1540 4987 recipi
1562 4883 1603 4959 in
1623 4882 1713 4961 dicto
