4080 6052
512 542 558 614 u
895 516 1090 612 nnoons
1116 534 1211 607 ons
1236 532 1539 609 rnurcmns,

511 682 665 761 domino
690 683 803 788 Papa,
824 707 949 758 coram
968 708 1046 785 quo
1064 675 1180 754 nichil
1201 674 1275 752 fuit
1298 673 1504 766 coufessus,
1522 692 1567 752 ut
1584 674 1696 768 dixit,
1720 699 1851 760 contra
1871 713 1932 766 or.

512 812 652 890 dinem.

565 941 718 1019 Eisdem
738 940 799 1017 die
821 956 859 1016 et
876 939 960 1016 loco
977 934 1305 1046 fueruntnadducti
1332 962 1459 1013 coram
1480 935 1625 1013 eisdem
1644 938 1808 1019 dominis
1826 971 1931 1021 com-

511 1071 688 1149 missoriis
702 1088 740 1147 et
754 1069 908 1146 domino
923 1066 1113 1145 Baiocensi
1129 1066 1305 1172 episcopo
1319 1065 1451 1144 fratres
1463 1067 1680 1174 subscripti,
1696 1072 1764 1177 qui
1777 1071 1930 1153 adducti

512 1200 627 1279 fuisse
646 1199 867 1277 dicebantur
886 1198 933 1275 de
951 1197 1185 1274 Tholosanis.
1196 1196 1273 1290 Qui
1292 1196 1531 1305 singulariter
1551 1216 1590 1275 et
1604 1202 1803 1305 separatim
1814 1203 1932 1283 inter-

511 1331 645 1436 rogati,
667 1328 698 1406 si
718 1328 892 1405 volebant
915 1326 1058 1403 dictum
1079 1326 1252 1403 ordinem
1271 1323 1490 1417 defendere,
1508 1327 1788 1433 responderunt
1809 1349 1854 1409 ut
1871 1362 1929 1411 se-

511 1460 653 1565 quitur.
675 1461 803 1536 Frater
825 1456 1053 1535 Guillelmus
1075 1456 1218 1534 Alberti
1242 1456 1494 1534 Rutbenensis
1521 1457 1679 1536 diocesis
1706 1459 1800 1536 dixit
1823 1465 1931 1569 quod

512 1589 592 1666 vult
611 1590 754 1666 dictum
774 1587 947 1665 ordinem
970 1585 1172 1664 defendere
1192 1603 1375 1692 quantum
1394 1586 1509 1673 vidit;
1529 1586 1598 1664 sed
1616 1587 1829 1696 dicitquod
1849 1591 1930 1697 ipse

512 1719 633 1799 fuerat
656 1737 828 1824 receptus
851 1719 891 1794 in
918 1717 1050 1795 ordine
1072 1744 1142 1822 per
1159 1715 1336 1792 undecim
1361 1715 1444 1794 dies
1468 1715 1594 1794 solum
1611 1735 1697 1795 ente
1716 1719 1929 1864 capcionem

513 1847 681 1925 fratrum
713 1848 928 1954 Requisitus
953 1875 985 1924 sr
975 1846 1158 1924 volebat
1186 1845 1343 1935 absolvi,
1369 1845 1463 1923 dixit
1488 1846 1593 1953 quod
1620 1875 1715 1940 nou,
1738 1849 1808 1927 uisi
1834 1852 1931 1928 siout

514 1977 691 2055 dominus
709 1978 806 2084 Papa
825 1975 1025 2064 ordinabit.

569 2110 698 2183 Frater
729 2105 957 2185 Guillelmus
985 2105 1173 2209 Radulphi
1205 2105 1440 2197 Tholosane,
1474 2030 1710 2214 llaymondus
1747 2109 1927 2186 Bernmdi

514 2239 790 2326 Convenarum,
806 2234 1018 2312 Bernardus
1036 2236 1155 2313 Castri
1179 2235 1446 2326 Rutbenensis,
1466 2234 1692 2314 Guillelmus
1710 2234 1759 2313 de
1778 2237 1929 2316 Cardal-

513 2367 606 2444 haco
619 2368 896 2452 Convenarum,
913 2382 951 2443 et
961 2364 1191 2443 Guillelmus
1206 2366 1255 2442 de
1270 2364 1467 2442 Scorralha
1480 2364 1691 2443 Tholosene
1704 2365 1926 2461 diocesium,

514 2496 689 2574 dixerunt
703 2515 741 2575 et
754 2494 1031 2602 responderunt
1050 2496 1154 2602 quod
1168 2494 1345 2572 volebant
1360 2495 1504 2573 diuum
1521 2496 1696 2573 ordinem
1714 2495 1926 2591 defendere,

514 2644 552 2703 et
567 2630 765 2733 pecierunt
785 2627 1029 2702 ecclesiastica
1046 2642 1285 2703 sacramenta.

569 2745 801 2831 Eisdem'die
823 2770 860 2828 et
877 2753 961 2828 loco
985 2752 1139 2829 fuerunt
1163 2755 1313 2831 adducti
1333 2783 1458 2831 coram
1478 2753 1621 2831 eisdem
1645 2755 1808 2834 dominia
1829 2785 1928 2835 com-

515 2883 691 2959 missariis
706 2882 835 2958 fratres
855 2882 1070 2987 subscripti,
1092 2884 1158 2989 qui
1178 2884 1328 2961 adducti
1344 2883 1456 2962 fuisse
1477 2884 1697 2962 dicebantur
1717 2885 1764 2962 de
1784 2887 1928 2994 Crepri-

514 3009 643 3088 cordio
669 3010 870 3089 Meldensis
899 3011 1076 3102 diocesis,
1097 3014 1271 3091 videlicet
1296 3012 1427 3090 fratres
1449 3014 1639 3092 lohannes
1665 3015 1711 3091 de
1733 3015 1931 3126 Vullellent

514 3141 811 3230 suessionensis,
840 3140 1000 3218 Jacohus
1033 3141 1081 3217 de
1112 3142 1287 3220 Cormele
1325 3143 1619 3234 Suessionensis,
1655 3145 1842 3224 lohannes
1880 3147 1926 3223 de

513 3272 697 3350 Chamiuo
725 3271 975 3360 Ebroicensis,
1005 3272 1200 3379 Philippus
1239 3272 1345 3352 Gafel
1373 3275 1645 3365 Noviomensis,
1676 3277 1848 3354 Nicolaus
1881 3280 1927 3354 de

513 3403 622 3480 Serra
646 3401 857 3494 Trecentis,
878 3401 1099 3480 Lambertus
1120 3404 1309 3511 Flameugi
1327 3405 1602 3495 laudunensis,
1623 3405 1739 3481 Fulco
1765 3403 1812 3480 de
1837 3408 1929 3481 Tre-

512 3533 580 3623 cis,
609 3534 781 3609 Mathcus
810 3533 857 3609 de
879 3532 1042 3611 Gresson
1071 3536 1196 3612 Essart
1225 3534 1475 3627 Belvacensis,
1503 3535 1676 3613 Clemens
1702 3533 1750 3609 de
1775 3532 1925 3611 Grande

511 3662 654 3742 Villarii
677 3662 951 3756 Ambianensin
971 3665 1191 3771 Amulphus
1206 3664 1242 3742 le
1262 3667 1444 3773 Franceys
1472 3664 1711 3748 Senonensis,
1736 3663 1926 3742 lohannes

511 3793 670 3871 Bochier
700 3793 974 3883 Ambianensis,
1004 3795 1170 3874 Andreas
1196 3795 1396 3873 Mederarii
1427 3793 1699 3884 Ambienensis,
1737 3793 1926 3871 lohannes

510 3925 646 4002 Pernet
682 3926 877 4033 presbyter
900 3925 1144 4020 Belvacensis,
1174 3925 1361 4004 Robertus
1390 3927 1437 4005 de
1460 3924 1655 4003 Rembtldi
1677 3922 1782 4002 Valle
1814 3925 1926 4002 Mori-

511 4059 651 4147 nensis,
668 4060 800 4135 Petrus
820 4058 867 4135 de
891 4075 1018 4135 sancto
1036 4060 1143 4136 Justo
1160 4058 1408 4152 Belvacensis,
1429 4057 1656 4138 Cuillelmus
1676 4054 1787 4132 Fabri
1806 4054 1927 4130 Belva-

512 4187 645 4276 censis,
659 4190 814 4293 Egidius
833 4189 880 4267 de
901 4191 1001 4266 Lana
1015 4189 1129 4269 Curia
1144 4187 1422 4281 Ambianensis,
1448 4208 1486 4267 et
1502 4192 1635 4268 Petrus
1652 4187 1699 4263 de
1715 4183 1925 4291 botigniaco

511 4313 766 4395 Noviomensis
784 4320 1002 4398 diocesium.
1023 4320 1099 4413 Qui
1117 4319 1354 4428 singulariter
1374 4337 1413 4397 et
1429 4318 1626 4425 separatim
1642 4313 1876 4420 interrogati,
1896 4315 1926 4390 si

509 4446 683 4525 volebant
700 4448 841 4527 dictum
859 4450 1032 4527 ordinem
1049 4450 1267 4544 defendere,
1285 4451 1461 4527 dixerunt
1476 4466 1513 4525 ct
1530 4445 1809 4552 responderunt
1822 4443 1926 4549 quod

511 4575 577 4664 sic,
598 4593 639 4650 et
656 4578 852 4677 pecierunt
871 4579 1112 4657 ecclesiastica
1132 4598 1370 4659 sacramenta.

565 4702 718 4777 Eisdem
728 4703 789 4781 die
801 4722 839 4781 et
847 4706 928 4785 loco
936 4709 1089 4788 fuenmt
1099 4713 1250 4791 adducti
1262 4736 1386 4790 coram
1394 4707 1536 4787 eisdem
1545 4705 1709 4785 dominis
1718 4704 1927 4780 commissa-

507 4831 572 4908 riis
594 4831 723 4910 fratres
742 4835 958 4943 subscripti,
979 4842 1046 4945 qui
1064 4842 1216 4920 adducti
1237 4842 1351 4921 fuisse
1371 4840 1592 4920 dicebantur
1617 4836 1664 4913 de
1679 4831 1921 4922 Tholosanis,
