4080 6052
332 529 406 603 aaa
716 502 914 598 raeces
939 520 1033 594 uas
1059 516 1361 593 Tanemois.

327 688 454 748 autem
472 682 510 743 et
527 664 729 770 diligenter
753 663 927 771 expositis
946 659 1018 738 sibi
1039 658 1217 739 omnibus
1238 675 1277 735 ct
1296 656 1455 768 singulis
1479 659 1676 751 articulis,
1701 696 1758 771 re-

327 799 479 908 spondit
490 795 539 874 ad
554 823 630 883 eos,
647 812 685 871 et
699 793 824 904 primo
840 792 1042 900 adprimus
1057 817 1140 880 riu,
1155 790 1262 898 quod
1275 791 1315 867 in
1328 790 1551 898 aliquorum
1566 800 1756 904 rccepcio

326 931 441 1008 nibus
457 927 551 1004 vidit
566 925 671 1032 quod
686 924 922 1033 abnegabant
934 923 1091 1002 ihesum
1105 920 1316 1011 Christum,
1337 938 1376 997 et
1388 921 1429 998 in
1445 921 1635 1030 aliquibus
1651 956 1748 1009 non.

326 1065 407 1167 lpse
421 1077 549 1137 autem
568 1073 741 1164 receptus
757 1054 831 1134 luit
845 1055 884 1131 in
900 1051 1040 1160 capella
1054 1051 1191 1129 domus
1203 1051 1418 1158 Templide
1435 1053 1642 1137 ,Somorens
1655 1057 1749 1139 Am·

233 1214 241 1227 ·
324 1189 514 1268 bianensis
531 1186 702 1279 diocesis,
720 1213 787 1293 per
803 1186 956 1263 fratrem
966 1181 1160 1263 Galterum
1176 1181 1224 1258 de
1239 1181 1327 1261 Esta
1339 1182 1547 1289 quondam,
1561 1201 1748 1295 tuncpre-

325 1340 517 1429 ceptorem
549 1318 648 1395 dicte
682 1316 834 1406 domus,
866 1315 1019 1393 instanti
1052 1311 1148 1391 sesto
1182 1312 1461 1391 Purificacionis
1490 1313 1603 1393 beate
1631 1319 1747 1400 Marie

326 1468 439 1530 erunt
452 1475 535 1530 xxv1
555 1447 642 1524 anni
660 1445 720 1523 vel
738 1446 851 1538 circa,
872 1443 1110 1552 presentibus
1129 1442 1308 1520 fratribus
1326 1444 1494 1550 Symone
1516 1446 1746 1552 presbitero,

325 1551 579 1658 commorante
601 1576 641 1653 in
660 1575 776 1652 domo
797 1605 928 1655 eorum
951 1576 998 1652 de
1016 1573 1196 1652 Fontanis
1216 1573 1349 1651 subtus
1365 1574 1541 1652 Mentem
1559 1576 1746 1659 Desiderii

325 1714 423 1789 dicte
444 1708 617 1797 diocesis,
638 1708 808 1785 Johanne
829 1708 877 1784 dc
900 1702 1089 1785 Menbresi
1109 1721 1329 1811 preceptore
1356 1704 1682 1798 de‘Veromandia,
1703 1730 1744 1790 et

323 1839 526 1951 Raynaudo
542 1838 589 1916 de
604 1837 742 1915 Codun
756 1854 794 1914 et
808 1835 1038 1943 quibusdam
1053 1833 1136 1911 eliis
1153 1834 1369 1925 deffunetis,
1387 1836 1427 1911 in
1444 1836 1559 1915 hunc·
1566 1841 1716 1919 modum
1729 1874 1738 1917 ε

322 2002 410 2050 nam
425 2000 512 2048 cum
533 1967 784 2075 requisivisset
801 1966 986 2045 instanter
1008 1994 1146 2072 panem
1169 1982 1208 2043 et
1231 1994 1367 2072 aquam
1387 1967 1554 2062 ordinis,
1576 1988 1613 2048 et
1632 1973 1743 2052 socie·

321 2119 438 2178 tatem
457 2100 616 2176 fratrum
639 2096 804 2186 ordinis,
829 2096 944 2202 peciit
963 2095 1011 2172 ab
1037 2124 1082 2172 eo
1108 2095 1230 2172 dictus
1251 2114 1434 2201 receptor,
1460 2099 1491 2175 si
1516 2117 1599 2201 erat
1620 2130 1742 2181 servus

321 2230 495 2336 alicujus,
514 2226 651 2305 debitis
672 2225 858 2334 obligatus
874 2253 949 2332 que
969 2222 1112 2301 solvere
1132 2252 1210 2300 non
1230 2242 1371 2330 posset,
1393 2227 1423 2303 si
1442 2226 1554 2305 alteri
1570 2229 1740 2340 religioni

320 2359 523 2470 obligatus,
541 2358 572 2434 si
588 2354 946 2444 excommunicatus,
960 2353 992 2428 si
1003 2351 1165 2431 habebat
1179 2350 1438 2432 infirmitatem
1451 2355 1653 2451 latentem3
1667 2389 1740 2468 quo

319 2490 569 2598 respondente
590 2486 703 2594 quod¹
721 2512 818 2574 non,
842 2483 1020 2561 dixerunt
1040 2483 1147 2589 quod
1166 2501 1398 2562 converteret
1418 2512 1458 2563 se
1477 2488 1528 2565 ad
1549 2491 1738 2596 quoddam

318 2622 449 2708 altare,
478 2635 516 2696 et
541 2632 691 2724 rogaret
708 2615 835 2693 Deum
855 2613 961 2720 quod
980 2613 1159 2721 dirigeret
1183 2643 1287 2706 eum,
1309 2630 1348 2691 et
1372 2644 1460 2693 cum
1480 2617 1555 2696 hoc
1575 2618 1737 2713 fecisset,

317 2752 404 2830 fecit
419 2779 507 2827 eum
528 2775 642 2855 super
663 2744 858 2852 quoddam
874 2742 1021 2821 missale
1036 2742 1164 2850 jurare
1188 2761 1227 2821 et
1253 2771 1385 2822 vovere
1407 2747 1514 2853 quod
1532 2749 1563 2825 si
1583 2768 1676 2827 esset
1693 2752 1733 2828 in

317 2882 444 2986 aliquo
460 2879 544 2956 loco
561 2878 600 2955 in
617 2904 693 2984 quo
711 2875 895 2954 haberent
908 2903 1075 2983 pugnare
1091 2903 1160 2982 pro
1175 2875 1269 2967 fide,
1287 2877 1392 2983 quod
1409 2878 1491 2984 ipse
1507 2877 1544 2956 in
1558 2880 1734 2987 predictis

316 3011 413 3085 bene
434 3037 472 3084 se
493 3007 663 3095 haberet,
688 3005 793 3114 quod
811 3023 971 3084 servaret
993 3005 1217 3095 castitatem,
1239 3003 1521 3098 obedienciam,
1541 3026 1579 3087 et
1594 3010 1734 3091 viveret

316 3140 395 3216 sine
416 3137 586 3243 propri03
606 3137 850 3241 postmodum
867 3136 1024 3214 tradidit
1041 3138 1075 3214 ei
1094 3135 1316 3214 mantellum
1337 3154 1376 3214 et
1394 3137 1579 3229 biretum,
1601 3142 1733 3248 etipse

315 3285 353 3344 et
367 3267 498 3344 fratres
518 3282 677 3343 astantes
698 3264 849 3342 bierunt
866 3295 952 3343 eum
973 3267 1128 3344 osculati
1144 3268 1184 3342 in
1200 3295 1282 3357 ore,
1304 3286 1342 3345 ct
1365 3269 1624 3358 instruxerunt
1648 3301 1733 3350 eum

313 3399 418 3505 quod
426 3402 567 3505 jaceret
580 3425 665 3472 cum
682 3396 815 3501 pannis
830 3395 956 3486 lineis,
976 3397 1119 3472 cinctus
1131 3427 1207 3473 una
1217 3397 1393 3491 cordula,
1407 3417 1443 3476 et
1459 3399 1623 3504 qualiter
1631 3402 1730 3480 bene

313 3529 453 3604 diceret
463 3556 647 3616 mensam,
663 3543 700 3602 et
715 3543 840 3631 ageret
854 3526 992 3633 gracias
1004 3544 1088 3631 post
1104 3529 1305 3632 prandium
1321 3547 1359 3606 et
1370 3529 1435 3607 alia
1448 3528 1558 3603 licita.
1574 3529 1728 3608 Deinde

312 3660 434 3735 dictus
459 3658 570 3733 frater
588 3655 761 3735 Galterus
782 3656 951 3761 precepit
969 3656 1003 3733 ei
1027 3656 1188 3747 ibidem,
1210 3659 1292 3736 aliis
1314 3656 1564 3765 presentibus,
1589 3676 1634 3735 ut
1653 3660 1726 3736 sibi

311 3788 469 3876 videtur,
485 3788 587 3894 quod
604 3786 805 3895 abnegaret
820 3788 977 3863 Jhesum
992 3787 1205 3879 Christum3
1220 3807 1258 3866 et
1273 3820 1359 3866 cum
1373 3791 1452 3896 ipse
1464 3789 1569 3865 testis
1588 3788 1731 3868 diceret

309 3920 413 4024 quod
431 3918 537 3995 nullo
556 3917 670 3994 modo
686 3915 841 4004 faceret,
862 3917 952 4023 quia
972 3935 1050 3993 erat
1067 3917 1192 3996 bonus
1213 3920 1451 3997 Christianus
1472 3936 1510 3995 ct
1532 3948 1612 3997 esse
1633 3921 1729 3997 vole·

308 4049 387 4139 bat,
411 4049 530 4126 dictus
549 4047 662 4123 frater
681 4047 856 4126 Galterus
878 4048 1096 4153 respondit:
1113 4049 1244 4126 Talem
1262 4079 1327 4127 vos
1343 4066 1580 4156 reputamus,
1601 4067 1640 4127 et
1652 4079 1726 4128 esse

309 4180 497 4270 volumus,
525 4177 592 4256 sed
612 4195 762 4282 oportet
783 4206 847 4254 vos
866 4178 1066 4287 abnegare,
1089 4181 1176 4285 quia
1198 4181 1271 4256 hoc
1294 4198 1350 4257 est
1372 4182 1418 4257 de
1441 4181 1595 4287 punctis
1615 4182 1726 4258 nostri

227 4345 235 4361 ·
308 4310 460 4386 ordinis.
483 4311 591 4384 Tunc
611 4308 688 4413 ipse
710 4307 812 4384 testis
832 4307 1027 4414 abnegavit
1048 4337 1112 4386 ore
1138 4338 1215 4386 non
1239 4312 1368 4402 corde3
1394 4311 1537 4388 deinde
1563 4312 1725 4418 precepit

307 4440 340 4515 ei
353 4440 457 4545 quod
472 4456 624 4545 spueret
638 4466 751 4543 super
766 4438 980 4544 ymaginem
994 4439 1170 4517 Crucifixi
1188 4441 1375 4545 depictam
1393 4439 1433 4515 in
1447 4440 1552 4517 dicto
1567 4439 1721 4528 missali,

307 4587 342 4645 et
362 4570 440 4673 ipse
464 4571 565 4673 spuit
588 4566 865 4675 aliquantulum
881 4568 1006 4674 juxta,
1029 4569 1122 4647 dixit
1148 4570 1265 4646 eciam
1294 4571 1328 4647 ei
1357 4570 1462 4676 quod
1491 4570 1721 4647 oscularetur

306 4701 447 4773 eumin
460 4697 657 4787 umbilic0,
675 4698 742 4775 sed
755 4717 880 4775 tamen
902 4727 978 4775 non
994 4696 1066 4775 suit
1080 4727 1168 4775 eum
1186 4700 1392 4791 osculatus,
1418 4716 1461 4778 et.
1479 4700 1603 4776 credit
1624 4700 1717 4806 quod

305 4829 397 4905 dixit
413 4844 584 4931 receptor
607 4830 711 4931 quod
735 4829 863 4906 fratres
886 4829 1029 4907 ordinis
1048 4847 1220 4935 poterant
1242 4858 1384 4909 cumeo
1404 4831 1608 4910 carnaliter
1629 4858 1715 4908 com·
