4080 6052
497 530 691 622 Procas
718 549 815 621 ors
841 549 1136 622 rnurmras.
1449 554 1520 626 sse

105 719 174 768 nec
198 688 293 766 infra
318 717 441 766 sacros
471 690 707 781 constitutus,
734 718 803 767 nec
823 689 1046 796 promiserat
1063 689 1206 795 aliquid
1230 706 1274 765 ut
1294 689 1524 794 reciperetur

105 822 144 897 in
185 821 285 898 dicto
318 819 467 914 ordine,
501 850 572 898 nec
602 820 766 898 habebat
795 819 1052 897 infirmitatem
1082 819 1283 910 latentem,
1320 817 1408 896 lecit
1435 848 1522 897 eum

102 979 234 1027 vovere
263 967 302 1027 et
330 951 459 1056 jurare
490 979 603 1058 super
635 953 839 1058 quemdam
874 950 1014 1028 librum
1046 950 1269 1037 castitatem,
1295 950 1416 1027 vivere
1443 952 1522 1028 sine

104 1082 273 1187 proprio,
292 1099 330 1158 et
344 1080 500 1159 obedire
514 1083 692 1161 omnibus
706 1080 987 1188 preceptoribus
996 1083 1061 1186 qui
1071 1097 1371 1188 preponerentur
1381 1081 1521 1174 eidem,

103 1238 247 1287 servare
273 1210 396 1287 bonos
425 1240 517 1289 usus
541 1229 579 1289 et
606 1212 724 1291 bonas
753 1203 1048 1290 consuetudines
1075 1229 1112 1289 et
1138 1220 1278 1289 secreta
1302 1209 1462 1300 ordinis,
1487 1227 1524 1287 et

104 1341 209 1446 quod
231 1369 307 1417 non
333 1341 529 1420 interesset
554 1343 637 1420 loco
661 1343 701 1418 io
727 1371 805 1450 quo
826 1343 1211 1448 aliquisChristianus
1237 1340 1525 1418 exheredaretur

104 1471 259 1576 injuste;
289 1472 395 1577 quod
422 1471 539 1548 eciam
568 1500 645 1548 non
674 1471 880 1549 dimitteret
906 1474 1048 1549 dictum
1076 1471 1247 1548 ordinem
1278 1500 1346 1576 pro
1377 1470 1524 1547 meliori

105 1598 161 1673 vel
181 1601 315 1709 pejori,
337 1600 478 1706 absque
498 1601 652 1679 licencia
677 1603 879 1707 superioris
904 1601 962 1680 sui
981 1601 1046 1707 qui
1068 1600 1156 1677 dare
1177 1629 1259 1677 eam
1280 1618 1416 1706 posset.
1438 1601 1525 1679 Post

103 1757 177 1834 que
204 1729 386 1836 imposuit
412 1732 446 1809 ei
475 1731 714 1823 mantellum,
739 1750 776 1810 et
795 1734 874 1841 ipse
895 1750 934 1810 et
956 1732 1088 1809 fratres
1111 1747 1271 1808 astantes
1290 1729 1443 1808 suerunt
1468 1760 1527 1809 os·

104 1859 217 1936 culati
240 1889 328 1938 eum
352 1862 391 1937 in
419 1889 497 1939 ore.
518 1862 665 1939 Deinde
689 1863 863 1940 instruxit
883 1890 971 1939 eum
1000 1879 1095 1967 quot
1116 1863 1228 1938 Pater
1249 1876 1365 1938 noster
1385 1859 1527 1937 diceret

104 2017 173 2093 pro
197 1991 301 2068 horis
326 1992 422 2082 suis,
450 2010 489 2068 et
515 1993 618 2100 quod
640 1993 781 2100 jaceret
804 2022 890 2071 cum
918 1993 1068 2071 camisia
1097 2011 1135 2069 et
1162 1991 1305 2069 braccis
1334 2008 1372 2068 et
1400 1991 1526 2100 caligis

105 2120 230 2210 lineis,
259 2149 334 2197 uua
366 2122 519 2198 cordula
546 2123 690 2201 cinctus
717 2125 823 2230 quod
851 2142 1057 2202 assumeret
1081 2124 1184 2201 unde
1213 2121 1340 2210 vellet,
1368 2140 1406 2199 et
1434 2151 1527 2228 qua*

104 2249 191 2328 liter
213 2270 360 2360 regeret
377 2281 416 2329 se
436 2253 475 2328 in
494 2253 648 2331 ecclesia
672 2272 709 2331 et
734 2272 849 2343 extra,
873 2283 1064 2360 exponens
1084 2283 1188 2332 casus
1208 2254 1355 2358 aliquos
1373 2272 1527 2359 propter

103 2409 200 2487 quos
222 2399 370 2488 poterat
395 2384 554 2488 perdere
584 2384 754 2462 habitum
780 2384 839 2463 vel
867 2385 1057 2463 incurrere
1092 2384 1182 2460 alias
1213 2411 1343 2489 penas;
1374 2401 1411 2460 et
1434 2384 1527 2459 dixit

103 2512 209 2618 quod
237 2512 309 2589 alia
334 2530 474 2620 puncta
500 2515 644 2591 ordinis
670 2515 905 2621 perquireret
926 2545 947 2592 a
976 2514 1204 2600 senioribus,
1234 2530 1271 2590 et
1299 2512 1528 2589 instruerent

103 2672 205 2720 eum.
232 2644 478 2722 Postmodum
498 2645 600 2723 idem
617 2664 790 2752 receptor
803 2648 982 2726 remansit
1003 2648 1041 2724 in
1058 2645 1156 2724 dicta
1173 2673 1319 2722 camera
1339 2673 1425 2745 cum
1446 2644 1527 2720 aliis

104 2771 298 2862 fratribus,
328 2793 365 2851 et
393 2776 584 2880 predictus
613 2795 810 2884 preceptor
830 2780 877 2856 de
904 2779 1013 2856 Buris
1044 2778 1149 2862 duxit
1174 2777 1298 2883 ipsum
1320 2791 1455 2852 testem
1480 2775 1527 2850 ad
1565 2754 1596 2777 ”

104 2905 306 3009 quamdam
328 2906 573 3012 gardarobam
595 2898 845 3016 propinquam
876 2910 974 2987 dicte
1001 2936 1162 2998 camere,
1188 2907 1316 2984 dicens
1338 2906 1444 3013 quod
1469 2935 1529 2982 ex-

104 3051 269 3138 pectaret
301 3063 389 3110 eum
417 3035 455 3110 in
483 3036 581 3114 dicta
607 3039 844 3145 garamoha,
874 3055 913 3114 et
935 3038 1064 3135 statim¹
1090 3055 1176 3143 post
1202 3037 1304 3115 idem
1332 3055 1528 3144 preceptor

104 3165 162 3241 vel
184 3162 278 3241 alius
299 3163 412 3239 lrater
428 3165 571 3244 ordinis
590 3186 743 3273 portans
763 3167 957 3276 capucium
977 3186 1063 3245 ante
1085 3166 1234 3253 faciem,
1250 3186 1405 3275 propter
1423 3168 1528 3276 quod

106 3325 183 3371 non
210 3293 333 3399 potuit
353 3292 564 3373 discernere
589 3299 620 3373 si
644 3316 724 3374 erat
748 3299 870 3376 dictus
894 3314 1092 3404 preoeptor
1112 3298 1171 3374 vel
1189 3297 1302 3383 alius,
1330 3314 1367 3374 et
1390 3298 1528 3374 lanter—

105 3454 191 3501 nam
207 3453 294 3500 cum
310 3423 471 3510 lumine,
495 3427 584 3531 quia
606 3431 780 3506 nondum
805 3448 883 3506 erat
905 3430 1001 3516 dies,
1024 3427 1167 3504 habens
1188 3428 1227 3502 in
1250 3424 1443 3512 manibus,
1461 3457 1528 3531 po-

105 3555 179 3632 suit
203 3555 406 3662 quamdam
432 3584 583 3634 crucem
610 3559 772 3666 ligneam
800 3559 840 3636 in
872 3588 946 3664 qua
972 3586 1050 3634 non
1082 3575 1160 3633 erat
1189 3585 1324 3665 ymago
1349 3556 1526 3634 Crucifixi

30 3744 32 3748 ψ
105 3686 143 3761 in
164 3713 278 3761 manu
296 3684 414 3786 ipsius
430 3687 553 3773 testis,
574 3706 707 3792 petens
730 3689 779 3764 ab
803 3716 849 3765 eo
874 3689 905 3762 si
925 3688 1101 3764 credebat
1125 3689 1165 3765 in
1190 3689 1328 3766 dictam
1358 3716 1526 3777 crucem3

106 3833 144 3892 et
163 3815 244 3920 ipso
262 3829 358 3889 teste
379 3815 632 3917 respondente
647 3818 752 3924 quod
772 3817 840 3909 sic,
863 3817 959 3895 dixit
984 3819 1018 3894 ei
1041 3850 1049 3894 :
1072 3819 1258 3925 Deinceps
1283 3849 1360 3898 non
1380 3818 1525 3907 credas,

105 3965 144 4023 et
167 3973 260 4050 spue
283 3972 395 4050 supra
416 3942 545 4048 ipsam.
566 3948 615 4023 Et
634 3947 712 4055 ipse
731 3947 838 4025 testis
855 3964 946 4024 tunc
972 3948 1075 4054 spuit
1093 3974 1170 4025 non
1189 3977 1299 4054 supra
1323 3949 1391 4026 sed
1403 3950 1525 4056 juxta,

105 4106 172 4183 per
193 4076 282 4164 hoc,
304 4092 348 4151 ut
368 4071 478 4163 dixit,
503 4104 580 4153 non
598 4079 778 4157 recedens
797 4105 866 4156 nec
885 4078 1086 4155 intendens
1106 4079 1282 4155 recedere
1309 4108 1330 4155 a
1353 4078 1441 4155 fide.
1471 4079 1527 4156 De

106 4207 188 4285 aliis
211 4205 352 4283 illicitis
378 4232 456 4280 non
482 4205 555 4284 luit
582 4208 731 4287 locutos
759 4208 903 4298 eidem,
932 4236 1003 4285 nec
1032 4207 1138 4286 aliud
1167 4208 1236 4285 scit
1263 4207 1310 4284 de
1341 4209 1528 4285 contentis

105 4338 144 4413 in
160 4365 223 4416 riu
243 4337 408 4417 articulis
428 4339 617 4444 prodidis.
639 4340 855 4447 Requisitus
872 4340 905 4417 si
924 4340 1101 4417 credebat
1120 4340 1224 4444 quod
1241 4337 1345 4415 idem
1363 4337 1527 4416 lacerent

105 4468 184 4560 alii,
205 4471 400 4576 respondit
418 4472 523 4578 quod
542 4499 620 4549 nou
638 4471 816 4549 credebat
834 4499 903 4548 nec
924 4469 1170 4547 discredebat.

162 4600 273 4686 Item,
294 4602 497 4708 requisitus
514 4628 701 4706 superant
717 4619 756 4679 et
773 4601 953 4680 omnibus
975 4600 1235 4708 sequentibus,
1262 4599 1458 4707 respondit
1485 4627 1524 4677 se

105 4728 224 4806 nichil
249 4732 362 4823 scire,
391 4731 464 4808 hoc
492 4748 645 4838 excepto
668 4734 774 4839 quod
797 4733 896 4811 bena
921 4730 1099 4809 credebat
1127 4729 1384 4810 ecclesiasticis
1408 4759 1527 4808 sacra-

106 4860 263 4951 mentis,
279 4880 317 4939 et
327 4863 559 4970 creditquod
567 4862 630 4939 alii
639 4861 771 4941 fratres
783 4864 995 4952 crederent,
1009 4880 1047 4941 et
1053 4863 1160 4971 qood
1170 4890 1303 4942 eorum
1314 4861 1524 4941 sacerdotes

1347 4999 1395 5060 68.
