4080 6052
302 493 398 611 sss
687 513 1334 618 procusum-reuertens.

302 698 387 760 rent
403 674 510 786 quod
530 694 628 755 esset
650 674 866 753 faciendum
886 699 1055 780 percos,
1075 673 1326 779 precipientes
1350 667 1461 746 nobis
1482 665 1660 755 notariis,
1687 684 1728 745 ut

303 827 521 916 requestam·
542 825 582 884 et
604 805 877 914 appollsciones
906 804 1077 910 ipsorum
1106 800 1265 879 fratrum
1286 803 1541 879 insereremus
1569 798 1612 907 in
1641 826 1728 904 pro-

206 986 209 991 <
303 969 426 1028 cesso,
448 940 532 1018 loco
552 937 808 1045 apostolorum
827 934 1140 1015 testimonialium
1161 933 1463 1049 exhibendorum
1483 930 1643 1008 eisdem.

337 1118 341 1125 ·
359 1069 614 1179 Actafnernnt
625 1069 697 1146 hec
713 1067 893 1175 predictis
908 1067 971 1144 dio
984 1083 1023 1147 et
1034 1066 1134 1157 loeo,
1146 1064 1387 1172 presentibus
1398 1092 1461 1141 me
1474 1062 1726 1141 Floriamonte

303 1202 518 1292 Dondedei,
540 1201 748 1279 Bertrando
767 1198 922 1288 Filholi‚
944 1196 1151 1277 Guillelmo
1166 1196 1372 1303 Radulphi,
1386 1197 1554 1302 ¹Hngon'e
1568 1194 1723 1285 Ni‘colri,

304 1335 494 1413 Bernardo
516 1332 722 1411 Humbaldi
744 1349 783 1410 et
798 1332 969 1409 iohanne
984 1326 1037 1408 'de
1058 1328 1210 1409 Fellinis
1229 1329 1385 1408 notariis
1400 1326 1638 1434 supradictis.

361 1597 451 1673 Post
478 1595 565 1682 hec,
598 1594 659 1670 die
690 1596 796 1671 Lune
828 1593 1021 1701 sequenti,
1042 1605 1123 1699 'que
1154 1591 1228 1669 suit
1256 1573 1309 1669 xri
1338 1592 1419 1668 dies
1449 1590 1591 1668 mensis
1620 1591 1724 1680 Maii,

306 1741 564 1805 convneerunt
581 1725 740 1831 predicti
761 1724 909 1803 domini
932 1722 1195 1814 commissarii,
1218 1724 1381 1829 exceptis
1401 1721 1568 1800 dominis
1586 1722 1727 1800 Narbo-

306 1859 413 1936 nensi
443 1874 482 1934 et
509 1857 719 1964 Bajocensi,
741 1874 786 1934 ut
814 1884 927 1963 supra
957 1855 1155 1947 excusatis,
1186 1855 1225 1930 in
1251 1852 1391 1961 capella
1418 1853 1587 1960 predicta
1608 1855 1723 1930 sandi

305 1988 455 2094 Ellegii,
478 2004 520 2070 ,et
543 1985 617 2063 suit
641 1987 825 2064 adductus
850 1987 897 2062 ad
921 1986 1154 2093 presenciam
1181 1985 1424 2073 eorumdem,
1452 2002 1496 2061 ut
1521 1978 1727 2091 deponeret

307 2118 452 2194 dictum
472 2144 602 2205 suum,
619 2115 733 2193 frater
746 2116 981 2195 Humbertus
1003 2114 1051 2192 de
1073 2115 1193 2193 Podio
1216 2114 1439 2191 Pictavensis
1456 2114 1640 2203 diocesis,¹
1655 2143 1728 2192 ser·

306 2249 426 2336 viens,
452 2247 557 2324 testis
583 2272 696 2354 supra
718 2248 881 2356 juratus,
907 2245 1083 2323 deferens
1109 2245 1284 2322 habitum
1309 2243 1458 2352 Templi
1488 2262 1529 2321 et
1554 2243 1725 2333 barbam,

307 2379 430 2467 etatis,
457 2382 500 2456 ut
519 2379 634 2468 dixit,
660 2405 730 2459 xcv
757 2406 944 2457 annorum
971 2376 1030 2454 vel
1054 2348 1160 2454 circa.
1188 2377 1406 2485 Requisitus
1432 2375 1614 2456 siluerat
1640 2379 1727 2455 alins

306 2510 538 2588 examinatus
559 2510 604 2585 in
631 2509 788 2617 negocio
813 2507 1136 2615 Templariorum,
1158 2507 1354 2613 respondit
1377 2505 1484 2614 quod
1504 2508 1580 2597 sic,
1607 2509 1727 2615 primo

306 2671 373 2748 per
389 2641 601 2719 lohannem
621 2640 669 2718 de
690 2638 859 2716 Jamvilla
877 2657 914 2717 et
931 2640 1019 2717 Seu.
1041 2640 1088 2716 de
1109 2640 1242 2746 Peyto,
1262 2638 1363 2746 apud
1382 2636 1729 2727 monasteriumBo

307 2773 381 2849 vini
404 2772 627 2850 Pictavensis
649 2771 748 2849 dicte
774 2771 935 2849 diocesis
953 2771 1193 2859 pictavensis,
1213 2788 1252 2848 et
1276 2770 1349 2847 luit
1368 2771 1531 2858 ibidem,
1548 2788 1591 2848 ut
1615 2771 1724 2858 dixit,

308 2901 355 2976 dc
390 2928 524 2977 eorum
552 2901 729 2979 mandato
757 2919 817 2979 ter
845 2898 1123 3009 questionat'us,
1152 2899 1346 3009 quianon
1373 2901 1625 2980 confitebatur
1654 2930 1727 3009 que

307 3030 497 3118 volebant,
528 3047 566 3108 et
590 3033 852 3137 postmodum,
881 3050 936 3109 ut·
953 3033 1060 3127 dixit,
1087 3032 1159 3108 luit
1189 3032 1335 3138 positus
1367 3033 1406 3109 in
1439 3033 1605 3140 quadam
1634 3032 1726 3109 turn'

307 3161 410 3267 apud
433 3160 628 3237 Nivortunt
653 3162 825 3269 ejusdem
852 3161 1026 3251 diocesis,
1054 3180 1092 3238 et
1118 3161 1266 3240 ibidem
1290 3148 1342 3240 ad
1367 3158 1504 3270 pariem
1531 3183 1570 3242 et
1595 3192 1728 3272 aquam

308 3292 482 3368 detentus
504 3291 543 3366 in
563 3291 736 3380 vinculis,
759 3309 802 3368 ut
822 3291 930 3382 dixit,
954 3319 1062 3372 xxxvr
1086 3294 1321 3397 septimanis,
1343 3298 1382 3370 et
1402 3321 1445 3371 ex
1465 3293 1553 3370 inde
1574 3293 1648 3370 fuit
1668 3295 1731 3370 ad·

308 3423 444 3500 ductus
459 3423 630 3513 Pictavis,
646 3441 683 3500 et
698 3423 841 3502 ibidem
860 3424 1092 3501 examinatus
1107 3425 1179 3501 suit
1194 3423 1473 3531 perofficialem
1489 3442 1526 3500 et
1540 3424 1726 3500 decanum

307 3554 554 3643 Pictavenses,
577 3571 616 3630 et
633 3553 789 3661 juravit,
812 3571 854 3630 ut
879 3554 987 3643 dixit,
1016 3583 1142 3633 coram
1167 3556 1221 3633 eis
1246 3556 1351 3663 quod
1376 3582 1447 3632 non
1470 3553 1727 3631 retrocederet

306 3684 537 3763 confessione
564 3685 655 3762 lacta
680 3715 748 3792 per
776 3714 864 3763 eum
890 3715 1017 3764 coram
1044 3688 1199 3765 eisdem.
1222 3689 1438 3794 Requisitus
1461 3703 1589 3763 autem
1614 3715 1729 3794 super

306 3816 483 3893 omnibus
504 3835 542 3894 et
560 3816 717 3923 singulis
737 3817 902 3896 articulis
926 3817 1122 3925 predictis,
1145 3819 1214 3896 sibi
1237 3819 1439 3926 diligenter
1458 3818 1653 3924 expositis,
1676 3847 1732 3895 re-

306 3948 458 4050 spondit
479 3949 526 4025 ad
547 3978 612 4026 eos
632 3966 676 4025 ut
695 3949 891 4056 sequitur:
1037 3961 1040 3965 ’

361 4079 554 4185 inprimis,
576 4080 622 4156 ad
648 4079 791 4187 primos
817 4106 853 4157 tv
878 4079 1071 4166 articulos,
1095 4079 1142 4157 de
1168 4081 1438 4187 abnegacione,
1466 4098 1554 4171 etc,
1577 4108 1730 4188 respon·

307 4206 363 4282 dit
381 4210 486 4314 quod
502 4239 698 4317 nunquam
720 4209 892 4286 interfuit
910 4210 1020 4288 alicui
1040 4211 1236 4317 capitulio,
1254 4241 1323 4289 nec
1341 4211 1554 4318 recepcioni
1576 4211 1729 4318 alicujus

307 4335 428 4416 fratris
446 4341 589 4418 ordinis
606 4341 827 4449 supradicti,
849 4359 887 4418 et
903 4342 1008 4449 quod
1026 4343 1073 4419 de
1093 4345 1278 4420 contentis
1297 4345 1335 4420 in
1356 4344 1547 4422 diensis*
1567 4343 1729 4420 articulis

307 4470 423 4547 nichil
448 4472 606 4560 sciebat,
628 4473 699 4550 nisi
725 4500 792 4578 per
816 4472 990 4550 auditum
1016 4474 1321 4562 dici;·audiverat
1345 4493 1488 4567 tamen,
1516 4492 1559 4551 nt
1583 4475 1692 4564 dixit,
1712 4504 1729 4548 a

308 4596 419 4674 lrat're
442 4594 711 4681 'Bartholomeo
740 4603 889 4681 lllerloti
915 4602 1026 4681 fratre
1053 4605 1236 4685 serviente
1263 4607 1352 4683 dicti
1379 4607 1540 4697 ordinis,
1564 4608 1630 4714 qui
1656 4621 1729 4681 erat

309 4727 356 4803 de
378 4729 549 4818 Pictavia,
571 4734 676 4836 quod
694 4735 861 4839 predicta
881 4735 1124 4818 servabantur
1144 4738 1183 4813 in
1204 4738 1541 4844 predictoordinc.
1563 4720 1728 4844 Requisi‘-

187 4954 191 4965 ,
304 4875 371 4935 tus
390 4856 473 4947 uhi,
497 4876 535 4935 et
557 4862 710 4967 quando
731 4880 768 4941 et
787 4864 927 4970 quibus
950 4868 1188 4973 presentibus
1213 4868 1355 4946 audivit
1380 4869 1565 4975 predicta,
1585 4890 1729 4972 respon-
