4080 6052
698 519 1013 613 rnoctsuus
1038 538 1338 616 rcuucrcns.
1658 546 1732 621 sco

311 676 586 767 obedienciam,
603 695 641 754 et
654 678 776 755 vivere
796 680 876 756 sine
891 678 1045 784 proprio
1053 696 1100 773 ,et
1107 679 1237 786 jurare
1255 712 1369 789 super
1382 684 1574 789 quendam
1590 685 1733 763 librum

310 825 495 913 apertum,
526 806 566 882 iu
589 835 666 913 quo
691 827 771 885 erat
796 839 886 887 crux
911 809 1075 914 depicta,
1101 812 1207 916 quod
1233 811 1408 891 obediret
1436 811 1615 890 omnibus
1648 844 1735 919 pre-

309 939 424 1044 ceptis
441 937 680 1044 superiorum
704 967 862 1017 suorum
883 938 973 1018 dicti
994 940 1157 1034 ordinis,
1182 959 1221 1019 et
1243 943 1450 1049 quodnon
1474 943 1656 1022 revelaret
1675 973 1734 1023 se·

308 1085 408 1145 creta
426 1066 582 1161 ordinis.
605 1069 851 1146 Postmodum
874 1069 1032 1147 tradidit
1059 1070 1131 1147 sibi
1158 1072 1383 1150 mantellum
1407 1071 1565 1164 ordinis,
1594 1075 1734 1180 etipse

310 1216 349 1275 et
362 1224 499 1276 omnes
516 1196 649 1275 fratres
667 1216 828 1278 astantes
848 1200 1004 1277 fuerunt
1020 1201 1177 1280 osculati
1198 1203 1341 1279 eumin
1359 1229 1437 1279 ore.
1454 1203 1543 1281 Post
1561 1232 1637 1311 que
1656 1233 1735 1309 pre-

310 1328 408 1432 cepit
426 1327 553 1411 eidem
571 1327 657 1405 testi
681 1331 787 1433 quod
807 1348 960 1434 spueret
980 1358 1094 1436 super
1117 1332 1256 1408 dictam
1281 1360 1449 1420 crucem,
1479 1349 1517 1408 et
1538 1334 1643 1439 quod
1668 1364 1734 1411 ne·

310 1475 415 1564 garet
431 1459 573 1548 Deum;
605 1475 643 1535 et
673 1458 753 1564 ipse
783 1461 887 1566 spuit
916 1489 993 1538 nou
1021 1489 1133 1567 supra
1165 1462 1301 1538 dictam
1331 1490 1506 1553 crucem,
1534 1463 1602 1541 sed
1626 1463 1733 1570 justa

310 1589 349 1663 in
373 1606 488 1680 terra,
516 1605 555 1665 et
577 1588 724 1695 negavit
746 1591 873 1683 Deum
895 1618 960 1667 ore
988 1607 1027 1666 et
1047 1618 1124 1667 nnn
1149 1593 1278 1683 corde,
1303 1592 1541 1697 quiaffdictus
1560 1611 1732 1699 receptor

311 1718 402 1795 dixit
424 1718 459 1795 ai
482 1719 589 1826 quod
611 1721 683 1799 boc
708 1718 870 1799 debebat
893 1719 975 1797 fieri
1004 1722 1215 1798 secundum
1240 1739 1377 1827 puncta
1404 1721 1565 1814 ordinis,
1593 1741 1631 1800 et
1654 1753 1731 1801 non

307 1847 380 1935 [uit
396 1877 510 1927 ausus
529 1850 799 1942 contradicere,
821 1851 910 1958 quia
928 1849 1104 1938 timebat,
1126 1867 1164 1926 et
1183 1851 1301 1957 magis
1315 1852 1493 1929 voluisset
1507 1869 1598 1928 tunc
1617 1852 1731 1935 fnisse

309 1977 398 2055 alibi
418 2006 532 2085 quam
551 1978 624 2070 ibi,
646 1997 690 2067 ut
710 1980 814 2059 dixit.

364 2110 476 2201 Item,
491 2110 537 2188 de
557 2110 742 2187 contentis
760 2111 798 2186 in
817 2127 894 2192 vet
912 2137 1022 2189 astur
1042 2112 1304 2218 sequentibus,
1326 2114 1372 2190 de
1394 2113 1729 2219 dogmatizacione,

310 2238 597 2317 conculcacione
616 2239 752 2338 crucis,
768 2257 1000 2317 sacramento
1015 2240 1159 2331 altaris,
1175 2261 1268 2330 cato,
1289 2258 1328 2318 et
1342 2242 1446 2349 quod
1461 2242 1637 2347 Magister
1651 2271 1730 2348 pos

309 2388 366 2447 set
392 2368 583 2453 absolvere
609 2399 631 2450 a
653 2370 828 2476 peccatis,
856 2387 893 2447 et
918 2369 1071 2464 osculis,
1099 2371 1295 2477 respondit
1317 2399 1357 2448 se
1386 2372 1503 2449 nichil
1529 2373 1623 2448 scire
1657 2374 1729 2448 nisi

309 2502 414 2606 quod
440 2528 553 2607 supra
576 2500 767 2605 deposuit,
787 2498 966 2608 adjiciens
985 2529 1025 2577 se
1050 2501 1204 2577 credere
1225 2501 1464 2577 sacramentis
1490 2500 1670 2589 Ecclesia,
1693 2521 1731 2578 et

309 2631 484 2709 credebat
497 2630 680 2738 quodalii
691 2630 823 2708 fratres
843 2631 1062 2721 crederent,
1077 2659 1154 2707 non
1181 2649 1308 2708 tamen
1330 2649 1437 2736 putat
1455 2632 1560 2737 quod
1579 2630 1643 2708 iIIe
1664 2634 1729 2737 qui

307 2761 449 2866 recepit
468 2790 558 2839 eum
577 2778 675 2839 esset
693 2760 818 2838 bonus
835 2760 1087 2851 Christianus,
1109 2788 1180 2840 nec
1196 2761 1317 2837 credit
1342 2763 1446 2869 quod
1466 2760 1560 2868 layci
1585 2762 1731 2867 possint

308 2890 497 2969 absolvere
517 2919 538 2968 a
556 2891 727 2997 peccatis.

312 3094 319 3103 .
346 3024 476 3117 Item,
502 3021 740 3105 contentain
760 3048 884 3101 xxxuu
910 3038 993 3101 etv
1016 3020 1263 3127 sequentibus
1291 3020 1488 3128 respondit
1510 3050 1551 3099 se
1575 3022 1728 3098 credere

308 3179 394 3230 vera
412 3149 510 3242 esso,
532 3168 684 3256 excepto
699 3152 804 3257 quod
824 3178 901 3228 non
915 3149 1108 3256 juraverat
1123 3151 1298 3228 ordinem
1318 3178 1396 3228 non
1414 3151 1526 3228 exire.

364 3285 475 3374 Item,
502 3281 551 3360 de
574 3280 760 3360 contentis
783 3281 822 3358 in
847 3309 892 3359 xn
917 3298 956 3357 et
978 3308 1088 3359 usui
1113 3281 1361 3388 sequentibus
1385 3281 1582 3388 respoudit
1606 3310 1646 3357 se
1670 3281 1729 3355 ni-

307 3412 382 3492 chiI
401 3413 514 3507 scire,
534 3411 606 3490 nisi
625 3413 731 3519 quod
749 3440 862 3518 supra
873 3400 1074 3518 deposuit,
1096 3412 1169 3488 hoc
1193 3428 1346 3517 excepto
1367 3414 1473 3516 quod
1483 3410 1563 3511 *Iuit
1584 3410 1618 3486 ei
1643 3438 1728 3514 pre·

305 3562 457 3650 ceptum
474 3546 580 3651 quod
596 3544 810 3650 cingeretur
833 3570 907 3621 una
935 3541 1092 3635 cordula
1115 3570 1229 3648 super
1249 3540 1455 3629 camisiam,
1478 3567 1552 3646 que
1573 3538 1726 3616 cordula

304 3703 383 3752 non
394 3673 468 3751 Iuit
486 3675 521 3753 ei
540 3676 696 3765 tradita,
718 3691 756 3751 et
772 3675 893 3751 credit
911 3676 1018 3779 quod
1037 3672 1092 3749 iIIi
1112 3672 1179 3779 qui
1199 3699 1276 3748 non
1296 3670 1472 3748 fecissent
1486 3670 1550 3747 iIIa
1561 3697 1636 3777 que
1649 3698 1728 3776 pre·

306 3803 541 3909 cipiebantur
555 3804 699 3895 eisdem
716 3804 760 3878 in
770 3801 990 3907 recepcione
1005 3829 1088 3888 sua,
1105 3800 1163 3878 vel
1187 3829 1229 3877 ea
1248 3800 1489 3901 revelassent,
1511 3800 1616 3907 quod
1636 3798 1727 3875 Iuis-

305 3951 392 4011 sent
409 3948 593 4039 perpetuo
612 3932 839 4010 incarcerati.

361 4065 475 4151 Item,
496 4079 672 4141 contenta
692 4063 731 4139 in
752 4089 892 4157 cxxiur,
914 4079 991 4140 vet
1009 4089 1045 4143 vi
1064 4061 1260 4167 respondit
1279 4089 1319 4139 se
1344 4061 1497 4138 credere
1522 4087 1608 4136 vera
1633 4087 1724 4137 esse.
1796 4050 1799 4057 ¹

361 4196 472 4287 Item,
494 4192 541 4272 de
557 4192 744 4289 contentis
762 4193 802 4301 in
815 4218 934 4271 nxxvu
950 4209 988 4269 et
1007 4218 1108 4273 xvuu
1127 4191 1374 4298 sequentibus
1401 4190 1495 4270 dixit
1514 4219 1552 4269 se
1570 4189 1725 4280 nescire,

305 4325 376 4402 nisi
396 4326 503 4432 quod
521 4353 635 4430 supra
654 4323 829 4429 deposuit
850 4323 898 4401 de
920 4323 1037 4402 modo
1059 4323 1291 4428 recepcionis
1310 4349 1394 4414 sue,
1417 4349 1532 4427 quem
1551 4318 1728 4409 credebat

305 4456 345 4530 in
362 4456 448 4534 aliis
466 4455 719 4534 communiter
738 4436 938 4532 observari.
954 4452 958 4459 ’
1508 4532 1511 4539 ,

361 4586 473 4676 Item,
503 4603 678 4664 contenta
706 4587 747 4664 in
770 4612 865 4666 xcvii
893 4585 1088 4691 respondit
1112 4612 1152 4662 se
1177 4585 1330 4667 credere
1355 4610 1436 4663 esse
1455 4610 1558 4674 vera,
1580 4597 1620 4661 et
1637 4606 1727 4657 cou-

304 4732 409 4792 tenta
428 4716 467 4792 in
486 4743 614 4808 scrut,
630 4742 708 4794 viru
728 4732 767 4794 et
785 4742 908 4795 cesse
927 4713 1030 4791 IaIsa.
1298 4802 1304 4812 Ι

362 4846 472 4938 Item,
495 4847 747 4929 decantantis
764 4846 803 4923 in
821 4871 855 4922 ci
876 4861 914 4924 et
930 4842 1108 4923 omnibus
1127 4843 1375 4952 sequentibus
1398 4842 1594 4951 respondit
1614 4869 1652 4918 se
1672 4840 1730 4916 ni-
