4080 6052
466 526 661 619 enocts
688 543 783 616 uas
810 544 1111 618 Tanaitena.
1424 553 1496 623 oro

79 691 386 782 terminabantur,
405 688 522 766 laicus
537 707 670 766 tenens
688 685 894 793 capitulum
913 688 1083 766 dicebat:
1104 688 1161 766 De
1175 690 1333 793 peccatis
1349 719 1424 798 que
1439 691 1501 767 ob·

80 824 229 900 misistis
246 823 308 899 hic
324 821 465 907 dicere,
488 837 641 927 propter
657 818 922 895 verecundiam
942 820 1062 897 caruis
1077 818 1134 895 vel
1155 837 1308 925 propter
1323 819 1499 897 timorem
1584 824 1590 833 ’

78 981 260 1059 penarum
279 952 445 1043 ordinis,
466 951 572 1027 vobis
589 949 744 1026 facimus
762 947 878 1027 talem
897 949 1175 1058 indulgenciam
1199 950 1357 1057 qualem
1369 979 1501 1058 possu-

79 1110 176 1171 mus,
192 1100 229 1159 et
241 1083 346 1161 Deus
360 1080 465 1159 vobis
480 1081 663 1168 remittat,
679 1097 718 1156 et
728 1108 813 1158 ecce
828 1079 880 1158 ibi
896 1080 1148 1186 presbiterum
1161 1080 1228 1188 qui
1243 1106 1308 1158 vos
1324 1080 1498 1159 absolvet.

136 1213 353 1320 Requisitus
373 1213 410 1289 si·
421 1213 490 1289 scit
509 1212 568 1290 vel
588 1211 708 1288 credit
723 1212 829 1317 quod
843 1239 912 1318 per
928 1211 1205 1319 indulgenciam
1223 1211 1312 1287 dicti
1332 1211 1415 1289 laici
1430 1240 1503 1288 cre·

81 1343 216 1420 dereut
239 1341 372 1421 fratres
393 1343 539 1419 ordinis
563 1371 642 1420 esse
664 1340 825 1421 absoluti
847 1371 867 1418 a
884 1345 1043 1448 peccatis
1061 1341 1270 1419 venialibus
1286 1342 1346 1421 vel
1366 1359 1503 1419 morta-

81 1472 202 1562 libus,
224 1473 419 1579 respondit
438 1471 542 1578 quod
560 1500 648 1549 non.

137 1603 353 1708 Requisitus
373 1629 490 1707 quare
512 1627 601 1707 ergo
617 1599 716 1676 dicta
732 1598 844 1677 verba
866 1599 1087 1677 dicebantur
1104 1626 1171 1706 per
1187 1600 1330 1677 dictum
1347 1602 1502 1690 laicum,

81 1733 173 1810 dixit
200 1733 305 1839 quod
329 1761 373 1809 ex
398 1731 562 1839 quadam
593 1730 889 1823 consuetudine,
919 1748 960 1807 et
981 1732 1070 1837 quia
1090 1748 1170 1807 erat
1188 1731 1272 1808 talis
1292 1734 1505 1811 moduslo-

82 1863 224 1968 quendi
245 1865 343 1939 inter
367 1890 443 1939 eos.
472 1862 574 1940 Dixit
596 1861 751 1966 insuper
767 1861 889 1968 quod,
914 1891 959 1937 ex
979 1862 1116 1938 virtute
1140 1861 1503 1954 obediencie‚'tene-

83 1993 222 2070 bantur
233 1992 360 2096 culpas
373 2021 459 2068 suas
475 1990 712 2068 manifestare
727 1991 768 2066 in
778 1991 961 2098 capitulis.
977 1994 1058 2069 Non
1071 1992 1190 2068 credit
1202 1993 1307 2098 quod
1321 1992 1505 2071 haberent

84 2154 153 2202 nec
172 2123 370 2200 adorarent
388 2123 520 2229 ydola,
547 2150 616 2199 uec
639 2120 745 2228 quod
769 2122 943 2214 cordula,
961 2123 1102 2230 quibus
1127 2123 1373 2229 cingebantur
1392 2154 1505 2231 super
1555 2089 1569 2125 ὀ

85 2255 252 2331 camisias
265 2283 350 2331 cum
362 2252 503 2360 quibus
512 2252 698 2360 jacebant,
708 2270 905 2360 tangerent
914 2253 1031 2359 capita
1041 2253 1391 2361 ydolorum.Credit
1401 2258 1502 2361 quod
1529 2296 1534 2304 ·

84 2384 228 2489 ubique
254 2384 511 2489 reciperentur
529 2383 738 2460 secundum
759 2383 918 2460 modum
938 2411 1006 2490 per
1030 2412 1119 2460 eum
1147 2382 1409 2463 confossatum.
1435 2388 1505 2461 Per

85 2531 359 2590 sacramentum
383 2511 651 2622 injungebatur
675 2513 728 2591 eia
748 2514 854 2621 quod
873 2540 950 2590 non
975 2513 1185 2591 revelarent
1203 2531 1345 2593 secreta
1365 2516 1506 2622 capitu·

85 2646 228 2732 lorum,
249 2661 287 2721 et
307 2645 336 2722 si
359 2645 599 2732 revelassent,
614 2644 868 2751 perdidissent
890 2644 1081 2737 habitum,
1103 2663 1148 2722 ut
1164 2645 1294 2723 credit.
1311 2646 1394 2724 Nou
1414 2646 1506 2723 vidit

87 2773 247 2851 inhiberi
281 2774 384 2880 quod
407 2802 484 2851 non
506 2772 776 2852 confiterentur
799 2774 871 2853 nisi
898 2775 1156 2855 sacerdotibus
1182 2775 1338 2854 ordinis.
1360 2778 1506 2854 Fratres

86 2907 244 3011 scientes
269 2934 414 2982 errores
436 2903 591 2982 luerunt
614 2905 862 3013 negligentes,
889 2907 1071 3012 quianon
1089 2924 1330 2984 correxerunt
1349 2935 1413 2986 cos
1438 2936 1506 2984 nec

88 3037 406 3112 denunciaverunt
419 3035 596 3113 Ecclesia.
614 3037 790 3143 Magister
804 3037 869 3144 qui
889 3065 990 3114 nunc
1008 3055 1064 3114 est
1077 3056 1294 3144 preceperat
1310 3039 1381 3145 ipsi
1398 3040 1505 3122 testi,

88 3182 175 3244 sunt
195 3191 254 3242 xvr
275 3167 362 3241 anni
385 3168 444 3242 vel
464 3166 580 3253 circa,
608 3166 712 3272 quod
732 3167 936 3244 abstineret
961 3168 1007 3245 ab
1032 3169 1247 3247 elemosinis
1271 3168 1505 3256 voluntariis,

88 3296 176 3400 quia
194 3295 313 3372 multa
338 3295 501 3373 babebat
527 3271 736 3403 expendere
767 3296 865 3374 ultra
891 3325 994 3373 mare
1022 3299 1124 3374 etin
1151 3299 1253 3375 curia
1282 3300 1447 3376 Romana
1472 3317 1508 3374 et

87 3427 193 3515 alibi,
221 3428 288 3504 sed
306 3426 531 3504 elemosinas
546 3427 692 3505 debitas
709 3445 748 3505 et
765 3427 942 3507 discretas
957 3428 1079 3518 daret;
1102 3445 1140 3504 et
1155 3428 1273 3504 credit
1288 3429 1392 3534 quod
1407 3428 1509 3504 idem
1602 3528 1612 3544 ι

87 3558 254 3663 precepit
273 3558 365 3635 aliis.
392 3560 474 3636 Non
500 3558 642 3634 audivit
662 3557 803 3662 precipi
823 3556 927 3664 quod
950 3556 1186 3662 acquirerent
1204 3586 1272 3663 per
1292 3555 1410 3645 nefas,
1440 3586 1510 3633 nec

89 3689 193 3794 quod
215 3687 353 3763 familia
377 3688 677 3764 excluderetura
699 3687 876 3764 domibus
895 3686 1049 3795 quando
1074 3688 1279 3794 capitulum
1298 3690 1507 3779 tenebatur,

90 3846 160 3894 nec
179 3819 283 3922 quod
303 3818 458 3895 excubie
487 3833 732 3922 ponerentur,
760 3846 829 3895 nec
856 3818 961 3923 quod
979 3835 1202 3895 tenerentur
1222 3819 1269 3896 de
1293 3821 1510 3908 nocte3-fir-

90 3947 292 4024 mabantur
305 3963 432 4025 tamen
443 3964 565 4052 porte,
580 3976 649 4023 nec
664 3965 770 4024 erant
785 3966 977 4053 presentes
992 3947 1062 4027 nisi
1076 3947 1208 4027 fratres
1224 3950 1378 4028 ordinis.
1395 3951 1511 4043 Quod

93 4107 248 4185 magnus
267 4078 443 4186 Magister
457 4079 666 4156 ordinasset
683 4096 861 4157 servasset
881 4096 984 4156 totus
1001 4080 1111 4169 ordo,
1132 4097 1389 4186 contraquam
1403 4110 1511 4187 gran-

92 4208 153 4284 dia
173 4208 360 4299 scandala,
388 4209 551 4315 suspicio
577 4225 615 4285 et
642 4209 794 4285 infamia
822 4226 911 4288 sunt
930 4226 1066 4288 exorta.
1093 4209 1308 4289 Confessata
1334 4240 1404 4318 per
1423 4241 1510 4289 eum

93 4338 211 4416 credit
236 4339 342 4446 quod
362 4357 485 4418 essent
505 4358 593 4419 nota
612 4338 792 4419 fratribus
810 4341 970 4428 ordinis,
995 4358 1121 4418 contra
1144 4370 1258 4449 quem
1279 4343 1421 4421 audivit
1439 4344 1513 4420 dici

94 4499 269 4578 magnum
298 4470 518 4576 Magistrum
544 4487 582 4548 et
608 4471 700 4548 alios
729 4471 854 4578 aliqua
886 4469 1063 4549 horibilia
1093 4471 1279 4551 confessos
1303 4472 1434 4564 fuisse,
1467 4476 1514 4550 ad

94 4602 200 4707 cujus
220 4601 493 4679 deffensionem
513 4632 553 4681 se
573 4602 765 4681 obtulerat
782 4603 882 4681 malo
903 4602 1060 4683 consilio
1078 4600 1225 4683 dacus.

151 4731 366 4836 Requisitus
378 4732 409 4808 si
421 4734 473 4810 sic
487 4733 713 4840 deposuerat
726 4760 854 4841 prece,
869 4751 1065 4839 precepto,
1078 4732 1232 4822 timore,
1250 4735 1353 4827 odio,
1372 4763 1511 4821 amore,
1539 4740 1545 4751 ‘

95 4864 151 4940 vel
174 4863 301 4968 aliquo
330 4864 529 4971 temporali
553 4864 715 4941 comodo
743 4863 872 4944 habito
899 4864 956 4941 vel
978 4863 1170 4958 babendo,
1193 4842 1388 4974 respondit
1410 4866 1514 4971 quod
