4080 6052
467 525 662 618 racchs
688 546 784 618 oss
810 537 1109 620 reuertens.
1449 552 1495 625 ar

83 689 230 780 ciensis,
244 688 432 765 lohannes
451 685 499 763 de
515 685 703 771 ‹Franville
722 652 1049 793 Rothomagensis,
1068 687 1294 766 Guillelmus
1313 689 1361 764 de
1380 690 1501 796 Boysi-

85 836 190 896 mont
206 815 533 924 Rothomagensis,
554 815 595 893 P.
618 816 666 893 de
689 815 860 894 Anisiaco
881 816 1157 909 Laudunensis,
1173 818 1362 899 lohannes
1383 818 1501 912 Briart

83 948 374 1039 Cameracensis,
397 945 572 1024 Nicolaus
591 948 715 1053 Legan
735 947 1062 1039 constanciensis,
1084 965 1122 1026 et
1142 949 1330 1026 lohannes
1349 945 1501 1025 Ganerii

83 1079 171 1156 alias
200 1078 322 1154 dictus
342 1076 535 1182 Anucupe'
553 1077 740 1183 sagiensis
768 1077 990 1156 diocesium.
1006 1078 1083 1170 Qui
1108 1105 1239 1157 omnes
1264 1077 1502 1183 singulariter

84 1226 121 1286 et
138 1209 334 1315 separatim
352 1207 584 1314 interrogati,
599 1207 632 1284 si
652 1206 828 1285 volebant
846 1208 992 1287 dictum
1013 1209 1186 1286 ordinem
1204 1206 1423 1300 defendere,
1444 1236 1502 1286 re-

84 1340 319 1444 sponderunt
337 1339 440 1446 quod
459 1338 521 1415 sic.
559 1389 563 1398 ·
1158 1416 1161 1421 ,

142 1469 230 1546 Acta
253 1468 405 1545 fuerunt
427 1469 499 1544 hec
521 1467 699 1573 predictis
724 1466 785 1544 die
816 1484 854 1544 et
879 1468 980 1559 loco,
1004 1467 1244 1572 presentibus
1277 1496 1339 1545 me
1363 1470 1393 1544 F
1394 1467 1503 1545 loria-

85 1615 212 1674 monte
230 1613 268 1674 et
283 1598 364 1694 aliis
383 1598 536 1675 notariis
552 1625 663 1702 supra
680 1597 852 1704 proximo
869 1598 1079 1674 nominatis.

139 1858 227 1933 Post
246 1856 332 1945 hec,
355 1858 416 1933 die
435 1858 542 1934 Lune
558 1859 747 1964 sequenti,
766 1886 842 1965 que
859 1855 933 1935 fuit
951 1885 977 1934 11
996 1857 1076 1935 dies
1096 1857 1236 1934 mensis
1251 1857 1395 1944 Marcii,
1417 1885 1505 1933 oon-

84 2005 268 2065 venerunt
296 2014 428 2065 omnes
460 2004 606 2092 septem
632 1987 779 2065 domini
815 1988 1056 2066 commissarii
1087 1987 1245 2092 predicti
1274 1988 1314 2062 in
1342 1987 1504 2092 quadam

86 2143 196 2219 parva
219 2144 364 2192 camera
394 2117 490 2192 dicte
517 2117 601 2194 aule
623 2119 845 2206 adherenter
873 2134 911 2194 et
931 2116 1087 2195 fuerunt
1111 2116 1260 2196 adducti
1284 2144 1408 2193 coram
1433 2119 1504 2205 eis,

88 2245 135 2320 de
154 2243 268 2320 domo
288 2245 455 2350 predicta
472 2247 621 2350 Templi
634 2247 864 2337 Parisiensis,
885 2246 1016 2325 fratres
1033 2247 1248 2352 subscripti,
1267 2247 1333 2351 qui
1351 2247 1507 2353 siugula-

87 2373 179 2448 riter
195 2357 383 2478 requisiti,
403 2374 432 2450 si
450 2373 625 2450 volebant
641 2374 784 2451 dictum
802 2375 972 2451 ordinem
990 2373 1209 2464 defendere,
1231 2375 1507 2478 responderunt

86 2519 132 2581 ,ut
148 2501 347 2607 sequitur:
595 2578 599 2585 ,

10 2691 12 2697 .
144 2633 272 2707 Frater
286 2631 475 2708 lohannes
492 2630 540 2707 de
558 2632 689 2706 Turno
704 2629 920 2707 Parisiensis
943 2629 1101 2706 diocesis
1126 2630 1380 2708 thesaurarius
1402 2633 1509 2708 Tem-

86 2760 138 2865 pli
155 2760 351 2866 respondit
366 2759 471 2865 quod
488 2760 528 2834 in
545 2775 643 2836 statu
662 2776 700 2836 et
715 2776 856 2865 puncto
873 2759 913 2837 in
929 2775 1100 2867 quo-est,
1121 2786 1197 2836 non
1218 2776 1343 2865 potest
1364 2761 1506 2838 dictum

88 2889 260 2966 ordinem
281 2888 483 2966 defendere
503 2916 573 2966 nec
589 2889 680 2966 vult.
1114 2899 1120 2911 '

145 3021 272 3096 Frater
293 3018 519 3096 Guillelmus
544 3018 591 3094 de
616 3016 815 3125 Artehlayo
842 3003 1057 3096 Parisiensis
1084 3017 1243 3095 diocesis
1273 3018 1364 3095 olim
1391 3020 1508 3097 helle—

89 3149 313 3224 mosinarius
335 3148 480 3224 domini
500 3148 625 3253 Regis,
649 3147 742 3225 dixit
761 3148 867 3255 quod
890 3176 968 3227 non
992 3176 1032 3226 se
1055 3147 1166 3225 offert
1187 3176 1256 3226 nec
1276 3149 1356 3226 vult
1372 3150 1506 3229 offerre

91 3276 312 3362 deffensioni
333 3277 420 3353 dicti
441 3277 593 3355 ordinis.

145 3408 273 3483 Frater
287 3407 481 3514 Philippus
496 3407 612 3517 Agate
628 3407 865 3487 Ebroicensis
884 3408 1042 3486 diocesis
1062 3409 1155 3485 dixit
1170 3408 1276 3514 quod
1292 3434 1369 3485 non
1385 3413 1507 3514 potest
1547 3488 1548 3494 ,

89 3563 158 3613 nec
176 3537 255 3614 vult
271 3538 486 3616 defendere.

144 3670 273 3744 Frater
287 3670 514 3778 Baudoynus
531 3669 578 3747 de
598 3685 725 3746 sancto
744 3670 850 3745 lusto
870 3669 1100 3746 Belvacensis
1115 3669 1274 3750 diocesis
1293 3671 1385 3747 dixit
1403 3671 1506 3778 quod

90 3823 167 3872 non
183 3797 264 3871 vult
282 3798 496 3879 defendere.
1242 3888 1244 3894 ,

147 3927 276 4000 Frater
287 3927 446 4004 lacobus
460 3929 508 4006 de
521 3931 668 4037 Molayo
684 3929 806 4020 miles,
819 3930 995 4038 Magister
1013 3959 1171 4039 magnus
1189 3930 1332 4009 ordinis
1344 3933 1504 4035 Templi,

91 4054 293 4160 requisitus
307 4082 375 4160 per
390 4055 506 4133 dictos
521 4058 694 4137 dominos
711 4061 983 4137 commissarios
999 4061 1029 4135 si
1046 4060 1127 4136 vult
1143 4059 1346 4136 defendere
1364 4060 1505 4162 dictum

91 4184 280 4276 ordinem,
304 4185 501 4290 respondit
525 4187 629 4291 quod
649 4187 827 4265 dominus
845 4190 943 4292 Papa
970 4204 1218 4264 reservaverat
1247 4217 1334 4264 eum
1357 4188 1446 4282 sihi,
1469 4211 1506 4268 et

91 4313 178 4390 ideo
197 4308 416 4421 supplicavit
431 4316 536 4422 quod
554 4316 643 4393 dicti
662 4317 905 4395 commissarii
924 4317 1155 4395 dimitterent
1173 4347 1262 4396 eum
1280 4347 1392 4425 super
1408 4321 1503 4412 istis,

91 4470 289 4550 quousque
304 4446 343 4522 in
356 4447 548 4552 presencia
567 4446 712 4525 domini
727 4449 837 4554 Papo,
858 4465 897 4526 et
911 4465 1002 4525 tunc
1015 4449 1154 4527 diceret
1163 4450 1270 4557 quod
1286 4449 1427 4527 videret
1447 4479 1507 4528 ex-

90 4573 233 4676 pedire.
258 4576 332 4668 Qui
355 4575 498 4653 domini
521 4578 764 4656 commissarii
790 4607 958 4686 expresse
981 4579 1261 4658 declaraverunt
1283 4581 1388 4685 quod
1417 4610 1505 4660 con·

91 4718 146 4778 tra
170 4732 367 4809 personam
391 4736 497 4783 suam
518 4708 613 4785 sicut
630 4727 757 4787 contra
776 4711 1001 4817 singularem
1019 4710 1135 4787 nichil
1154 4710 1273 4790 facere
1293 4739 1362 4786 nec
1380 4712 1506 4819 inqui·

92 4860 173 4911 rere
197 4834 372 4912 volebant
402 4865 472 4913 nec
499 4855 687 4942 poterant,
709 4841 776 4918 sed
803 4857 948 4918 tantum
967 4841 1171 4945 procedere
1196 4843 1236 4918 in
1257 4843 1502 4949 inquisicione
