4080 6052
537 532 610 602 suc
916 507 1121 621 rsocrm
1147 522 1242 596 nus
1267 520 1569 596 remetiens.

533 698 642 761 eum,
660 670 827 776 injuncta
842 666 913 747 sibi
932 667 1144 772 penitencia
1167 660 1273 772 quod
1293 663 1485 771 jejunaret
1504 661 1723 740 ser-diebus
1743 665 1792 740 in·
1804 693 1907 772 pene
1925 684 1963 745 et

534 828 642 907 aqna.
675 811 679 816 ’
1164 837 1169 841 ·
1718 830 1721 835 ·

590 933 702 1018 Item,
724 956 838 1037 super
857 928 1043 1009 contentis
1062 931 1100 1007 iu
1120 941 1144 1005 t
1163 944 1201 1006 et
1219 954 1242 1007 r
1260 924 1527 1034 sequentibus,
1550 927 1598 1004 de
1618 925 1956 1033 dopnatizscioue,

530 1061 813 1137 conculcacione
834 1061 955 1137 crucis
975 1078 1013 1138 et
1031 1076 1130 1148 ceto,
1151 1057 1347 1165 respondit
1364 1084 1405 1134 se
1425 1056 1542 1135 nichil
1563 1057 1658 1134 scire
1676 1056 1751 1133 nisi
1767 1057 1876 1163 quod
1894 1084 1958 1135 su·

530 1220 596 1295 pre
620 1191 796 1298 deposuit
817 1191 867 1269 de
890 1191 1082 1297 spuicione
1103 1216 1217 1297 super
1240 1216 1402 1282 crucem,
1424 1186 1603 1295 adjiciens
1627 1214 1666 1265 se
1692 1184 1834 1265 vidime
1853 1189 1955 1294 quod

478 1381 482 1389 .
528 1322 569 1398 in
589 1320 651 1398 die
671 1322 829 1401 Veneris
848 1340 971 1400 sancte
992 1324 1124 1400 devote
1142 1319 1349 1397 adorabunt
1363 1347 1526 1396 crucem.

586 1452 697 1538 ltem,
717 1464 895 1527 contenta
919 1452 957 1526 in
982 1467 1058 1530 Μ’
1083 1467 1121 1527 et
1144 1474 1218 1531 mr
1245 1449 1493 1556 sequentibus
1512 1449 1606 1527 dixit
1629 1474 1671 1525 se
1696 1449 1855 1526 credere
1878 1476 1954 1527 non

528 1582 721 1657 continere
741 1582 952 1668 veritatem,
980 1599 1018 1657 et
1036 1581 1141 1688 quod
1167 1581 1246 1687 ipse
1265 1581 1364 1658 bene
1384 1578 1562 1657 credebat
1579 1579 1822 1656 sacramentis
1837 1580 1953 1656 eccle·

531 1711 701 1800 sinsticis,
725 1729 763 1788 et
778 1713 878 1789 bene
892 1709 1007 1793 fiebat
1022 1712 1190 1788 officium
1205 1711 1497 1789 ecclesiasticum
1514 1710 1554 1786 in
1571 1709 1709 1788 ordine
1723 1709 1947 1815 superdicto.

586 1844 694 1930 Item,
714 1840 763 1916 nd
781 1866 879 1919 rxmr
900 1861 939 1919 et
955 1869 1024 1920 m
1042 1832 1245 1948 sequentes
1261 1840 1457 1952 respondit
1470 1868 1509 1918 se
1527 1839 1644 1918 nichil
1662 1840 1775 1928 scire,
1791 1856 1831 1917 et
1847 1838 1950 1947 quod

528 1999 605 2047 non
624 1971 801 2048 credebat
819 1989 994 2050 contente
1011 1973 1050 2047 in
1070 1970 1161 2078 ipsis
1180 1969 1348 2047 articulis
1365 1995 1449 2048 esse
1467 1997 1564 2047 vera.
1592 2043 1594 2047 r

584 2103 694 2188 Item,
717 2101 764 2178 nd
780 2126 989 2181 xxxi-mrsu
1007 2101 1202 2208 respondit
1220 2099 1325 2207 qnod
1339 2099 1605 2179 osculabantur
1624 2128 1665 2177 se
1679 2101 1808 2207 primo
1828 2101 1869 2178 in
1888 2127 1950 2178 ore

527 2249 566 2305 et
584 2232 828 2335 postmodum
846 2248 964 2318 retro,
984 2249 1027 2307 ut
1044 2256 1156 2337 supm
1174 2230 1361 2336 deposuit.

582 2362 695 2447 Item,
715 2361 763 2436 ed
782 2384 902 2438 rrxrm
922 2377 961 2436 et
979 2387 1072 2438 xxxv
1091 2360 1287 2466 respondit
1305 2384 1346 2437 se
1365 2385 1442 2436 non
1467 2359 1656 2436 recordari
1675 2361 1786 2466 quod
1804 2359 1950 2466 jureve-

525 2492 574 2567 rit
592 2519 669 2568 non
691 2468 792 2567 orire
816 2492 1009 2583 ordinem,
1037 2491 1180 2568 dictum
1195 2508 1327 2568 'umen
1354 2488 1428 2567 luit
1455 2488 1526 2566 sibi
1551 2492 1657 2598 quod
1681 2518 1753 2596 pro
1782 2490 1949 2597 professo

527 2622 746 2699 habebatur.

581 2754 1041 2843 ltem,.adxxrvr-rxxv111
1065 2751 1263 2858 respondit
1287 2752 1393 2859 quod
1420 2752 1661 2857 recepciones
1682 2744 1825 2830 fiebant
1846 2753 1945 2829 clan-

525 2882 683 2972 destine,
717 2882 873 2959 exclusis
905 2882 1085 2959 omnibus
1112 2884 1178 2988 qui
1206 2908 1283 2959 nou
1314 2899 1420 2959 eram
1443 2883 1492 2959 de
1512 2882 1659 2972 ordiner
1681 2883 1797 2961 nescit
1818 2899 1943 2960 temen

526 3010 631 3113 quod
651 3039 692 3086 er
713 3014 787 3088 hoc
805 3012 968 3116 suspicio
987 3026 1114 3088 contra
1134 3012 1309 3088 ordinem
1325 3010 1542 3089 haberetur.

581 3142 689 3227 Item,
713 3141 760 3217 ud
780 3166 824 3218 xc
846 3158 884 3216 et
903 3169 923 3219 v
945 3159 1159 3248 sequentes,
1186 3141 1235 3218 de
1254 3142 1413 3219 crimine
1431 3143 1672 3232 sodomitico,
1693 3144 1890 3250 respondit
1908 3171 1947 3221 se
2026 3163 2028 3168 ’

524 3267 637 3343 nichil
668 3269 760 3346 scire
788 3297 857 3346 nec
883 3271 1036 3347 credere
1066 3287 1240 3348 contenta
1260 3273 1299 3348 in
1321 3273 1410 3377 ipsis
1430 3272 1598 3349 articulis
1626 3299 1707 3349 esse
1730 3301 1835 3361 vera,
1857 3274 1946 3379 quir

523 3416 695 3501 poterant
710 3401 849 3478 habere
864 3401 1043 3479 mulieres
1058 3403 1206 3507 pulcras
1221 3420 1260 3480 et
1275 3403 1373 3480 bene
1389 3421 1573 3509 comptas,
1596 3420 1633 3479 et
1648 3402 1869 3507 frequenter
1881 3431 1943 3482 eas

523 3529 725 3622 hebebant,
748 3558 834 3607 cum
856 3549 981 3608 essent
1000 3533 1132 3609 divites
1152 3550 1190 3609 et
1206 3549 1397 3639 potentes,
1421 3551 1522 3609 etex
1542 3535 1614 3610 hoc
1630 3532 1707 3636 ipse
1728 3530 1846 3606 etalii
1866 3530 1943 3608 fra·

520 3676 596 3735 tres
616 3662 733 3766 ipsius
753 3662 897 3740 ordinis
912 3661 1131 3770 frequenter
1145 3664 1260 3740 emoti
1275 3664 1423 3740 lirerant
1439 3665 1553 3741 esuis
1569 3662 1759 3749 domibus,
1772 3677 1817 3737 ut
1835 3662 1940 3742 dixit.

578 3790 687 3878 Item,
710 3789 758 3868 ad
781 3817 863 3871 xcvi
889 3810 927 3869 et
947 3820 992 3872 xv
1017 3812 1231 3901 sequentes,
1254 3795 1302 3871 de
1330 3794 1455 3902 ydolis
1476 3812 1514 3870 et
1537 3792 1721 3883 cordulis,
1748 3793 1946 3898 respondit

522 3944 560 3994 se
580 3920 695 3996 nichil
715 3923 809 3999 scire
830 3923 900 3999 nisi
924 3924 1030 4029 quod
1052 3925 1090 4000 in
1114 3924 1334 4031 recepcione
1355 3953 1419 4001 sua
1443 3922 1515 4000 fuit
1534 3925 1568 3999 ei
1587 3939 1813 4029 preceptum
1840 3924 1944 4029 quod

522 4049 568 4123 de
589 4068 696 4127 nocte
718 4053 884 4160 cingeret
908 4081 947 4130 se
969 4081 1083 4160 super
1103 4055 1291 4132 camisiam
1311 4056 1475 4160 quadam
1495 4054 1666 4141 cordula,
1689 4080 1737 4130 ne
1757 4054 1809 4129 ite
1824 4053 1943 4131 libere

520 4198 645 4282 posset
663 4209 750 4257 cum
771 4182 952 4260 menibus
966 4201 1193 4261 contractare
1214 4212 1343 4260 carnes
1362 4213 1462 4271 suas,
1486 4202 1524 4261 et
1543 4184 1646 4290 quod
1671 4212 1715 4258 ex
1732 4185 1806 4260 hoc
1826 4184 1940 4260 eciem

514 4308 688 4413 jacebant
708 4340 795 4388 cnm
816 4312 966 4389 braccis.

575 4439 685 4527 ltem,
708 4442 757 4517 ad
776 4470 865 4533 cru,
891 4471 930 4519 111
952 4460 989 4519 et
1011 4472 1065 4520 1111
1092 4444 1300 4550 respondit,
1318 4462 1362 4520 ut
1382 4473 1510 4549 supra,
1531 4471 1571 4520 se
1590 4443 1745 4520 credere
1763 4442 1873 4548 quod
1895 4444 1941 4519 itu

520 4570 775 4671 reciperentur
806 4574 866 4648 elii
898 4572 1029 4651 fratres
1059 4575 1310 4676 communiter
1340 4574 1378 4650 in
1408 4574 1539 4651 ordine
1567 4574 1665 4650 sicut
1691 4573 1871 4678 deposuit
1902 4600 1937 4648 se

520 4695 633 4772 luisse
653 4718 859 4804 receptum.

575 4828 685 4917 leem,
711 4830 758 4904 nd
783 4856 851 4908 cxv
879 4850 917 4907 et
941 4860 989 4910 vn
1013 4849 1214 4940 sequentes
1244 4835 1441 4940 respondit
1466 4862 1535 4940 per
1563 4851 1839 4911 sacramentum
1865 4829 1932 4906 sibi
