4080 6052
469 568 662 660 esoces
687 586 782 660 nas
809 584 1112 661 TEMPLIERS.
1414 589 1496 691 aar

85 726 209 802 corde.
231 723 455 817 Quibus'sic
474 725 597 812 lanis,
623 727 745 804 dictus
765 725 854 804 Odo
878 728 1019 834 incepit
1038 729 1233 806 subridere
1254 728 1360 832 quasi
1387 727 1504 833 dispi-

85 854 219 931 ciendo
239 855 364 959 ipsum
382 872 535 946 testem,
557 874 600 933 ut
614 857 686 933 sibi
707 857 828 934 visum
843 855 927 935 luit.
948 858 1162 935 Deosculis
1182 857 1505 962 inhonestiscri-

84 986 186 1060 mine
204 985 429 1063 sodomitico
446 987 504 1063 vel
520 986 602 1063 aliis
622 987 765 1065 illicitis
784 987 950 1066 nonfuit
975 987 1125 1066 locums
1145 989 1287 1074 eidem3
1309 994 1378 1064 nec'
1397 986 1505 1094 plura

85 1116 152 1191 scit
172 1115 219 1191 de
240 1117 428 1193 contentis
447 1117 487 1193 in
507 1144 570 1193 sni
589 1118 756 1195 articulis
775 1119 1008 1225 supradictis.

143 1247 254 1332 Item,
275 1246 478 1353 requisitus
498 1274 610 1353 super
628 1274 689 1326 arv
714 1265 752 1324 et
775 1248 952 1325 cunibus
969 1249 1233 1354 sequentibus,
1257 1248 1452 1353 respondit
1467 1276 1507 1325 se

86 1376 203 1452 nichil
220 1377 314 1454 scire
330 1376 427 1453 ultra
441 1380 547 1482 qnod
561 1378 759 1483 deposuit,
781 1379 853 1456 boo
872 1397 1026 1485 excepto
1039 1380 1144 1486 quod
1159 1380 1237 1483 ipse
1253 1378 1351 1454 hene
1369 1378 1505 1466 credit,

88 1524 121 1582 et
143 1506 263 1583 credit
294 1508 399 1613 quod
420 1508 481 1583 alii
515 1508 646 1585 fratres
666 1508 810 1584 ordinis
832 1509 930 1584 bene
954 1508 1429 1585 crederent'ee'clesiasticis
1453 1538 1509 1584 sa-

86 1636 301 1721 cramentis,
319 1654 357 1714 et
376 1639 479 1743 quod
500 1664 632 1714 eorum
653 1639 864 1714 sacerdotes
881 1638 1008 1714 debite
1027 1637 1276 1726 celebrarent;
1299 1666 1368 1714 nec
1389 1639 1509 1715 credit

85 1766 190 1871 quod
210 1790 340 1844 eorum
363 1768 446 1843 laici
464 1783 617 1872 possent
634 1766 825 1845 absolvere
844 1795 864 1842 a
881 1769 1053 1873 peccatis.
1076 1766 1282 1844 Dicebatur
1301 1768 1371 1857 eis,
1397 1785 1434 1844 et
1446 1770 1509 1873 ju-

86 1897 220 1984 rabant
236 1898 343 2002 quod
360 1897 534 1974 ordinem
548 1925 625 1973 non
641 1897 876 1973 dimitterent
891 1922 961 2002 pro
976 1896 1123 1971 meliori
1139 1895 1198 1972 vel
1211 1897 1345 2004 pejori.
1362 1897 1509 1975 Cleusis

84 2015 229 2133 januis,
255 2027 532 2132 recipiebantur
553 2027 667 2105 nullis
696 2026 933 2134 presentibus
953 2027 1023 2102 nisi
1049 2025 1227 2102 fratribus
1253 2027 1413 2114 ordinis3
1443 2058 1510 2106 nec

89 2157 209 2232 credit
229 2158 336 2263 quod
356 2157 555 2234 carnaliter
570 2143 916 2248 commiscerentur,
938 2185 1008 2234 nec
1031 2159 1138 2263 quod
1168 2158 1352 2235 haberent
1378 2158 1507 2263 ydola,

91 2316 159 2364 nec
178 2287 283 2394 quod
303 2288 459 2367 cordule
488 2288 628 2396 quibus
658 2289 904 2397 cingebantur
930 2315 1042 2395 supra
1067 2288 1237 2365 camisias
1259 2301 1345 2366 c'um
1373 2290 1512 2395 quihus

87 2419 260 2524 jacebant
288 2437 485 2527 tangerent
504 2419 621 2526 capita
640 2420 861 2526 ydolorum,
883 2448 953 2496 nec
975 2419 1081 2525 quod
1107 2418 1237 2495 illicita
1259 2445 1333 2524 que
1354 2419 1513 2495 interve-

92 2567 224 2627 nerant
239 2551 279 2627 in
295 2551 515 2656 receptione
530 2576 595 2627 sua
611 2550 880 2628 intervenirent
894 2549 935 2625 in
949 2548 1234 2654 recepciouibus
1247 2549 1425 2633 aliorum,
1445 2577 1513 2623 nec

92 2697 192 2783 posu
209 2708 277 2785 per
297 2697 572 2758 sacramentum
590 2680 856 2789 injungebatur
871 2680 924 2756 eis
937 2680 1043 2785 quod
1059 2706 1137 2756 non
1152 2654 1360 2757 revelarent
1374 2696 1513 2757 secreta

93 2812 360 2915 capitulorum,
382 2841 453 2889 nec
476 2812 722 2891 inhibebatur
742 2811 847 2917 quod
867 2839 945 2889 non
962 2813 1236 2895 confiterentur
1254 2810 1515 2889 nisi-sacerdo-

93 2942 196 3019 tibus
215 2943 370 3019 ordinis.
394 2943 433 3020 si
449 2944 514 3051 qui
536 2943 703 3020 sciebant
724 2970 870 3021 errores
884 2943 923 3019 in
942 2944 1093 3032 ordine,
1117 2941 1217 3018 male
1237 2941 1408 3019 lecerunt
1427 2942 1514 3046 quia

95 3099 172 3147 non
202 3070 448 3149 correxerunt
467 3101 531 3152 eos
560 3102 630 3149 nec
662 3074 984 3150 denunciaverunt
1008 3072 1185 3149 Ecclesie.
1216 3071 1449 3148 Elemosinas
1478 3087 1515 3146 et

97 3200 388 3306 hospitalitatem
398 3202 542 3281 viderat
555 3202 692 3281 melius
703 3203 837 3282 servari
854 3204 892 3279 in
904 3202 1037 3280 ordine
1051 3203 1098 3278 ah
1110 3202 1226 3278 inicio
1235 3230 1350 3308 quam
1362 3201 1516 3309 wando

56 3390 59 3395 .
96 3330 248 3409 fuerumt
265 3335 361 3439 capti
383 3351 628 3411 servarentur.
650 3335 845 3412 Servatum
864 3331 996 3412 brisset
1014 3333 1054 3408 in
1075 3331 1210 3409 ordine
1230 3332 1336 3436 quod
1360 3358 1517 3437 magnus

96 3463 273 3568 Magister
283 3493 372 3540 cum
392 3481 578 3541 conventu
594 3465 801 3556 statuisset,
814 3464 845 3540 si
865 3462 997 3541 fuisset
1015 3463 1179 3562 bonum,
1194 3479 1238 3535 ut
1257 3460 1386 3536 credit.
1405 3459 1518 3537 Gran-

97 3593 157 3669 dia
189 3595 361 3671 scandaln
393 3613 521 3672 contra
546 3595 720 3672 ordinem
748 3602 837 3673 sunt
860 3612 1002 3682 exorta,
1030 3610 1185 3699 propter
1216 3591 1279 3667 illa
1309 3590 1518 3702 dequibus

98 3726 219 3828 agitur
236 3744 365 3803 contra
384 3755 486 3802 eum.
505 3726 659 3802 Audiuit
682 3726 754 3802 dici
778 3726 884 3832 quod
904 3752 1063 3833 augrus
1087 3723 1262 3830 Magister
1286 3741 1324 3800 et
1345 3721 1407 3798 alii
1431 3740 1519 3799 sunt

99 3854 256 3931 confessi
276 3855 423 3961 aliquos
441 3883 587 3932 amores
606 3872 734 3931 contra
759 3856 949 3942 ordinem,
971 3855 1040 3932 sed
1062 3827 1135 3930 hoc
1156 3855 1286 3967 ¹nescit.
1316 3855 1412 3932 Cum
1439 3853 1519 3928 aliis

100 4013 140 4061 se
166 3985 354 4062 obtulerat
380 3984 430 4062 td
452 3969 712 4063 defensionem
737 3987 826 4064 dicti
855 3988 1009 4064 ordinis.
1032 3986 1250 4092 Requisitus
1269 3986 1300 4062 si
1329 3987 1381 4062 sic
1404 3984 1520 4088 depo-

100 4132 226 4193 suerat
241 4145 365 4222 prece,
383 4133 576 4223 precepto,
598 4118 751 4209 timore,
778 4144 923 4208 amore,
944 4117 1046 4205 odio,
1064 4117 1123 4193 vel
1142 4115 1341 4221 temporali
1357 4113 1519 4190 comodo·

86 4237 231 4325 'habito
249 4248 307 4325 vel
335 4247 529 4339 hahendo,
547 4247 744 4354 respondit
762 4249 867 4354 quod
886 4276 981 4340 non,
1007 4249 1075 4325 sed
1089 4276 1158 4352 pro
1174 4245 1329 4323 veritate
1347 4243 1517 4320 dicenda.

101 4377 173 4454 Cui
201 4378 273 4456 fuit
297 4380 511 4488 injunctum
536 4379 640 4485 quod
665 4405 742 4455 non
772 4377 953 4456 revelaret
978 4378 1075 4454 banc
1104 4404 1209 4453 suam
1239 4373 1518 4481 deposicionem

101 4536 296 4615 quousque
311 4509 572 4587 attestaoiones
587 4509 731 4585 hrerint
743 4508 943 4615 publicata.
1482 4518 1487 4525 '

159 4770 311 4847 Eisdem
330 4771 393 4890 die
414 4789 451 4848 et
481 4772 563 4849 loco
587 4771 660 4849 fuit
678 4771 864 4850 adductus
887 4771 935 4848 ad
960 4771 1189 4878 presenciam
1207 4771 1430 4847 eorumdem
1455 4768 1525 4843 do-

103 4901 297 4978 minomm
310 4903 658 4979 'commissariorum
671 4902 785 5009 irater
796 4903 923 4980 Helias
936 4902 984 4978 de
999 4902 1105 4980 Jotro
1123 4902 1302 4993 serviens,
1319 4898 1524 4978 M'eldensis

1347 5035 1398 5116 67.
