4080 6052
303 599 307 628 .
340 557 414 632 ssa
724 539 919 633 rnocss
943 556 1038 630 nas
1063 504 1368 631 sanctinus,

338 721 449 781 erunt
478 724 542 777 vm
570 697 630 775 vel
660 725 696 776 ιι
721 698 827 786 anni,
861 695 1101 803 presentibus
1129 695 1306 775 fratribus
1326 694 1488 776 Morello
1512 695 1566 775 de
1592 696 1714 774 Belua
1734 717 1769 777 et

334 832 505 940 Remigio
524 845 743 938 preceptore
765 826 812 904 de
832 827 1073 917 Colomeriis,
1096 827 1362 918 servientibus,
1387 817 1426 904 in
1448 829 1561 906 hunc
1586 827 1765 906 modum:

334 994 420 1043 nam
444 965 647 1040 instructus
666 959 812 1038 edictis
830 958 983 1038 duobus
1000 956 1191 1048 fratribus,
1215 958 1396 1065 capellam
1415 960 1633 1070 ingressus,
1653 959 1762 1065 peciit

335 1097 472 1190 adicto
488 1110 682 1200 receptore
699 1119 836 1197 panem
853 1107 891 1168 et
905 1117 1058 1197 aquam,
1078 1089 1293 1168 societatem
1311 1107 1350 1168 et
1361 1118 1576 1198 pauperem
1588 1090 1758 1168 vastum

334 1228 493 1315 ordinis;
514 1223 580 1331 qui
600 1220 797 1327 respondit
816 1221 851 1297 ei
869 1219 972 1326 quod
988 1217 1087 1295 bene
1105 1217 1346 1309 deliberaret,
1368 1219 1459 1326 quia
1479 1217 1666 1328 grandem
1682 1245 1757 1295 rem

334 1356 502 1465 petebat,
516 1372 553 1432 et
568 1352 758 1430 abdicaret
773 1379 793 1426 a
807 1376 847 1426 se
862 1349 1051 1457 propriam
1063 1347 1309 1437 voluntatem,
1328 1365 1366 1425 et
1380 1348 1539 1456 quando
1554 1348 1668 1425 vellet
1683 1376 1757 1426 esse

335 1488 374 1563 in
395 1513 473 1562 uno
492 1482 592 1570 loco,
616 1496 715 1558 esset
733 1480 772 1557 in
793 1479 886 1568 alio;
905 1496 943 1557 et
961 1478 1081 1557 multa
1100 1478 1193 1557 durs
1215 1497 1256 1558 et
1275 1506 1406 1585 aspera
1429 1495 1628 1586 oporteret
1649 1479 1758 1556 susti·

226 1632 233 1640 '
334 1645 441 1702 nere,
464 1611 642 1691 eumdem
669 1638 814 1688 servare
843 1627 881 1687 et
908 1609 1131 1698 castitatem
1159 1625 1201 1689 et
1225 1638 1347 1717 quum
1373 1610 1628 1717 respondisset
1648 1609 1753 1715 quod

335 1746 461 1823 omnia
484 1743 701 1830 mstineret,
721 1738 891 1817 fecerunt
910 1767 999 1817 eum
1009 1738 1119 1819 texire
1135 1754 1177 1817 et
1193 1739 1374 1817 reintrare
1398 1757 1477 1830 ter,
1504 1757 1540 1817 et
1559 1755 1681 1846 petere
1709 1738 1752 1815 id

334 1875 439 1983 quod
455 1901 585 1980 supra,
606 1869 771 1947 finaliter
789 1866 945 1976 prestito
960 1865 1009 1944 ab
1032 1894 1080 1947 eo
1097 1892 1168 1975 pm*
1178 1867 1440 1975 juramentum
1461 1868 1569 1976 quod
1584 1896 1661 1947 non
1675 1885 1752 1944 erat

333 2005 475 2084 servilis
494 2001 742 2085 condicionis,
766 1997 1123 2088 excommunicatus,
1145 1997 1283 2077 debitis
1306 2029 1381 2106 que
1401 1999 1550 2078 solvere
1573 2026 1650 2077 non
1669 2025 1755 2104 pos·

334 2153 405 2222 set,
424 2132 530 2210 alteri
549 2129 721 2239 religioni
737 2127 799 2206 sel
818 2128 1060 2207 matrimonio
1079 2126 1283 2240 obligatus,
1296 2131 1401 2237 quod
1421 2158 1501 2211 non
1521 2128 1687 2207 babebat
1704 2130 1756 2204 in·

334 2261 550 2338 firmitatem
571 2259 770 2345 latentem,
797 2255 969 2335 lecerunt
991 2286 1080 2337 eum
1097 2258 1292 2364 jurasset
1316 2286 1450 2339 vovere
1479 2260 1565 2339 Deo
1591 2275 1630 2336 et
1650 2257 1753 2336 beate

333 2392 449 2470 lllarie
474 2391 697 2478 castitatem,
720 2388 997 2478 obedienciam,
1027 2389 1150 2467 vivere
1173 2389 1254 2467 sine
1279 2391 1450 2497 proprio,
1470 2416 1620 2468 servare
1638 2389 1753 2468 bonos

333 2548 424 2597 usus
445 2535 484 2598 et
501 2518 621 2597 bonas
637 2518 931 2597 consuetudines
950 2519 1108 2598 ordinis.
1132 2519 1378 2597 Postmodum
1398 2519 1447 2597 sd
1473 2520 1665 2598 honorem
1686 2517 1753 2596 Dei

333 2669 371 2726 et
389 2650 498 2727 beate
516 2650 632 2728 Marie
649 2665 688 2726 et
707 2649 878 2727 omnium
899 2650 1138 2739 Sanctorum,
1165 2666 1204 2727 et
1222 2676 1268 2727 ex
1282 2667 1388 2757 parte
1407 2651 1508 2755 Pape
1523 2665 1567 2733 et
1577 2665 1754 2758 potestate

332 2780 403 2856 sibi
431 2806 602 2858 concessa
627 2808 648 2856 a
674 2780 851 2887 Magistro
873 2796 913 2857 et
938 2781 989 2859 >de
1013 2779 1203 2860 voluntate
1224 2780 1413 2859 dictorum
1432 2777 1612 2868 fratrum,
1634 2779 1751 2856 dictus

332 2927 504 3016 receptor
524 2909 617 2988 dixit
631 2910 735 3017 quod
755 2910 960 3018 recipiebat
979 2939 1068 2993 eum
1089 2926 1127 2989 et
1145 2910 1349 2991 associabat
1360 2911 1411 2989 ad
1428 2911 1749 3018 participacionem

333 3038 710 3129 honorum'ordinis,
737 3058 776 3118 et
800 3042 982 3148 imposuit
1003 3040 1076 3121 sibi
1098 3042 1404 3134 mantellum„et
1428 3043 1511 3148 ipse
1538 3058 1578 3120 et
1599 3057 1751 3120 astantes

331 3172 486 3247 fuerunt
503 3169 659 3247 osculati
676 3199 764 3248 eum
783 3173 821 3249 in
842 3174 1181 3253 ore.·Postmodum
1196 3173 1371 3254 instruxit
1390 3200 1482 3250 eum
1502 3171 1608 3278 quod
1617 3171 1752 3278 jaceret

332 3330 417 3377 cum
435 3298 560 3406 caligis
578 3298 823 3379 femoralibus
837 3314 875 3379 et
893 3304 1044 3381 camisia
1064 3304 1191 3395 lineis,
1211 3332 1287 3380 una
1304 3302 1460 3381 cordula
1481 3302 1639 3390 cinctus,
1663 3316 1754 3408 quot

329 3433 441 3509 Pater
464 3446 577 3508 noster
595 3430 737 3507 diceret
753 3461 822 3537 pro
838 3434 941 3511 horis
961 3434 1054 3524 suis,
1079 3435 1241 3541 qualiter
1260 3450 1408 3542 regeret
1426 3463 1464 3511 se
1489 3432 1527 3509 in
1543 3432 1695 3518 ordinm
1716 3449 1753 3507 et

331 3563 502 3667 exposuit
516 3562 550 3637 ei
567 3590 672 3638 casus
688 3581 842 3670 propter
856 3593 952 3672 quos
969 3583 1114 3671 poterat
1129 3567 1289 3673 perdere
1305 3565 1475 3666 habitum
1487 3561 1541 3636 vel
1554 3562 1748 3635 incurrere

331 3691 419 3771 alias
439 3720 564 3797 penas.
584 3695 760 3799 Postque
777 3712 1013 3773 recesserunt
1030 3694 1161 3774 iratres
1182 3714 1342 3802 astantes
1363 3714 1402 3773 et
1424 3694 1538 3772 didus
1563 3708 1747 3797 receptor,

329 3824 395 3927 qni
421 3839 499 3898 erat
519 3823 812 3915 iturus.Trecas;
834 3843 1010 3932 postque
1031 3828 1263 3914 immediate,
1291 3844 1493 3933 antequam
1517 3823 1620 3900 idem
1646 3822 1750 3900 testis

331 3952 500 4027 exivisset
520 3951 716 4056 capellam,
737 3953 860 4033 dictus
879 3956 1059 4035 Morellus
1077 3957 1229 4034 trahens
1242 3958 1367 4063 ipsum
1385 3972 1523 4032 testem
1543 3952 1592 4030 ad
1611 3970 1750 4058 partem

330 4082 483 4159 indicta
502 4083 655 4189 capella,
678 4085 771 4161 dixit
792 4085 826 4160 ei
848 4086 952 4192 quod
973 4086 1170 4193 oportebat
1189 4089 1315 4194 ipsum
1334 4086 1520 4193 abnegare
1540 4086 1687 4173 Deum3
1707 4084 1750 4160 de

330 4242 405 4316 quo
424 4213 496 4291 fuit
513 4215 614 4291 idem
630 4217 736 4292 testis
751 4216 915 4293 multum
932 4218 1178 4326 stupefactus,
1193 4219 1425 4326 respondens
1439 4217 1546 4324 quod
1561 4216 1636 4294 hoc
1649 4212 1750 4291 nullo

223 4448 224 4451 Ἴ
332 4341 444 4419 modo
466 4343 614 4424 laceret.
643 4346 806 4423 Instante
833 4365 958 4425 tamen
985 4351 1084 4427 dicto
1109 4350 1293 4428 Maurello
1321 4366 1360 4426 et
1384 4347 1533 4425 dicente
1555 4346 1664 4454 quod
1685 4346 1749 4423 boc

330 4470 467 4549 laceret
486 4476 616 4552 saltem
637 4504 702 4553 ore
722 4504 797 4553 non
819 4477 947 4567 corde,
968 4478 1089 4557 dictus
1108 4481 1213 4557 testis
1235 4478 1429 4586 abnegavit
1445 4506 1512 4555 ore
1528 4506 1609 4556 non
1630 4476 1747 4554 corde.

331 4601 461 4677 Postea
482 4609 646 4712 precepit
676 4609 710 4683 ei
740 4607 845 4714 quod
875 4627 1027 4714 spueret
1052 4639 1166 4718 super
1190 4610 1392 4718 quamdam
1422 4637 1577 4715 parvam
1608 4636 1746 4685 crucem

331 4727 510 4835 ligneam,
529 4734 567 4807 in
583 4764 656 4840 qua
674 4737 778 4814 nulla
794 4758 873 4817 erat
886 4768 1018 4849 ymago
1038 4739 1234 4831 Crueilrxi,
1250 4769 1366 4848 quam
1381 4741 1536 4817 extraxit
1558 4741 1608 4817 de
1623 4740 1745 4818 subtus

332 4859 572 4950 sstasslellumz
594 4866 657 4938 sed
684 4869 762 4970 ipse
777 4872 882 4946 testis
902 4871 1025 4949 noluit
1044 4899 1180 4978 spuere
1200 4902 1328 4980 supra,
1349 4876 1417 4953 sed
1437 4881 1543 4982 spuit
1565 4876 1742 4958 astraba
