4080 6052
466 539 660 634 rnocts
688 558 782 630 oss
807 559 1106 632 rennuens,
1424 565 1496 637 557

81 707 257 812 peccatis,
285 732 355 781 nec
381 701 580 809 reputabat
608 702 718 780 illum
746 703 925 810 quicum
951 704 1092 810 recepit
1118 703 1157 779 in
1185 704 1258 779 hoc
1287 704 1391 809 quod
1415 706 1503 784 lecit

81 837 249 942 predicta
267 834 349 913 fieri
366 834 513 912 bonum
531 832 806 923 Christianum,
830 810 900 913 nec
920 835 969 912 de
990 834 1126 912 osculis
1146 831 1286 912 sciebat
1303 834 1376 910 nisi
1395 836 1501 939 quod

81 994 193 1072 supra
214 965 400 1072 deposuit.
1480 1064 1483 1068 .

135 1098 251 1188 Item,
286 1111 462 1173 contente
483 1095 523 1171 in
548 1106 672 1175 xxxrtu
698 1112 783 1173 etv
809 1094 1073 1201 sequentibus,
1100 1093 1204 1201 quod
1227 1122 1297 1200 pro
1322 1094 1498 1200 professis

79 1225 314 1303 haberentur
334 1243 372 1302 et
391 1226 497 1332 quod
512 1227 755 1304 clamdestine
770 1225 906 1303 fierent
921 1225 1177 1332 recepciones‚
1194 1242 1232 1301 et
1243 1225 1348 1331 quod
1366 1255 1410 1303 ex
1429 1227 1501 1303 hoc

83 1358 244 1463 suspicio
265 1373 394 1434 contra
417 1356 591 1433 ordinem
611 1354 827 1450 haberetur,
846 1356 1024 1434 credebat
1048 1383 1135 1433 vera
1156 1338 1253 1443 esse,
1274 1384 1352 1432 non
1373 1373 1498 1435 tamen

82 1486 187 1593 quod
201 1488 373 1594 jurarent
387 1514 465 1564 non
484 1487 583 1564 exire
599 1487 785 1565 ordinem.

137 1618 248 1710 Item,
260 1618 308 1694 de
319 1617 505 1695 contentis
519 1615 559 1693 in
573 1643 618 1693 m
630 1632 737 1695 etum
750 1616 1013 1724 sequentihus,
1027 1616 1074 1693 de
1090 1615 1245 1694 crimine
1257 1615 1497 1709 sodomitico,

80 1745 201 1853 ydolis
226 1765 264 1824 et
287 1746 467 1839 cordulis,
493 1746 688 1852 respondit
711 1774 750 1824 se
774 1746 890 1823 nichil
915 1747 1026 1835 scire,
1053 1746 1126 1822 nisi
1149 1746 1222 1821 hoc
1247 1744 1371 1823 solum
1396 1749 1501 1854 quod

82 1876 117 1953 ei
135 1875 208 1953 fuit
224 1876 368 1955 dictum
388 1877 428 1954 in
450 1878 670 1983 reeepcione
695 1904 778 1968 sua,
800 1874 906 1984 quod
917 1876 1060 1982 jaceret
1078 1877 1117 1951 in
1137 1876 1287 1953 camisia
1305 1893 1343 1952 et
1360 1876 1500 1954 breccis

83 2022 121 2081 et
134 2006 272 2112 caligis,
292 2026 331 2086 et
346 1993 451 2113 quod
471 2007 683 2116 cingeretur
702 2035 778 2085 una
797 1995 963 2085 cordula.

137 2136 248 2229 ltem,
273 2138 324 2215 ad
348 2165 421 2215 usu
443 2153 481 2214 et
498 2163 536 2215 xl
555 2154 756 2244 sequentes
780 2137 976 2243 respoudit
998 2166 1038 2215 se
1059 2137 1212 2215 credere
1236 2136 1343 2244 quod
1368 2165 1501 2215 omnes

82 2264 213 2344 fratres
232 2266 376 2344 ordinis
395 2267 652 2372 reciperentur
671 2267 934 2359 communiter,
951 2268 1047 2344 sicut
1065 2267 1241 2372 deposuit
1260 2295 1299 2344 se
1314 2265 1428 2344 luisse
1443 2297 1502 2344 re-

81 2384 251 2502 ceptum,
275 2415 313 2476 et
331 2398 556 2504 quodcapti
580 2414 618 2474 et
642 2397 740 2475 mule
764 2399 910 2479 tractati
934 2397 1094 2475 luissent
1116 2398 1184 2503 qui
1208 2396 1419 2474 noluissent
1437 2399 1501 2475 illa

81 2555 156 2632 que
179 2528 218 2605 in
238 2528 456 2635 recepcione
479 2527 784 2634 precipiebantur
803 2527 947 2606 eisdem
967 2527 1026 2605 vel
1047 2528 1114 2633 qui
1135 2556 1177 2603 en
1197 2526 1437 2615 revelassent,
1466 2545 1503 2605 et

82 2656 205 2734 fuerat
221 2658 256 2735 ei
276 2658 419 2735 dietum
437 2687 506 2765 per
528 2658 681 2735 fratrem
702 2658 882 2764 Egidium
907 2659 954 2736 de
981 2658 1185 2763 Campania
1207 2657 1377 2766 ejusdem
1398 2659 1502 2735 ordi·

82 2787 157 2874 nis,
172 2788 278 2894 quod
291 2788 433 2896 absque
453 2789 607 2866 licencia
627 2788 867 2895 superiorum
886 2816 963 2865 non
984 2805 1131 2894 poterat
1146 2788 1317 2867 confiteri
1338 2789 1410 2867 nisi
1429 2790 1501 2865 lra-

82 2917 206 2996 trihus
223 2919 377 2996 ordinis.
394 2920 506 3011 Item,
530 2920 624 2996 dixit
643 2920 748 3026 quod
773 2919 812 2995 in
836 2919 972 2997 eodem
997 2948 1095 2997 anno
1120 2947 1198 3025 quo
1219 2918 1290 2995 luit
1310 2936 1498 3025 receptus,

82 3047 178 3125 inira
197 3078 368 3127 mensem
392 3069 477 3156 post
497 3051 651 3140 Pascha,
678 3048 751 3126 luit
774 3048 965 3129 confessus
983 3050 1030 3127 de
1049 3050 1227 3156 predictis
1247 3048 1426 3126 omnibus
1447 3078 1504 3126 er-

82 3177 234 3256 roribus
249 3178 352 3256 fratri
373 3178 558 3267 Gerardo,
580 3179 688 3287 cujus
709 3207 917 3286 cognomen
937 3180 1102 3286 ignorat,
1121 3180 1169 3256 de
1189 3178 1324 3256 ordine
1343 3178 1499 3258 fr‘atrum

83 3307 275 3387 Minorum
291 3327 496 3388 conventus
505 3309 826 3404 Altisiodorensis,
837 3312 908 3417 qui.
919 3310 1112 3388 dicebatur
1124 3309 1264 3388 habere
1279 3327 1501 3415 potestatem

82 3439 246 3547 episcopi
267 3440 587 3533 Altisiodorensis,
614 3440 681 3546 qui
700 3439 858 3519 absolvit
878 3470 967 3519 eum
982 3442 1089 3549 juxta
1107 3441 1302 3548 quoddam
1327 3440 1440 3516 altare
1461 3440 1501 3515 in

82 3570 235 3650 ecelesia
258 3573 445 3651 dictorum
465 3573 622 3650 fratrum
646 3571 1017 3664 Altisiodorensium,
1040 3572 1213 3679 imposita
1233 3570 1304 3648 sibi
1327 3571 1500 3677 peniten-

82 3700 137 3775 cia
147 3702 254 3807 quod
262 3704 452 3810 jejunaret
470 3702 510 3780 in
529 3731 626 3809 pune
646 3720 799 3810 etaqua
819 3702 954 3781 diebus
968 3702 1141 3790 Veneris,
1156 3728 1226 3808 per
1240 3717 1364 3778 totum
1379 3729 1500 3779 unum

83 3856 241 3923 anuum,
265 3849 303 3908 et
321 3833 425 3938 quod
444 3849 628 3937 pasceret,
650 3833 682 3910 si
700 3849 827 3937 posset
844 3831 947 3912 bono
956 3831 1090 3921 modo,
1112 3832 1192 3909 sine
1214 3831 1372 3909 sciencia
1390 3859 1500 3937 supe-

82 3959 228 4037 riorum
249 3989 422 4049 suorum,
445 3989 509 4039 sex
526 3989 711 4069 pauperes
730 3962 859 4040 semel.

138 4090 255 4182 Item,
278 4092 326 4169 ad
355 4119 496 4184 nxxuu,
519 4121 542 4167 v
566 4108 604 4169 et
628 4118 665 4172 vr
696 4093 893 4199 respondit
917 4121 956 4169 se
983 4082 1136 4169 credere
1159 4119 1245 4169 vern
1279 4119 1375 4181 esse,
1397 4093 1506 4197 quod

82 4219 222 4299 fuerint
240 4222 473 4330 negligentes
486 4223 526 4299 in
547 4224 749 4333 cqrigendo
770 4241 808 4302 et
822 4225 861 4301 in
880 4222 1143 4301 denunciando
1163 4221 1339 4300 Ecclesie.
1454 4296 1457 4304 .

138 4353 249 4445 Item,
269 4355 317 4431 de
338 4354 522 4432 contentis
542 4354 581 4429 in
601 4380 720 4431 nxxvu
740 4370 779 4430 et
797 4378 875 4432 suu
890 4353 1148 4460 sequentibus,
1170 4352 1218 4430 de
1238 4351 1354 4429 modo
1374 4380 1500 4459 recep

83 4483 214 4574 olonis,
229 4482 425 4590 respoudit
442 4496 487 4558 ut
501 4510 623 4588 supra.

141 4615 253 4700 ltem,
268 4672 271 4677 -
285 4614 333 4690 nd
360 4640 457 4694 xcvu
490 4613 685 4721 respondit
711 4615 816 4722 quod
846 4614 1067 4693 ellemosinc
1100 4614 1248 4692 luerunt
1273 4631 1430 4692 retracte
1459 4612 1498 4690 in

86 4745 235 4836 ordine,
258 4762 295 4822 et
314 4736 457 4823 videret
475 4745 515 4824 in
535 4746 651 4826 domo
676 4746 724 4824 de
745 4745 869 4847 Salice-
889 4774 1004 4852 super
1026 4749 1168 4823 Yonem
1194 4743 1498 4824 Altisiodorensis
