4080 6052
497 531 693 624 Procas
719 549 814 621 uns
839 548 1139 623 Taurumue.
1453 551 1525 626 uss

113 711 192 772 erat
209 696 333 771 bonus
357 691 601 769 Christianus.
627 692 722 768 ltem
742 688 835 767 dixit
852 717 892 769 se
915 691 1132 798 frequenter
1155 689 1339 766 audivisse
1361 719 1381 765 a
1399 720 1527 797 prece-

112 823 282 930 ptoribus
302 822 379 900 suis
398 821 502 928 quod
521 822 551 899 si
575 820 707 898 [ratres
727 818 999 897 subtrahebant
1017 820 1141 927 aliqua
1165 819 1342 896 debonis
1367 821 1525 910 ordinis,

110 954 167 1029 vel
184 951 451 1060 perpetrabant
476 951 621 1058 aliquos
646 977 815 1029 excessus
839 967 967 1028 contm
990 950 1137 1041 fratres,
1160 967 1198 1026 et
1217 949 1257 1024 in
1278 977 1411 1026 eorum
1431 952 1528 1057 capi-

108 1083 199 1160 tulis
216 1081 473 1188 puniebantur
488 1082 535 1160 de
553 1081 662 1160 dictis
679 1081 905 1170 excessibus,
922 1080 981 1158 vel
995 1080 1221 1158 remitebant
1234 1079 1305 1167 eis,
1327 1106 1404 1155 non
1419 1107 1528 1186 opor·

108 1211 212 1287 tehat
235 1210 341 1316 quod
362 1208 631 1287 confiterentur
651 1209 826 1303 ulterius3
849 1211 929 1319 ipse
945 1227 1073 1287 tamen
1095 1210 1201 1289 testis
1223 1236 1300 1284 non
1320 1225 1528 1312 reputasset

110 1367 150 1415 se
169 1357 322 1445 propter
340 1339 413 1415 hoc
434 1366 455 1414 a
475 1339 634 1443 peccatis
654 1338 887 1428 ahsolutum,
908 1341 1034 1417 statim
1052 1369 1121 1446 pro
1144 1338 1319 1444 professis
1337 1337 1528 1416 habeban-

109 1486 189 1557 tur;
213 1468 457 1546 clamdestine
472 1467 759 1572 recipiebantur,
777 1496 821 1544 ex
835 1496 912 1575 quo
930 1470 1072 1545 audivit
1086 1469 1233 1573 aliquos
1250 1488 1528 1546 murmurantes

109 1616 234 1675 contra
245 1599 419 1676 ordinem
430 1614 515 1702 post
526 1597 786 1703 recepcionem
800 1625 920 1690 suam,
933 1599 1001 1675 sed
1012 1625 1089 1674 non
1108 1615 1206 1674 ante.
1223 1596 1416 1687 Cordulis,
1435 1627 1528 1705 quas

108 1729 337 1834 accipiebant
355 1726 459 1805 unde
476 1725 667 1816 volebant,
689 1726 936 1835 cingebantur
955 1755 1070 1831 super
1085 1727 1269 1819 camisias,
1286 1756 1374 1803 cum
1388 1728 1528 1834 quibus

102 1858 275 1965 jacebant
303 1859 342 1933 in
371 1857 521 1963 signum
552 1855 737 1932 castitatis.
765 1857 836 1932 Per
868 1870 1144 1932 sacramentum
1169 1853 1445 1960 precipiebatur
1473 1859 1527 1934 eis

107 1988 212 2092 quod
238 2015 315 2064 non
346 1986 553 2063 revelarent
577 1984 737 2061 modum
765 1984 994 2091 recepcionis
1018 2013 1150 2062 eorum
1179 2012 1249 2061 nec
1269 2001 1408 2061 secreta
1428 1987 1526 2092 capi-

108 2116 296 2204 tulorum,
317 2117 437 2192 nescit
455 2092 583 2191 tamen
603 2113 764 2219 qualiter
783 2113 942 2193 fuissent
960 2115 1084 2222 puniti
1104 2114 1136 2190 si
1156 2113 1396 2205 revelassent,
1413 2116 1472 2194 vel
1495 2118 1525 2194 si

108 2244 317 2325 uoluissent
335 2245 454 2323 sacere
474 2242 603 2321 illicita
626 2243 850 2348 supradicta.
875 2247 959 2323 Non
978 2243 1221 2322 inhibebatur
1243 2246 1297 2324 eis
1316 2247 1422 2352 quod
1447 2277 1524 2326 non

107 2375 377 2453 confiterentur
405 2376 477 2452 nisi
506 2373 683 2451 iratribus
708 2375 871 2464 ordinis3
900 2351 1029 2451 tamen
1054 2376 1108 2450 eis
1127 2373 1318 2452 dehebant
1338 2376 1521 2454 confiteri.

107 2507 276 2582 Fuerunt
290 2504 521 2614 negligentes
534 2503 623 2611 qnia
640 2531 718 2582 non
734 2519 976 2582 correxerunt
994 2503 1113 2581 dictos
1129 2531 1276 2584 errores
1294 2533 1364 2582 nec
1379 2507 1525 2583 denun-

107 2637 298 2712 ciaverunt
313 2633 488 2711 Ecclesie.
506 2631 660 2711 Audivit
678 2633 753 2712 dici
772 2634 876 2740 quod
895 2634 1042 2711 decima
1056 2663 1141 2740 pars
1153 2635 1259 2741 panis
1273 2663 1388 2741 quem
1399 2665 1524 2716 come·

106 2765 255 2856 debant,
273 2764 435 2842 debebat
450 2763 530 2840 dari
544 2791 672 2841 amore
686 2764 771 2857 Dei,
783 2780 824 2842 et
835 2764 875 2841 in
888 2763 989 2841 dicta
999 2763 1113 2841 domo
1123 2763 1383 2872 d'Oysemont,
1398 2766 1437 2842 in
1450 2796 1523 2874 qua

105 2895 178 2972 luit
200 2911 367 2972 moratus
386 2895 466 3000 ipse
487 2893 594 2970 testis
614 2910 652 2971 et
671 2911 750 2971 erat
763 2912 973 3000 preceptor,
997 2893 1154 2972 dabatur
1176 2913 1214 2973 et
1233 2896 1347 2984 ultra,
1370 2914 1408 2973 et
1425 2896 1522 2975 bene

105 3023 336 3130 hospitalitas
360 3022 573 3100 servabatur
598 3021 754 3101 ibidem.
782 3024 861 3103 Sed
882 3025 1024 3103 audivit
1052 3025 1126 3102 dici
1155 3025 1260 3131 quod
1277 3026 1317 3103 in
1334 3025 1524 3133 aliquibus

105 3152 186 3228 aliis
209 3151 301 3228 locis
326 3151 665 3259 restringebantur3
691 3155 833 3232 audivit
859 3155 933 3233 dici
953 3155 1059 3263 quod
1078 3155 1251 3259 capitulia
1272 3153 1378 3259 clam,
1395 3157 1523 3264 januis

104 3281 256 3370 clausis,
272 3282 509 3368 tenebantur,
525 3298 564 3358 et
574 3282 694 3360 credit
709 3284 813 3391 quod
824 3302 926 3363 totus
942 3284 1037 3363 ordo
1052 3302 1231 3362 servasset
1244 3287 1348 3391 quod
1364 3315 1521 3393 magnus

104 3417 279 3524 Magister
293 3446 381 3494 cum
396 3435 582 3495 conventu
602 3418 804 3497 statuisset.
825 3417 991 3497 Grandia
1010 3419 1181 3496 scandala
1199 3433 1328 3494 contra
1347 3416 1521 3494 ordinem

102 3565 191 3625 sunt
205 3565 330 3626 exorta
344 3565 497 3654 propter
515 3550 695 3655 predicta.
718 3548 850 3628 Credit
868 3549 974 3655 quod
992 3548 1123 3624 multis
1143 3576 1186 3623 ex
1201 3546 1378 3624 fratribus
1398 3564 1521 3624 essent

102 3695 189 3754 nota
208 3678 338 3754 illicita
360 3677 564 3784 dequibus
583 3707 696 3784 supra
710 3677 902 3784 deposuit,
924 3677 1080 3782 etquod
1095 3677 1272 3785 Magister
1290 3694 1328 3756 et
1348 3677 1411 3754 alii
1431 3705 1522 3755 con·

101 3805 188 3882 fessi
218 3808 292 3881 sint
318 3805 384 3882 illa
403 3834 477 3911 que
501 3808 541 3883 in
566 3807 700 3885 litteris
727 3806 939 3914 apostolicis
969 3806 1210 3884 continentur
1236 3835 1300 3886 eos
1332 3807 1519 3886 confessos

102 3934 226 4012 fuisse.

156 4064 371 4174 Requisitus
384 4064 416 4141 si
425 4064 712 4171 sicdeposuerat
725 4092 846 4170 prece,
862 4078 1058 4169 precepto,
1074 4064 1229 4157 timore,
1243 4093 1389 4153 amore,
1410 4065 1516 4155 odio,

99 4196 158 4274 vel
185 4196 385 4303 temporali
411 4196 572 4275 comodo
598 4195 727 4273 habito
753 4195 812 4273 vel
839 4195 1036 4283 habendo,
1062 4196 1257 4302 respondit
1290 4196 1395 4302 quod
1421 4224 1514 4306 non,

100 4328 167 4405 sed
196 4357 265 4433 pro
293 4327 446 4405 veritate
475 4326 651 4417 dicenda3
674 4326 734 4403 cui
754 4325 828 4405 luit
853 4327 1067 4434 injunctum
1093 4355 1162 4433 per
1192 4327 1310 4433 dictos
1341 4326 1517 4406 dominos

99 4457 381 4547 commissarios,
410 4457 451 4535 in
466 4456 601 4534 virtute
616 4457 823 4565 juramenti
841 4455 986 4564 prestiti
1006 4484 1075 4562 per
1094 4455 1292 4548 eumdem,
1314 4457 1419 4564 quod
1438 4485 1516 4536 non

99 4586 280 4664 revelaret
306 4589 404 4666 hanc
425 4578 532 4666 suam
555 4587 835 4693 deposicionem
867 4614 1066 4693 quousque
1096 4586 1355 4666 attestaciones
1374 4587 1516 4666 fuerint

98 4715 299 4822 publicate.
