4080 6052
309 563 381 635 scs
697 541 892 635 rnocns
917 558 1340 634 restauramus.

306 731 387 779 rem
407 719 447 778 et
467 728 599 781 omnes
612 699 744 778 fratres
760 719 921 780 astantes
945 701 985 778 in
1009 727 1076 777 ore
1091 717 1129 777 et
1144 729 1272 778 cruces
1296 700 1575 779 mantellorum
1590 727 1740 780 eorum.

306 833 455 910 Deinde
478 831 652 909 instruxit
678 858 742 909 eos
767 831 872 938 quod
885 832 1055 939 jacerent
1074 859 1161 907 cum
1181 831 1313 938 pannis
1330 830 1456 919 lineis,
1479 858 1563 907 una
1583 832 1739 913 cordula

306 964 433 1050 cincti,
457 980 495 1039 et
513 962 675 1068 qualiter
697 979 871 1072 regerent
893 991 932 1040 se
954 961 996 1039 in
1017 960 1169 1054 ordine,
1188 981 1377 1069 exponens
1392 963 1498 1051 dicto
1517 964 1732 1043 Toussanez

305 1113 399 1200 quot
426 1095 539 1171 Pater
561 1109 675 1171 noster
703 1093 846 1171 diceret
871 1120 942 1200 pro
969 1092 1074 1170 boris
1104 1093 1200 1181 suis,
1226 1110 1265 1172 et
1289 1093 1441 1199 utrique
1470 1119 1584 1170 casus
1609 1091 1731 1199 plures

304 1240 459 1329 propter
473 1251 586 1330 quos,
605 1224 816 1302 seeundum
833 1241 971 1301 statuta
987 1223 1149 1316 ordinis,
1169 1240 1345 1330 poterant
1359 1225 1558 1300 incurrere
1574 1223 1732 1304 diversas

304 1382 430 1460 penas.
448 1356 645 1459 Postque,
664 1354 930 1432 recedentibus
950 1351 1141 1461 aliquibus
1159 1356 1203 1432 ex
1226 1355 1335 1432 dictis
1356 1353 1554 1441 fratribus,
1574 1380 1654 1432 non
1675 1383 1734 1433 re-

305 1486 394 1563 colit
416 1485 571 1591 quibus,
596 1502 634 1561 et
665 1485 747 1561 aliis
771 1484 890 1562 nescit
914 1482 1055 1592 quibus
1085 1484 1202 1562 eciam
1231 1483 1539 1572 remanentibus,
1568 1487 1734 1592 precepit

306 1617 405 1694 dicto
415 1618 626 1694 Toussanez
642 1616 781 1721 primo,
799 1632 838 1693 et
850 1614 1016 1693 secundo
1035 1615 1107 1721 ipsi
1121 1616 1225 1708 testi,
1242 1616 1350 1724 quod
1363 1615 1572 1724 abnegaret
1588 1617 1726 1704 Deum3

306 1764 344 1823 et
367 1775 454 1823 cum
478 1745 547 1850 ipsi
574 1745 853 1850 respondissent
873 1743 977 1852 quod
998 1744 1072 1822 boc
1090 1745 1196 1823 nullo
1216 1745 1332 1823 modo
1356 1743 1538 1836 facerent,
1561 1744 1653 1823 dixit
1670 1747 1727 1824 eis

304 1878 408 1984 quod
423 1878 496 1955 boc
506 1876 709 1983 oportebat
730 1903 795 1952 eos
808 1873 948 1968 facere,
965 1874 1056 1983 quia
1074 1875 1148 1953 hoc
1171 1892 1249 1953 crat
1269 1875 1318 1951 de
1338 1875 1492 1981 punctis
1512 1874 1671 1965 ordinis3
1688 1891 1729 1954 et

304 2008 406 2084 flevit
418 2007 541 2083 dictus
554 2022 742 2110 receptor,
757 2020 794 2080 et
810 2003 903 2080 dixit
913 2003 1022 2111 quod
1036 2005 1283 2082 bocmultum
1299 2003 1526 2110 displicebat
1540 2004 1630 2114 sibi,
1646 2006 1732 2112 quia

301 2136 519 2247 toportebat
545 2133 630 2212 fieri
655 2133 880 2240 supradicta,
904 2151 942 2212 et
968 2135 1074 2242 quod
1101 2135 1329 2245 abnegarent
1355 2162 1421 2213 ore
1444 2162 1527 2213 nou
1546 2135 1679 2225 corde;
1695 2151 1733 2213 et

318 2298 391 2348 unc
413 2267 535 2344 dictus
554 2267 737 2342 Tossaner
760 2263 901 2370 primo,
930 2284 968 2343 et
987 2263 1232 2371 postmodum
1248 2264 1328 2370 ipse
1353 2265 1478 2353 testis,
1504 2265 1680 2345 dolentes
1698 2283 1732 2344 et

303 2404 450 2485 flentes,
463 2396 741 2503 abnegaverunt
753 2395 880 2474 Deum
895 2422 961 2473 ore
978 2422 1056 2473 non
1072 2395 1198 2474 corde.
1214 2394 1363 2474 Deinde
1378 2396 1551 2502 precepit
1563 2396 1620 2474 eis
1631 2395 1731 2504 quod

302 2546 482 2638 spuerent
499 2543 633 2605 contra
651 2526 866 2634 ymaginem
890 2523 1067 2604 Cruoilixi
1093 2526 1279 2631 depictam
1299 2527 1340 2602 in
1365 2525 1469 2602 dicto
1495 2526 1598 2605 libro
1623 2553 1730 2633 super

303 2689 419 2769 quem
430 2659 636 2767 juraverat,
655 2655 761 2763 quod
771 2656 847 2733 boo
860 2672 941 2735 erut
955 2656 1073 2733 eciam
1092 2655 1140 2733 de
1154 2655 1306 2763 punctis
1320 2655 1488 2748 ordinis,
1506 2674 1546 2735 et
1557 2673 1648 2734 tunc
1660 2656 1728 2762 ipsi

302 2806 487 2896 spuerunt
503 2788 707 2865 interram.
721 2786 855 2863 Postea
867 2783 1098 2863 dixiteidem
1111 2784 1199 2863 testi
1215 2800 1254 2862 et
1268 2785 1385 2862 eciam
1402 2785 1509 2864 dicto
1519 2790 1723 2864 Toussanea

303 2920 409 3025 quod
422 2919 452 2996 si
469 2932 595 2996 essent
613 2916 653 2992 in
667 2915 752 2994 loco
773 2914 812 2993 iu
828 2942 905 3024 quo
920 2913 1105 2993 haberent
1116 2913 1312 3022 penuriam
1328 2914 1533 3006 lectorum,
1548 2917 1653 3024 quod
1665 2945 1724 2993 re·

305 3048 525 3155 colligerent
536 3044 628 3123 alios
640 3044 771 3123 fratres
783 3046 823 3123 in
836 3046 943 3124 lectis
959 3045 1054 3136 suis3
1071 3044 1138 3124 sed
1153 3073 1232 3124 non
1246 3046 1520 3125 intellexerunt
1533 3048 1611 3154 ipse
1623 3047 1724 3125 testis

304 3196 342 3254 et
370 3165 491 3253 dictus
515 3175 726 3252 Toussanea
752 3176 896 3282 aliquid
923 3175 1066 3254 malum
1092 3175 1149 3253 vel
1174 3176 1421 3254 inhonestum
1446 3204 1492 3253 ex
1521 3178 1622 3255 dicto
1648 3205 1728 3282 pre·

305 3322 423 3411 cepto.
443 3305 576 3381 Postea
595 3305 762 3410 precepit
778 3305 899 3382 eidem
915 3307 1002 3386 testi
1019 3306 1125 3413 quod
1141 3306 1373 3384 oscularetur
1389 3336 1477 3385 eum
1492 3307 1564 3385 sub
1576 3325 1726 3413 pectore

304 3465 415 3542 supra
430 3451 567 3525 vestes,
583 3452 620 3511 et
636 3434 707 3511 fuit
723 3463 811 3512 eum
827 3436 1033 3525 osculatus,
1048 3438 1116 3515 sed
1131 3438 1249 3515 nescit
1264 3438 1295 3514 si
1310 3438 1432 3515 dictus
1444 3442 1657 3515 Toussanez
1669 3465 1726 3513 os·

304 3563 447 3643 culatus
464 3566 536 3642 suit
555 3593 642 3642 eum
663 3565 703 3641 in
724 3566 824 3643 dicto
846 3566 943 3644 loco.
964 3566 1045 3644 Alia
1067 3568 1266 3646 inhonesta
1286 3598 1364 3646 non
1384 3572 1661 3645 intervenerunt
1681 3568 1721 3640 in

304 3696 587 3802 recepcionibus
606 3696 839 3801 supradictis.
857 3698 1073 3802 Requisitus
1092 3699 1121 3775 si
1140 3699 1209 3775 scit
1225 3700 1283 3777 vel
1303 3700 1424 3777 credit
1435 3697 1537 3804 quod
1552 3696 1723 3803 predicta

304 3826 432 3903 illicita
451 3825 720 3902 intervenirent
741 3827 780 3902 in
800 3828 1085 3933 recepcionibus
1104 3828 1277 3922 aliorum,
1299 3829 1495 3936 respondit
1513 3857 1551 3905 se
1571 3828 1725 3905 credere

304 3956 407 4065 quod
420 3957 483 4044 sic,
499 3956 586 4063 quia
595 3956 689 4033 vidit
698 3958 864 4063 predicta
879 3958 1007 4036 illicita
1019 3958 1115 4047 lieri,
1133 3977 1170 4036 et
1185 3960 1340 4038 modum
1353 3961 1420 4067 qui
1430 3976 1599 4036 servatus
1608 3958 1727 4035 luerat

303 4089 341 4164 in
361 4089 578 4194 recepcione
596 4117 663 4164 sua
678 4106 716 4165 et
729 4089 818 4165 dicti
833 4091 1043 4167 Toussanez
1059 4092 1193 4167 servari
1212 4091 1251 4166 iu
1268 4090 1555 4196 recepcionibus
1571 4088 1723 4168 fratrum

303 4218 499 4296 Guillelmi
516 4219 721 4326 presbyteri
738 4219 929 4324 quondam
948 4221 1063 4297 curati
1082 4220 1129 4297 de
1143 4221 1223 4298 Lati
1241 4221 1530 4299 Silvaneetansis
1549 4221 1720 4310 diocesis,

304 4348 603 4426 etAnricisratris
615 4348 949 4456 carnalisejusdem
960 4350 1152 4440 Guillemi,
1165 4353 1232 4458 qui
1243 4350 1356 4429 simul
1367 4353 1510 4459 recepti
1523 4352 1722 4430 sueruntin

303 4478 400 4555 dicta
415 4479 573 4586 capella,
591 4508 659 4585 per
673 4478 816 4556 dictum
836 4478 988 4559 fratrem
1004 4481 1263 4587 Radulphum,
1278 4482 1345 4557 diu
1360 4499 1445 4587 post
1464 4484 1721 4589 recepcionem

304 4606 420 4712 ipsius
435 4610 556 4698 testis,
574 4637 650 4685 non
664 4607 796 4686 recolit
809 4626 934 4687 tamen
951 4608 998 4690 de
1013 4629 1202 4719 tempore;
1220 4628 1258 4688 et
1273 4610 1429 4688 suerunt
1441 4630 1640 4717 presentes
1656 4612 1721 4688 sra-

306 4752 379 4811 tres
396 4738 581 4814 Robertus
595 4740 630 4815 le
643 4741 788 4847 Brioys,
805 4743 910 4822 testis
922 4771 1032 4849 supra
1048 4726 1293 4836 examinatus,
1310 4762 1400 4821 tunc
1415 4761 1618 4851 preceptor
1630 4743 1718 4820 dicte

305 4868 462 4954 domus,
489 4867 607 4943 etalii
633 4868 681 4944 de
702 4898 867 4975 quorum
886 4875 1107 4954 nominibus
1132 4902 1208 4952 non
1228 4874 1455 4952 recordatur.
1477 4875 1587 4954 Vidit
1610 4875 1715 4952 eciam
