4080 6052
306 539 351 607 ra
688 514 884 608 rences
908 529 1004 604 oss
1027 524 1333 601 rennuens.

357 674 486 749 Frater
507 671 696 750 lohannes
715 671 907 751 Bochandi
931 669 1153 747 Pieravensis
1171 666 1332 744 diocoeis
1355 667 1552 771 respondit
1569 687 1610 747 et
1631 671 1726 750 dixit

302 803 407 911 quod
424 830 569 908 pauper
585 803 703 880 homo
723 821 781 880 est
801 819 840 878 et
858 829 936 878 non
956 815 1084 905 posset
1103 795 1324 888 defendere,
1347 796 1416 873 sed
1435 798 1509 874 erit
1526 818 1726 880 contentus

304 932 352 1011 de
375 934 450 1010 hoc
468 932 574 1038 quod
592 933 767 1038 Magister
786 929 905 1007 faciet

358 1063 488 1138 Frater
519 1063 683 1139 Thomas
702 1061 765 1138 'de
798 1059 956 1138 Camino
989 1057 1299 1165 Rothomagensis
1334 1057 1496 1136 diocesis
1530 1061 1726 1166 respondit

303 1192 409 1297 quod
430 1220 574 1297 pauper
591 1191 708 1268 homo
728 1207 786 1269 est
804 1207 843 1266 et
864 1217 941 1266 non
963 1205 1092 1292 posset
1111 1187 1332 1279 defendere,
1357 1189 1427 1266 sed
1450 1187 1628 1268 defendat
1645 1193 1724 1269 Ma·

303 1321 429 1428 gister,
450 1321 482 1396 si
505 1319 602 1409 vult,
627 1319 717 1425 qnia
735 1318 785 1395 de
803 1318 879 1395 hoc
893 1317 1001 1424 quod
1019 1318 1099 1423 ipse
1124 1314 1235 1393 faciet
1255 1335 1312 1394 est
1334 1335 1543 1396 contentus.

359 1452 488 1527 Frater
513 1451 703 1527 lohannes
721 1449 758 1526 le
777 1447 1024 1556 Bergonhons
1046 1447 1293 1554 lingonensis
1320 1447 1497 1539 diocesis,
1522 1450 1562 1525 in
1593 1450 1726 1529 habitu

303 1578 432 1684 laycali
465 1579 643 1669 existens,
668 1578 761 1655 dixit
787 1577 892 1684 quod
913 1605 991 1654 non
1020 1576 1102 1653 vult
1127 1575 1332 1654 defendere
1362 1577 1507 1654 dietum
1533 1579 1723 1669 ordinem,

303 1708 408 1814 quia,
430 1723 632 1813 antequam
649 1707 853 1814 Templnrii
874 1723 1000 1785 essent
1020 1707 1135 1812 eapti,
1163 1708 1424 1812 apostiteverat
1448 1707 1549 1785 bene
1570 1737 1640 1815 per
1662 1737 1726 1784 an-

309 1865 423 1928 num,
443 1854 597 1943 propter
615 1838 816 1944 quamdam
835 1837 1048 1915 mulierem.

361 1970 489 2045 Frater
513 1969 740 2045 laurencius
763 1969 911 2046 Baciein
933 1967 1157 2044 Pietavensis
1185 1967 1345 2046 diocesis
1375 1966 1470 2045 dixit
1486 1967 1592 2074 quod
1610 1967 1728 2046 liben-

306 2115 365 2173 ter
394 2097 615 2175 defenderet
640 2099 782 2174 dictum
814 2098 1004 2185 ordinem,
1031 2098 1063 2173 si
1089 2115 1231 2201 posset,
1265 2099 1334 2175 sed
1361 2125 1437 2175 non
1463 2097 1579 2175 habet
1603 2099 1724 2187 unde,

309 2243 463 2333 propter
482 2226 588 2333 quod
606 2228 787 2334 relinquit
807 2227 1015 2305 defensioni
1037 2229 1279 2332 superiorum
1296 2256 1463 2306 suornm.

363 2359 491 2434 Frater
513 2355 639 2434 Guido
666 2356 714 2433 de
739 2355 860 2434 Gorso
877 2356 1153 2434 Lemovieensis
1177 2357 1337 2434 diocesis
1360 2357 1457 2433 dixit
1478 2358 1585 2463 quod
1608 2357 1729 2435 liben-

307 2505 366 2563 ter
384 2486 619 2579 defenderet,
635 2489 828 2592 siposset,
843 2485 912 2565 sed
929 2515 1006 2563 non
1026 2486 1141 2564 habet
1161 2487 1209 2564 de
1228 2516 1318 2594 quo,
1342 2505 1383 2566 et
1401 2487 1583 2594 relinquit
1600 2487 1729 2566 defen-

310 2617 406 2694 sioni
426 2617 603 2721 Magistri.

365 2747 494 2821 Frater
514 2744 702 2821 Johannes
724 2744 771 2822 de
789 2745 933 2823 Anonia
950 2746 1227 2825 Cameracensis
1244 2748 1404 2826 diosmis
1421 2749 1515 2825 dixit
1529 2749 1636 2856 quod
1651 2749 1729 2826 vult

312 2870 513 2946 defendere
533 2899 604 2948 suo
622 2900 741 2977 posse.

367 3001 494 3076 Frater
525 3002 736 3107 Stephanus
769 3005 816 3080 de
845 3007 986 3082 Lamon
1014 3008 1288 3085 lemovicensis
1314 3008 1475 3087 diocesis
1504 3008 1596 3084 dixit
1624 3010 1729 3115 quod

312 3157 388 3206 non
407 3148 529 3235 potest
547 3133 749 3211 defendere
768 3135 952 3242 quamdiu
971 3155 1027 3214 est
1045 3155 1190 3244 eaptus,
1211 3137 1280 3215 sed
1297 3140 1330 3216 si
1355 3156 1453 3217 esset
1470 3138 1579 3230 liber,
1602 3137 1731 3216 defen-

316 3258 424 3337 deret
441 3290 511 3339 suo
529 3292 650 3369 posse.

368 3392 494 3469 Frater
516 3394 556 3469 P.
583 3394 764 3502 Raynardi
790 3396 1010 3473 Pietavensis
1034 3396 1194 3474 diocesis
1216 3398 1397 3506 relinquit
1420 3396 1628 3476 defensioni
1654 3399 1731 3474 Ma-

339 3535 434 3593 astri.

315 3548 338 3623 g
369 3648 497 3724 Frater
515 3648 740 3731 Guillelmus
759 3656 946 3734 Bonamor
959 3655 1195 3734 Caturcensis
1218 3658 1376 3736 diocesis
1397 3653 1577 3761 relinquit
1599 3654 1731 3732 defen-

314 3777 409 3855 sioni
430 3778 616 3886 majorum
636 3784 788 3861 ordinis.

368 3909 496 3986 Frater
518 3911 705 3989 lohannes
732 3913 779 3990 de
803 3915 956 3993 Bisonio
973 3917 1216 3997 Bituricensis
1234 3917 1392 3997 diocesis
1410 3917 1505 3996 dixit
1528 3920 1636 4026 qnod
1654 3922 1733 3998 vult

315 4038 515 4119 defendere
536 4072 606 4121 suo
625 4072 746 4149 posse.

369 4169 497 4247 Frater
513 4174 725 4281 Stephanus
742 4175 886 4284 Anglici
903 4178 1125 4257 Pictavensis
1142 4177 1302 4259 diocesis
1319 4180 1499 4287 relinquit
1523 4178 1730 4258 defensioni

314 4297 478 4406 Magistri
498 4304 654 4400 ordinis,
671 4310 761 4414 quia
773 4327 943 4416 tempore
962 4312 1147 4418 capcionis
1165 4309 1322 4388 liatmm
1339 4337 1416 4388 non
1435 4308 1559 4387 fuerat
1574 4312 1614 4388 in
1632 4312 1733 4389 dicto

316 4429 445 4508 ordine
466 4435 537 4513 nisi
557 4466 624 4541 per
644 4439 741 4517 duos
760 4467 887 4515 annos.

370 4561 497 4637 Frater
520 4565 735 4668 Aymerieus
759 4569 1000 4646 Chamerlent
1027 4570 1300 4648 Lemovicensis
1328 4569 1487 4646 diocesis
1512 4569 1606 4648 dixit
1628 4572 1735 4679 quod

316 4710 391 4760 non
413 4688 493 4764 vult
512 4690 729 4788 defendere,
746 4699 823 4776 imo
842 4697 923 4776 vult
941 4717 1036 4776 stare
1056 4700 1279 4779 confessioni
1293 4699 1387 4799 facte
1406 4729 1475 4806 per
1495 4729 1583 4778 eum
1608 4727 1733 4778 coram

317 4812 471 4917 domino
490 4818 598 4924 Pape.
