4080 6052
318 553 391 623 sse
703 531 900 625 raoots
926 552 1020 623 nus
1046 552 1345 624 reuertens.

316 719 397 780 eos,
420 706 457 766 et
476 688 600 796 primo
620 691 669 768 ad
684 692 827 797 primos
848 707 937 783 uret,
961 710 1004 767 ut
1024 693 1195 798 sequitur
1215 723 1222 767 :
1243 693 1385 770 scilicet
1401 719 1440 768 se
1460 719 1665 798 nunquam
1686 694 1743 770 in-

313 820 487 899 terfuisse
502 823 713 928 recepcioni
734 823 890 929 alicujus
906 823 1058 899 alterius
1074 822 1195 899 fratris
1214 851 1284 898 nec
1304 822 1476 928 capitulis
1491 850 1646 914 eorum3
1664 823 1741 928 ipse

314 970 440 1029 tamen
460 969 632 1059 receptus
652 952 774 1030 luerat
793 954 831 1029 in
852 953 954 1029 bunc
977 954 1153 1030 modum:
1174 980 1261 1030 nam
1285 981 1373 1028 cum
1394 951 1653 1057 requisivisset
1676 981 1740 1059 pa·

314 1110 402 1160 nem
418 1101 455 1160 et
474 1110 610 1188 aquam
626 1111 650 1160 a
661 1084 773 1160 fratre
788 1082 958 1161 Nauiello
974 1083 1022 1160 de
1036 1084 1169 1175 Belua,
1184 1083 1379 1190 quondam
1393 1100 1635 1188 preceptore,
1649 1100 1738 1159 tuuc

314 1214 451 1290 domus
464 1214 615 1320 Templi
633 1217 680 1292 de
698 1216 915 1321 Fonteuayo
932 1214 1090 1291 diocesis
1107 1215 1371 1320 lingonensis,
1394 1214 1500 1290 {lexis
1509 1212 1687 1318 genibus,
1699 1231 1737 1291 et

313 1343 377 1419 ille
396 1344 652 1449 respondisset
671 1345 775 1450 quod
795 1372 968 1450 maguam
988 1372 1069 1420 rem
1086 1344 1253 1449 petebat,
1273 1345 1362 1450 quia
1380 1361 1542 1449 poneret
1565 1342 1736 1421 volunta·

312 1488 391 1548 tem
426 1500 532 1549 suam
564 1474 603 1551 in
633 1474 807 1562 alienam,
830 1490 870 1550 et
889 1475 1042 1580 quando
1076 1473 1246 1551 crederet
1278 1473 1465 1565 dormire,
1481 1471 1669 1578 vigilarcb,
1700 1490 1736 1550 et

311 1601 465 1707 quando
478 1603 648 1681 crederet
658 1602 822 1709 vigilare,
840 1603 1039 1704 dormiret,
1061 1604 1195 1708 etipse
1215 1603 1370 1680 instaret
1387 1629 1457 1708 pro
1475 1602 1573 1679 dicta
1589 1630 1659 1679 sua
1677 1631 1735 1678 re-

314 1733 490 1837 cepcione
511 1750 549 1809 et
567 1734 706 1811 iterum
721 1735 874 1811 dixisset
891 1734 998 1840 quod
1016 1734 1115 1817 bene
1136 1734 1376 1821 deliberaret,
1398 1731 1558 1811 finaliter
1572 1761 1658 1809 cum
1674 1760 1735 1810 es-

313 1862 454 1939 sentin
471 1863 610 1968 capella
627 1864 724 1941 dicte
745 1865 900 1953 domus,
920 1864 1044 1941 dictus
1066 1881 1264 1970 preceptor
1290 1863 1431 1968 recepit
1454 1882 1545 1940 eum
1564 1881 1602 1951 et
1617 1863 1732 1940 tradi-

314 1990 369 2067 dit
392 1990 464 2069 sibi
487 1993 710 2069 mantellum
734 1993 893 2081 ordinis,
916 2009 953 2069 et
977 1993 1049 2070 luit
1069 2022 1157 2069 eum
1178 1992 1366 2070 osculatus
1385 1992 1425 2066 in
1446 2020 1530 2079 ore,
1547 2009 1587 2071 et
1605 1990 1733 2070 fratres

313 2138 485 2215 astantes,
502 2123 642 2199 scilicet
654 2119 882 2230 Hymbertus
896 2123 1057 2212 Picardi,
1072 2123 1262 2201 lohannes
1278 2121 1325 2198 de
1341 2123 1499 2200 Divione
1520 2139 1560 2199 et
1578 2122 1731 2229 Stepha-

239 2237 247 2251 ’
311 2278 383 2327 nus
398 2251 445 2328 de
460 2250 696 2343 Chambleis,
715 2254 780 2359 qui
796 2254 988 2332 lohannes
1003 2270 1042 2330 et
1060 2254 1273 2358 Stephanus
1289 2270 1378 2329 sunt
1392 2251 1551 2341 mortui3
1573 2270 1729 2360 postque

311 2383 409 2458 vovit
421 2401 459 2460 et
466 2383 729 2491 juravit'super
741 2385 943 2490 quemdam
953 2384 1095 2462 librum
1111 2385 1316 2461 castitatem
1329 2401 1367 2461 et
1379 2382 1644 2462 obedienciam
1658 2383 1730 2460 suis

311 2509 587 2619 superioribus,
608 2516 729 2591 vivere
751 2516 833 2592 sine
848 2517 1003 2621 proprio
1019 2533 1057 2591 et
1071 2543 1215 2592 servare
1233 2531 1375 2592 secreta
1392 2514 1554 2605 ordinis,
1572 2531 1729 2620 postque

313 2643 434 2723 dictus
443 2644 556 2722 frater
567 2633 756 2723 Jobannes
765 2645 1181 2751 apportavitquamdam
1190 2645 1559 2753 crucemligneamin
1569 2673 1644 2751 qua
1657 2660 1731 2723 erat

311 2773 455 2878 depicta
467 2776 590 2881 imago
605 2776 794 2863 Crucifixi,
809 2804 923 2881 quam
934 2775 1062 2881 posuit
1071 2804 1186 2880 super
1199 2792 1356 2862 terram,
1372 2792 1409 2851 et
1424 2775 1546 2852 dictus
1559 2791 1730 2879 receptor
1765 2756 1769 2768 ¹

311 2905 477 3008 precepit
489 2905 524 2980 ei
535 2905 640 3010 quod
649 2923 803 3010 spueret
813 2934 927 3010 super
937 2905 1074 2980 dictam
1090 2933 1255 2995 crucem,
1269 2904 1316 2981 de
1332 2933 1409 3011 quo
1423 2902 1496 2999 luit
1507 2902 1676 2980 turbatus
1690 2921 1728 2979 et

311 3031 465 3109 finxitse
477 3063 611 3139 spuere
624 3064 842 3140 supeream,
858 3035 1012 3112 sednon
1024 3035 1126 3140 spuit
1140 3063 1251 3141 supra
1266 3035 1333 3110 sed
1340 3036 1444 3142 juxta
1452 3062 1553 3121 eam;
1563 3033 1729 3140 precepit

311 3161 428 3237 eciam
448 3162 482 3238 ei
503 3164 607 3269 quod
628 3163 860 3239 oscularetur
878 3165 1001 3269 ipsum
1018 3164 1056 3239 in
1073 3193 1161 3252 ano,
1180 3182 1217 3239 et
1232 3164 1310 3268 ipse
1330 3163 1463 3240 levavit
1483 3164 1612 3240 eidem
1631 3190 1729 3240 rece·

310 3291 408 3394 ptori
428 3309 547 3369 vestes
569 3311 606 3367 et
625 3291 732 3367 linxit
748 3323 787 3368 se
809 3292 965 3368 osculari
987 3320 1076 3369 eum
1096 3323 1224 3370 versus
1242 3292 1426 3381 braccale3
1449 3311 1578 3399 postea
1602 3322 1728 3399 prece·

309 3422 364 3525 pit
384 3423 417 3497 ei
439 3425 542 3530 quod
560 3423 759 3530 abnegaret
776 3419 917 3512 Deum,
946 3441 983 3499 et
1007 3425 1154 3530 negavit
1170 3452 1251 3512 ore,
1274 3453 1350 3501 uon
1371 3426 1499 3511 corde,
1522 3425 1608 3529 quia
1633 3424 1727 3499 dixit

311 3551 342 3625 ei
378 3571 548 3659 receptor
577 3554 681 3659 quod
713 3554 880 3659 predicta
914 3571 1019 3629 erant
1049 3554 1095 3628 de
1126 3553 1310 3659 preceptis
1335 3555 1490 3639 ordinis,
1517 3529 1725 3658 dequibus

306 3680 378 3758 luit
398 3684 476 3789 ipse
497 3685 602 3760 testis
624 3685 729 3760 valde
749 3683 938 3775 turbatus,
956 3701 1000 3761 ut
1015 3684 1123 3770 dixit,
1146 3701 1184 3759 et
1203 3683 1396 3761 maluisset
1410 3703 1499 3761 tunc
1519 3711 1598 3761 esse
1613 3683 1723 3789 longe

307 3840 375 3914 per
401 3840 445 3889 ru.
469 3811 594 3889 leucas
618 3844 731 3919 quam
756 3814 827 3902 ibi,
854 3831 890 3889 et
916 3813 1078 3891 libenter
1103 3832 1237 3890 extunc
1262 3814 1433 3891 exivisset
1457 3815 1546 3891 inde
1567 3815 1606 3891 in
1631 3844 1724 3891 cras-

306 3940 446 4032 tinum,
469 3945 499 4021 si
518 3972 631 4020 ausus
646 3942 792 4034 luisset,
816 3961 853 4019 et
873 3942 995 4019 luerat
1008 3961 1180 4049 receptus
1195 3959 1280 4018 ante
1299 3944 1468 4034 missam,
1486 3943 1528 4019 in
1542 3942 1638 4021 lesto
1655 3946 1723 4021 An·

306 4071 561 4149 nunciacionis
579 4071 688 4149 beate
711 4073 843 4160 Marie,
867 4090 979 4149 erunt
998 4073 1144 4149 circiter
1163 4072 1331 4149 truanni.

363 4202 468 4289 ltem,
486 4202 532 4278 de
549 4202 733 4278 contentis
753 4202 791 4277 iu
809 4220 915 4280 vetr
934 4203 1195 4308 sequentibus,
1216 4202 1263 4278 de
1285 4201 1622 4307 dogmatizacioue‚
1643 4232 1723 4281 con-

307 4330 517 4411 culcacione
540 4333 659 4409 crucis
685 4349 722 4408 et
746 4349 844 4418 cato,
866 4334 1060 4437 respondit
1080 4361 1119 4409 se
1140 4332 1254 4409 nichil
1281 4331 1372 4406 scire
1398 4331 1469 4407 nisi
1490 4333 1598 4437 quod
1618 4362 1720 4438 supra

307 4460 491 4566 deposuit.

362 4593 474 4678 ltem,
497 4594 544 4668 ad
559 4619 618 4670 rvr
635 4611 672 4668 et
686 4619 757 4670 xvu
775 4611 993 4700 sequentes,
1016 4594 1063 4670 de
1079 4596 1334 4686 sacramentis,
1356 4608 1539 4699 potestate
1562 4592 1719 4699 Magistri

306 4733 344 4793 et
371 4719 523 4804 osculis,
541 4721 736 4825 respondit
752 4751 791 4798 se
812 4721 910 4798 bene
932 4722 1085 4799 credere
1107 4723 1362 4799 ecclesiasticis
1378 4725 1639 4815 sacramentis,
1659 4749 1720 4797 ne·

181 4887 183 4892 ⁷
302 4847 423 4924 s'ciens
442 4849 472 4924 si
488 4849 549 4926 alii
561 4850 777 4939 credebant,
800 4880 871 4927 uec
883 4853 1059 4931 credebat
1077 4854 1183 4960 quod
1203 4853 1296 4962 layci
1313 4872 1467 4960 possent
1485 4855 1673 4933 absolvere
1701 4882 1720 4926 a
