4080 6052
518 535 587 608 ua
899 520 1094 612 Procas
1122 536 1216 610 ons
1242 538 1543 613 rnurmsos.

442 678 446 683 ’
512 677 624 752 vitam
645 692 683 753 et
702 703 832 781 operas
856 677 1129 782 possideamus,
1150 703 1219 782 per
1242 704 1357 781 quem
1383 676 1431 753 ad
1455 675 1590 783 gaudia
1608 674 1768 780 paradisi
1789 679 1931 781 perdu-

513 834 642 883 camur
660 833 728 911 per
746 806 941 884 Christum
960 807 1169 885 Dominum
1188 823 1372 884 nostrum.
1392 806 1527 887 brnen.

569 937 818 1043 Omnipotens
848 938 1074 1043 sempiterne
1107 938 1226 1025 Deus,
1252 938 1318 1043 qui
1351 937 1505 1016 beatum
1533 936 1756 1042 Georgium,
1781 938 1929 1045 justum

512 1068 671 1145 militem
692 1085 730 1144 ct
746 1085 915 1151 sanctum
935 1067 1126 1144 martirem
1145 1084 1272 1156 tuum,
1292 1067 1527 1158 illuminasti,
1547 1084 1586 1143 et
1604 1067 1765 1144 docuisti
1786 1070 1842 1171 (et
1858 1069 1929 1146 sibi

513 1197 620 1274 dedis
648 1196 822 1273 virtutem
848 1215 886 1274 et
909 1198 1085 1304 graciam)
1109 1225 1284 1302 passuros
1307 1196 1477 1274 martires
1501 1213 1539 1273 et
1558 1197 1747 1301 passiones
1765 1198 1926 1303 placere,

512 1352 626 1431 quem
644 1326 691 1401 de
707 1342 828 1401 morte
841 1326 1040 1415 suscitasti,
1057 1326 1096 1401 in
1113 1353 1228 1430 quern
1245 1325 1430 1404 habemus
1444 1355 1616 1432 magnam
1635 1325 1827 1417 fiduciam,
1849 1330 1930 1436 ejus

513 1482 638 1535 arnore
660 1473 697 1532 et
714 1455 823 1533 beate
848 1456 1027 1561 gloriosse
1052 1456 1203 1562 virginis
1227 1456 1360 1549 Marie,
1381 1457 1611 1535 sanctissime
1635 1458 1763 1535 matris
1786 1475 1868 1549 tue,
1890 1460 1929 1536 in

512 1585 618 1693 cujus
637 1585 782 1664 honore
801 1584 873 1661 fuit
890 1584 984 1662 facta
1004 1603 1042 1661 et
1058 1583 1213 1663 fundata
1230 1586 1361 1692 religio
1381 1605 1523 1675 nostra,
1545 1615 1613 1663 nos
1631 1605 1670 1663 et
1688 1587 1825 1665 dietam
1844 1589 1931 1667 reli-

511 1717 662 1822 gionem
690 1715 828 1793 liberes
852 1732 891 1792 et
915 1742 1125 1806 conserves,
1147 1733 1191 1792 ut
1209 1733 1293 1793 vota
1316 1734 1442 1794 nostra
1466 1732 1504 1795 et
1522 1717 1694 1796 mandata
1714 1735 1778 1794 tua
1797 1719 1837 1795 in
1856 1721 1929 1798 hu-

512 1846 667 1923 militate
686 1862 899 1938 teneamus,
921 1862 959 1921 ct
981 1845 1093 1922 vitam
1118 1845 1391 1950 possideamus,
1409 1874 1479 1953 per
1497 1875 1611 1952 quem
1637 1848 1683 1924 ad
1708 1849 1841 1954 gaudia
1863 1877 1928 1953 pa-

512 1977 623 2054 radisi
641 1978 835 2082 pervenire
851 1975 1053 2067 valeamus,
1071 1975 1137 2081 qui
1153 1975 1243 2052 vivis
1259 1994 1298 2053 et
1312 2004 1445 2083 regnas
1458 1978 1562 2054 Deus
1578 2005 1647 2082 per
1664 1978 1790 2055 omnia
1805 1980 1928 2056 secula

512 2104 738 2181 seculorum.
760 2103 894 2182 Amen.

568 2234 795 2313 Protestatus
825 2252 951 2311 tamen
979 2234 1052 2313 fuit
1074 2235 1177 2313 idem
1201 2234 1314 2313 frater
1337 2237 1461 2314 Helias
1481 2236 1528 2314 de
1549 2235 1649 2314 falsis
1669 2238 1928 2317 Latinitatibus

512 2393 587 2470 que
621 2382 726 2442 erant
759 2365 798 2440 in
837 2364 934 2447 dicta
967 2365 1116 2454 cedula,
1149 2394 1283 2472 rogans
1317 2394 1386 2445 nos
1422 2366 1586 2445 notarios
1619 2384 1662 2443 ut
1693 2395 1735 2444 ea
1769 2370 1929 2475 corrige-

513 2522 652 2574 remus.

567 2628 696 2702 Frater
713 2645 840 2703 autern
857 2629 1029 2705 Matheus
1048 2628 1096 2702 de
1114 2627 1296 2730 Stangno‚
1317 2626 1382 2728 qui
1403 2652 1480 2702 non
1498 2643 1555 2701 est
1571 2626 1618 2701 de
1636 2653 1795 2705 numero
1814 2629 1932 2704 dicto-

513 2783 598 2830 rum
622 2756 750 2861 viginti
776 2754 948 2840 fratrum,
970 2780 1040 2829 nec
1060 2753 1155 2830 dicta
1177 2734 1237 2829 die
1258 2749 1383 2830 Sabati
1408 2754 1530 2830 fuerat
1548 2754 1586 2828 in
1605 2752 1778 2828 viridario
1799 2782 1931 2857 supra-

514 2883 630 2971 dicto,
653 2882 746 2991 dirit
763 2884 803 2958 in
823 2882 1014 2988 presencia
1033 2899 1158 2960 nostra
1177 2882 1282 2986 quod
1306 2883 1384 2987 ipse
1410 2882 1645 2987 relinquebat
1668 2881 1845 2986 Magistro
1871 2912 1932 2960 or-

514 3010 612 3088 dinis
641 3011 800 3117 predicti
832 3011 1091 3088 defensionem
1117 3011 1303 3118 ejusdem,
1331 3012 1419 3089 licet
1443 3012 1596 3089 dixisset
1620 3040 1745 3088 coram
1767 3014 1930 3089 dominis

514 3140 775 3220 commissoriis
794 3170 833 3218 se
853 3142 948 3218 velle
968 3140 1172 3218 defendere
1193 3142 1365 3219 ordinem
1385 3142 1651 3247 supradictum.

569 3272 681 3360 Item,
697 3270 828 3347 eadem
848 3271 909 3347 dic
924 3271 1117 3363 Mercurii,
1134 3272 1173 3346 in
1189 3271 1285 3347 dicta
1297 3271 1411 3347 domo
1426 3290 1548 3349 sancte
1559 3271 1762 3360 Genevefe,
1778 3271 1929 3351 fuerunt

515 3403 728 3510 interrogati
745 3431 813 3508 per
833 3431 917 3494 nos,
936 3403 1034 3479 sicut
1050 3402 1110 3477 alii
1129 3430 1256 3507 supra,
1276 3420 1419 3508 septem
1442 3403 1572 3478 fratres
1596 3404 1734 3480 milites
1759 3404 1847 3481 dicti
1872 3434 1930 3481 or-

516 3533 628 3625 dinis,
649 3533 821 3611 videlicet
848 3534 979 3609 fratres
1002 3532 1231 3610 Guillelmus
1252 3534 1298 3607 de
1324 3532 1602 3621 Chambonnet,
1630 3535 1860 3613 Bertrandus
1883 3537 1928 3611 dc

515 3661 630 3757 Bord,
656 3663 884 3741 Bertrandus
909 3664 957 3740 de
983 3664 1160 3769 Sartiges,
1183 3662 1358 3758 Oddinus
1388 3665 1435 3738 de
1452 3663 1648 3754 Vendach,
1669 3666 1708 3740 Ρ.
1732 3664 1778 3741 de
1803 3665 1839 3741 la
1857 3667 1930 3744 Co-

514 3794 641 3899 longe‚
667 3794 840 3871 Galterus
861 3795 908 3870 de
929 3794 1040 3881 Masi,
1063 3812 1101 3870 et
1119 3793 1337 3900 Aymericus
1362 3794 1409 3869 de
1434 3794 1614 3899 Copihae,
1641 3797 1706 3902 qui
1732 3797 1771 3870 in
1799 3795 1931 3873 eadem

516 3924 645 4017 domo,
672 3927 711 4000 in
736 3924 806 4001 alia
828 3943 954 4001 tamen
982 3952 1140 4015 camera,
1165 3923 1402 4009 tenebantur,
1432 3925 1495 4029 qui
1527 3926 1801 4031 responderunt
1827 3927 1929 4033 quod

516 4082 591 4131 non
617 4056 919 4133 deliberaverunt
941 4055 1064 4131 adhuc
1088 4079 1201 4159 super
1227 4053 1532 4159 procuratoribus
1556 4054 1838 4143 constituendis,
1861 4086 1932 4159 pro

517 4212 561 4259 eo
581 4187 684 4290 quod
704 4186 914 4291 prepositus
929 4186 1150 4263 Pictavensis
1163 4203 1202 4262 et
1213 4185 1401 4261 lohannes
1416 4184 1462 4260 de
1476 4186 1657 4269 Jamvilla‚
1674 4170 1785 4287 prout
1799 4185 1932 4261 condi-

515 4330 597 4392 tum
613 4313 747 4403 fuerat,
766 4334 809 4392 ut
823 4314 996 4392 dicebant
1013 4316 1128 4422 (quod
1146 4332 1272 4393 tamen
1285 4314 1479 4391 conditum
1494 4314 1581 4390 dicti
1599 4310 1741 4388 domini
1756 4315 1932 4393 commis-

516 4445 599 4521 sarii
625 4445 797 4521 dicebant
816 4472 854 4521 se
876 4472 952 4520 non
972 4443 1128 4548 fecisse),
1151 4473 1228 4522 non
1251 4443 1494 4522 veneruntad
1514 4469 1577 4519 eos
1598 4471 1684 4519 cum
1704 4441 1929 4547 quibusdam

517 4573 692 4650 fratribus
712 4575 800 4649 dicti
821 4575 976 4662 ordinis,
997 4575 1061 4680 qui
1081 4574 1269 4652 debebant
1284 4577 1339 4651 ire
1355 4602 1424 4680 per
1441 4573 1605 4678 singulas
1620 4602 1784 4650 cameras
1801 4575 1849 4651 ad
1867 4577 1931 4652 de-

516 4701 781 4778 liberacionem
795 4731 907 4807 super
918 4704 1108 4809 premissis
1125 4705 1353 4796 habendam,
1368 4704 1532 4783 dicentes
1549 4704 1654 4811 quod
1671 4724 1929 4809 procuratores

517 4860 593 4911 non
612 4851 769 4937 possunt
788 4834 1012 4912 constituere
1032 4864 1099 4914 seu
1119 4834 1188 4913 alia
1208 4838 1381 4913 ordinare
1401 4836 1481 4914 sine
1500 4835 1654 4913 licencia
1673 4835 1837 4941 Magistri
1859 4865 1931 4914 ma-
