4080 6052
542 555 615 628 ns
931 530 1126 626 proces
1151 549 1244 622 nns
1269 549 1564 622 rennuens.

540 694 703 780 Amisio,
720 719 781 769 me
797 692 1049 769 Floriamonte
1065 687 1280 776 Dondedei,
1298 704 1337 765 et
1349 687 1430 767 aliis
1439 687 1593 766 notariis
1604 713 1717 794 supra
1733 689 1874 769 ulnmo
1892 718 1957 770 no-

541 823 703 901 minatis.

600 1087 688 1162 Post
711 1087 799 1175 hec,
823 1084 885 1161 die
905 1083 1003 1161 lovis
1023 1080 1214 1188 sequenti,
1234 1106 1309 1187 que
1336 1079 1408 1158 fuit
1435 1108 1494 1158 ιιι
1524 1077 1606 1158 dies
1625 1081 1715 1158 dicti
1741 1083 1874 1163 mensis
1894 1087 1954 1162 la-

546 1215 684 1304 nuarii,
697 1213 769 1291 fnit
786 1196 971 1290 adductus
988 1213 1036 1288 ad
1047 1209 1280 1317 presenciam
1298 1211 1520 1286 eorumdem
1535 1210 1781 1289 dominorum
1795 1215 1956 1293 commis

545 1345 747 1431 carinam,
767 1343 805 1419 in
826 1342 941 1419 domo
958 1340 1141 1447 predicta,
1156 1336 1270 1415 frater
1281 1338 1478 1445 Philippus
1495 1338 1610 1449 Agato
1619 1340 1804 1430 serviens,
1820 1342 1957 1424 Rotbo

546 1473 733 1582 magensis
750 1472 925 1558 diocesis,
947 1486 1144 1578 preceptor
1161 1469 1297 1546 domus
1316 1485 1440 1546 sancte
1463 1466 1665 1578 Ganburge
1687 1471 1861 1579 ejusdem
1880 1473 1957 1554 dio·

548 1601 775 1694 resistentis
795 1600 1067 1706 suprajuratus,
1087 1615 1131 1674 ut
1146 1597 1355 1703 deponeret
1373 1599 1516 1675 dictum
1534 1626 1665 1692 snum,
1685 1604 1953 1710 sexagenarius,

548 1761 624 1810 non
657 1731 829 1809 deserens
855 1728 1080 1806 mantellum
1109 1727 1266 1818 ordinis,
1288 1729 1376 1835 quia
1396 1729 1435 1804 in
1461 1727 1619 1806 concilio
1643 1729 1953 1826 Senonensiflrit,

547 1863 665 1940 nescit
678 1888 747 1968 per
762 1889 897 1966 quem,
911 1876 1061 1936 amotus
1071 1858 1106 1934 ei
1124 1855 1271 1951 acollo,
1289 1873 1327 1934 et
1340 1857 1529 1965 projectus
1544 1858 1591 1936 de
1605 1859 1757 1966 pulpito
1767 1861 1805 1937 in
1819 1880 1957 1969 quote

546 1993 708 2068 nebatur
737 1988 936 2066 concilium
968 1987 1015 2063 ad
1044 2005 1183 2063 terram
1212 2014 1300 2063 cum
1328 1987 1515 2066 mantellis
1543 1988 1760 2096 aliquorum
1784 1991 1955 2082 aliorum,

546 2136 632 2224 post
653 2148 728 2225 que
748 2117 835 2194 lecit
854 2116 924 2192 sibi
944 2116 1024 2192 radi
1045 2116 1217 2207 barbam,
1241 2133 1279 2193 et
1298 2115 1371 2193 fuit
1392 2118 1640 2213 examinatus,
1661 2120 1752 2198 alias
1771 2121 1957 2201 absolutus

549 2266 586 2324 et
605 2247 864 2325 reconciliatus
883 2273 951 2352 per
965 2246 1162 2322 dominum
1179 2245 1397 2352 episcopum
1413 2248 1673 2328 Parisiensem.
1693 2250 1773 2344 Qui
1792 2249 1867 2330 fuit
1880 2279 1957 2360 pro·

547 2395 702 2455 testatus
732 2378 837 2484 quod
865 2382 942 2454 no'n
976 2375 1196 2453 intendebat
1224 2377 1399 2454 recedere
1424 2405 1446 2453 a
1476 2378 1716 2484 deposicione
1745 2409 1817 2486 per
1843 2383 1958 2489 ipsam

547 2508 640 2585 sacta
658 2535 782 2585 coram
808 2507 909 2583 dicto
930 2506 1084 2583 domino
1106 2505 1304 2583 Parisiensi
1325 2507 1512 2612 episcopo.
1533 2509 1655 2586 Lectis
1675 2519 1806 2589 autem
1827 2529 1866 2590 et
1883 2514 1959 2591 dili-

547 2656 679 2746 genter
698 2637 872 2744 expositis
892 2636 963 2713 sibi
984 2635 1160 2713 omnibus
1181 2653 1219 2712 et
1237 2635 1395 2742 singulis
1414 2637 1593 2729 articulis,
1609 2642 1809 2746 respondit
1822 2643 1869 2720 ad
1882 2670 1956 2733 eos,

548 2787 586 2847 et
599 2771 722 2875 primo
735 2769 781 2846 ad
800 2768 943 2873 primos
958 2782 1047 2854 11110‘,
1064 2783 1108 2842 ut
1122 2767 1305 2873 sequitur,
1319 2767 1493 2844 videlicet
1507 2795 1546 2845 se
1558 2770 1714 2848 credere
1728 2773 1834 2879 quod
1847 2774 1886 2849 in
1901 2800 1958 2850 re-

551 2901 790 3004 cepcionibus
800 2898 956 2976 fratrum
968 2898 1111 2975 ordinis
1124 2897 1308 2974 faciebant
1318 2925 1383 2975 eos
1392 2898 1576 3005 abnegare
1590 2901 1733 2993 Deum,
1744 2903 1959 3011 qariaitaau-

550 3027 643 3105 divit
662 3029 752 3116 dici,
777 3045 815 3104 et
837 3030 917 3132 ipse
942 3027 1137 3137 abnegavit
1161 3027 1201 3102 in
1220 3028 1437 3133 recepcione
1457 3057 1540 3118 sua,
1563 3046 1602 3107 et
1624 3033 1769 3139 recepit
1791 3033 1902 3125 duos,
1924 3051 1961 3111 et

551 3157 739 3233 mandavit
762 3158 867 3262 quod
893 3157 1009 3262 aliqui
1035 3184 1078 3233 ex
1102 3157 1309 3234 astantibus
1332 3156 1498 3234 facerent
1524 3187 1588 3237 eos
1612 3160 1798 3270 abnegare
1828 3166 1959 3244 Deum.

552 3287 766 3394 Requisitus
785 3286 868 3372 ubi,
900 3286 1052 3391 quando
1083 3303 1121 3360 et
1145 3283 1305 3391 qualit'er
1329 3306 1367 3365 et
1399 3317 1518 3394 aquo
1546 3310 1721 3398 receptus
1738 3294 1883 3384 fuerat,
1908 3325 1962 3373 re·

551 3418 702 3522 spondit
716 3444 755 3496 se
772 3416 884 3494 suisse
905 3433 1099 3520 receptum
1120 3416 1158 3490 in
1179 3417 1318 3521 capella
1335 3418 1472 3494 domus
1492 3422 1640 3527 Templi
1655 3424 1701 3500 de
1718 3426 1898 3528 Burgere,
1921 3426 1960 3500 in

550 3549 756 3654 Vugassino
765 3548 1470 3653 NormannoRothomagensisdiocesis,
1479 3569 1567 3627 sunt
1575 3553 1741 3630 circam
1751 3553 1849 3644 anni,
1861 3551 1958 3660 [per]

551 3678 767 3756 Alveretum
778 3677 999 3754 servientem
1007 3677 1216 3781 quondam,
1228 3693 1319 3753 tunc
1327 3683 1963 3788 preceptoremNormanie,presen-

550 3810 654 3886 tibus
674 3806 849 3884 fratribus
868 3807 1017 3883 Andrea
1035 3807 1082 3881 de
1103 3809 1483 3912 Rosayopreceptore
1501 3810 1550 3887 de
1569 3811 1641 3888 Ara
1653 3813 1767 3891 Vallis
1785 3813 1961 3904 Dionisii,

553 3940 727 4017 Guidone
753 3940 801 4014 dc
826 3941 988 4014 Brotone
1015 3954 1052 4012 et
1071 3936 1276 4013 Guillelmo
1303 3938 1349 4013 de
1370 3956 1496 4016 sancto
1513 3942 1682 4020 Taurino
1702 3944 1959 4030 servientibus,

555 4070 769 4158 deffunctis,
788 4071 827 4145 in
846 4071 947 4146 hunc
962 4068 1141 4143 modurn:
1159 4094 1245 4143 nam
1264 4069 1457 4173 requisivit
1471 4099 1608 4174 panem
1625 4090 1662 4149 et
1679 4103 1835 4180 aquam,
1854 4076 1961 4153 socie·

552 4217 666 4278 tatem
691 4219 727 4279 et
746 4202 920 4279 vestitum
942 4197 1101 4286 ordinis,
1126 4224 1252 4273 amore
1271 4198 1358 4287 Dei,
1381 4216 1418 4274 et
1437 4200 1559 4277 dictus
1583 4222 1756 4311 receptor
1777 4204 1962 4312 respondit

554 4333 659 4437 quod
679 4334 858 4439 grandem
883 4357 964 4406 rem
994 4326 1145 4432 petebat
1165 4343 1204 4402 et
1227 4328 1331 4434 quod
1358 4329 1455 4406 bene
1482 4331 1721 4423 deliberaret,
1749 4337 1842 4443 quia
1861 4363 1962 4442 opor·

550 4478 650 4538 teret
671 4491 758 4539 eum
786 4461 905 4537 multa
930 4459 1025 4534 dura
1044 4458 1249 4546 sustinere,
1272 4459 1414 4535 esurire
1440 4462 1593 4566 quando
1613 4463 1727 4539 vellet
1751 4466 1959 4551 comedere,

556 4591 706 4699 vigilare
731 4590 883 4697 quando
909 4587 1021 4664 vellet
1048 4586 1212 4662 dormire
1239 4601 1276 4662 et
1295 4606 1462 4681 econtra,
1486 4610 1523 4668 et
1540 4594 1760 4670 consimilia.
1784 4598 1960 4703 Postque

554 4718 640 4794 fecit
658 4748 745 4794 eum
766 4746 896 4796 vovere
921 4737 958 4795 et
971 4719 1097 4824 jurare
1122 4744 1236 4821 super
1254 4718 1447 4822 quoddam
1465 4723 1612 4800 missale
1630 4742 1805 4830 apertum
1828 4727 1960 4804 castita-

553 4865 653 4938 tem,
682 4849 956 4935 obedienciam,
983 4865 1021 4922 et
1046 4849 1166 4923 vivere
1191 4847 1271 4922 sine
1286 4850 1461 4954 proprio,
1483 4869 1522 4928 et
1545 4883 1613 4958 pro
1639 4883 1748 4960 posse
1775 4886 1848 4936 suo
1864 4859 1961 4965 juva-
