4080 6052
472 537 667 629 rnocr‘rs
694 553 788 628 ons
814 555 1114 628 ramirans.
1429 561 1500 635 sos
1545 630 1553 641 .

88 699 282 804 oportebat
303 727 367 776 eos
390 699 529 785 facere,
559 699 647 803 quia
666 696 752 774 talia
773 712 878 772 erant
896 714 1036 801 puncta
1057 695 1223 784 ordinis3
1252 713 1290 770 et
1312 713 1402 772 ωηο
1425 717 1502 775 tarn

88 829 165 932 ipse
186 859 300 937 quam
327 830 390 907 alii
414 830 691 938 abnegaverunt
717 830 841 908 Deum
872 856 935 905 ore
960 856 1035 905 non
1063 829 1192 917 corde,
1215 846 1258 906 ut
1285 830 1377 906 dixit
1399 831 1505 911 idem-

87 959 191 1036 testis
213 960 336 1048 dese,
359 961 462 1036 idem
482 961 639 1037 credens
660 961 707 1036 de
728 959 821 1035 aliis.
849 960 981 1035 Postea
1000 960 1168 1065 precepit
1188 960 1241 1035 eis
1261 960 1366 1064 quod
1391 990 1502 1066 spue-

86 1107 170 1165 rent
189 1118 303 1196 super
324 1091 526 1196 quamdam
551 1117 701 1167 crucem
721 1089 883 1195 {igneam
905 1090 1112 1195 peripsum
1127 1089 1274 1166 allatam
1289 1067 1329 1166 ‘et
1347 1091 1387 1166 in
1408 1120 1503 1199 quo-

88 1219 173 1293 dam
196 1219 306 1296 sedili
326 1220 505 1325 positam,
533 1214 664 1325 inqua
683 1218 789 1297 nulla
809 1238 886 1294 erat
905 1246 1060 1327 ymago;
1084 1236 1227 1296 etcum
1245 1220 1314 1324 ipsi
1336 1221 1504 1297 dicerent

87 1348 190 1454 quod
214 1350 286 1426 hoc
310 1368 406 1427 esset
428 1379 534 1456 grave
559 1349 695 1436 facere,
726 1349 806 1454 ipse
828 1348 920 1424 dixit
939 1351 992 1425 eis
1012 1351 1114 1455 quod
1139 1351 1189 1425 ita
1217 1351 1288 1426 boc
1309 1351 1504 1455 oportebat

87 1504 151 1555 eos
171 1478 306 1568 facere,
333 1481 420 1585 quia
435 1478 521 1556 talia
540 1497 644 1555 erant
665 1496 801 1584 puncta
822 1478 985 1568 ordinis3
1004 1496 1041 1554 et
1055 1496 1146 1554 tunc
1166 1480 1245 1583 ipse
1262 1481 1367 1556 testis
1388 1482 1502 1557 etalii

87 1627 270 1711 spuerunt
283 1637 360 1686 non
375 1637 488 1715 supra
507 1638 657 1686 crucem
678 1608 746 1685 sed
767 1608 885 1714 juxta.
907 1609 1162 1717 interrogatus
1177 1610 1263 1715 quis
1283 1638 1416 1687 eorum
1436 1614 1505 1717 pri-

87 1765 149 1815 mo
168 1738 363 1845 abnegavit
381 1757 420 1817 et
438 1740 554 1846 spuit,
578 1740 670 1816 dixit
689 1767 728 1815 se
753 1765 829 1813 non
842 1737 1051 1825 recordari3
1072 1757 1148 1814 tres
1168 1756 1294 1815 tamen
1315 1740 1374 1817 vel
1390 1769 1445 1817 rrrr
1460 1770 1503 1817 ex

86 1869 176 1972 ipsis
194 1871 354 1974 receptis
376 1868 547 1946 fecerunt
571 1868 737 1973 predicta
764 1864 893 1940 illicita
912 1882 1114 1972 antequam
1139 1869 1229 1974 ipse.
1260 1869 1503 1946 Postmodum

88 2026 173 2075 vero
194 1998 316 2079 dictus
335 2015 505 2104 receptor
532 1999 623 2074 dixit
642 1997 696 2073 eis
719 1996 839 2103 quod,
861 1997 890 2072 si
916 2015 1157 2074 moverentur
1177 1998 1298 2075 calore
1326 2001 1502 2090 naturali,

90 2147 260 2234 poterant
286 2130 333 2204 ad
368 2129 525 2204 invicem
553 2156 651 2204 unus
678 2156 763 2203 cum
795 2125 869 2202 alio
896 2126 1092 2204 carnaliter
1118 2130 1370 2216 commisceri,
1400 2132 1505 2236 quod

88 2277 213 2335 tamen
235 2259 314 2364 ipse
331 2258 438 2339 testis
464 2286 540 2335 non
560 2257 647 2334 iecit
672 2285 741 2332 nec
765 2254 837 2332 fuit
858 2256 1073 2362 requisitus.
1096 2258 1243 2335 Deinde
1264 2260 1432 2364 precepit
1452 2261 1505 2336 eis

90 2390 193 2495 quod
212 2388 472 2466 oscularentur
492 2416 579 2465 eum
600 2388 638 2462 in
658 2414 751 2477 an03
768 2403 907 2462 etcum
923 2385 993 2490 ipsi
1010 2387 1179 2463 dicerent
1195 2389 1300 2494 quod
1318 2389 1391 2465 boc
1408 2407 1506 2466 esset

88 2519 348 2624 turpissimum
368 2518 504 2606 facere,
533 2519 611 2623 ipse
636 2516 728 2592 dixit
746 2514 851 2622 quod
870 2515 1066 2620 oportebat
1088 2544 1151 2593 eos
1170 2517 1243 2594 hoc
1263 2517 1400 2609 facere,
1418 2521 1505 2624 quia

90 2667 169 2725 erat
195 2650 241 2726 de
261 2649 409 2755 punctis
427 2647 591 2736 ordinis3
612 2663 650 2722 et
668 2663 760 2722 tunc
776 2645 856 2750 ipse
878 2643 997 2721 etalii
1017 2645 1172 2724 fuerunt
1189 2646 1313 2751 ipsum
1337 2665 1506 2754 recepto-

89 2807 188 2870 rem,
210 2778 393 2855 levantem
414 2804 573 2883 pannos,
601 2775 757 2853 osculati
780 2774 820 2851 in
846 2802 918 2851 ano
945 2775 1002 2852 vel
1025 2777 1147 2883 juxta,
1178 2803 1289 2883 supra
1317 2778 1506 2854 camisiam

89 2926 216 2986 tamen
239 2927 277 2985 et
290 2909 450 2985 braccas.
469 2906 683 3013 Requisitus
703 2906 734 2981 si
749 2905 818 2981 scit
832 2905 938 3013 quod
958 2904 1018 2981 alii
1040 2906 1296 3010 reciperentur
1316 2907 1355 2982 in
1373 2908 1506 2984 ordine

90 3066 159 3146 per
178 3039 335 3115 modum
355 3036 603 3115 consessatum
619 3063 687 3141 per
704 3062 810 3127 eum,
830 3035 923 3111 dixit
941 3063 980 3111 se
1003 3037 1165 3126 nescire,
1191 3038 1278 3143 quia
1298 3064 1374 3113 non
1393 3038 1508 3114 inter-

91 3168 166 3245 fuit
178 3164 389 3272 recepcioni
406 3166 575 3272 plurium
594 3193 664 3241 nec
679 3163 852 3269 capitulis
872 3192 1025 3253 eorum;
1043 3165 1162 3242 credit
1175 3184 1302 3242 tamen
1323 3170 1430 3271 quod
1446 3167 1507 3243 alii

91 3297 349 3404 reciperentur
368 3296 503 3373 eodem
532 3293 658 3372 modo.
685 3294 786 3373 Dixit
810 3294 926 3370 eciam
949 3294 1070 3371 dictus
1087 3296 1192 3372 testis
1212 3296 1317 3400 quod
1334 3297 1416 3400 ipse
1438 3295 1510 3371 suit

92 3424 282 3505 confessus
300 3427 348 3504 de
362 3424 765 3532 predictiserroribus,
787 3424 826 3499 in
846 3423 941 3501 festo
961 3425 1099 3501 Pascha
1120 3441 1208 3500 tunc
1228 3425 1417 3532 sequenti,
1440 3424 1510 3502 fra-

91 3556 140 3630 tri
150 3554 356 3635 Guiilelmo
370 3556 470 3632 dicto
484 3554 653 3631 Manavel
669 3617 678 3647 ,
693 3551 863 3660 ejusdem
878 3552 1036 3639 ordinis,
1052 3554 1210 3628 moranti
1223 3555 1262 3628 in
1276 3554 1391 3631 domo
1403 3556 1511 3630 Tem·

92 3684 145 3790 pli
170 3684 217 3760 de
238 3684 440 3789 Gourgemi
467 3684 713 3787 Lingonensis
738 3682 912 3768 diocesis,
940 3682 1005 3784 qui
1029 3682 1187 3759 absolvit
1213 3711 1316 3776 eum,
1344 3683 1511 3790 injuncta

94 3811 165 3888 sibi
185 3812 395 3917 penitencia
421 3811 524 3916 quod
545 3810 734 3917 jejunaret
757 3826 902 3915 septem
928 3808 1063 3887 diebus
1090 3813 1260 3902 Veneris,
1284 3814 1412 3890 dicens
1440 3814 1509 3890 sibi

94 3940 215 4047 quod,
244 3967 287 4016 ex
307 3968 383 4046 quo
410 3939 474 4016 illa
502 3956 608 4016 erant
633 3940 679 4017 de
708 3940 858 4045 punctis
878 3939 1022 4017 ordinis
1042 3958 1079 4017 et
1098 3943 1178 4048 ipse
1196 3942 1334 4021 fecerat
1349 3946 1421 4021 hoc
1435 3971 1511 4020 non

95 4071 206 4148 corde
231 4071 299 4148 sed
319 4098 383 4147 ore
402 4088 548 4161 tamen,
570 4098 646 4146 non
670 4068 835 4147 multum
850 4088 1082 4176 peccaverat,
1105 4073 1268 4180 ideoque
1292 4103 1369 4151 non
1390 4076 1513 4181 impo-

94 4200 208 4279 nebat
224 4200 259 4275 ei
282 4199 530 4305 penitenciam
551 4199 768 4304 graviorem.
788 4199 891 4277 Dixit
911 4199 1027 4277 eciam
1045 4203 1150 4308 quod
1170 4203 1248 4308 ipse
1267 4203 1340 4280 fuit
1360 4204 1408 4279 de
1427 4231 1512 4309 pre-

96 4329 204 4406 dictis
224 4328 416 4406 erroribus
445 4327 636 4405 consessus
660 4329 809 4404 cuidam
834 4328 936 4405 fratri
965 4321 1102 4407 Minori
1124 4333 1356 4409 couventuaii
1377 4333 1514 4438 Lingo-

96 4460 221 4546 nensi,
247 4459 294 4535 de
315 4460 423 4566 cujus
440 4459 595 4535 nomine
615 4487 692 4536 non
713 4461 942 4550 recordatur,
970 4460 1009 4535 in
1029 4461 1169 4565 capella
1193 4462 1289 4539 dicte
1310 4463 1447 4540 domus
1467 4463 1514 4537 de

97 4589 319 4696 Courgemi3
341 4590 423 4694 qui,
445 4590 572 4665 audita
590 4588 838 4678 consessione,
859 4589 984 4667 noluit
1003 4619 1091 4667 eum
1111 4591 1317 4684 absolvere,
1340 4593 1407 4669 sed
1423 4591 1517 4668 dixit

97 4716 201 4824 quod
227 4714 275 4794 de
301 4718 366 4794 tali
391 4717 488 4797 sacto
513 4718 634 4795 adiret
666 4722 817 4826 Papam.
842 4721 943 4799 Dixit
976 4720 1093 4797 eciam
1128 4722 1250 4799 dictus
1279 4723 1384 4799 testis
1405 4708 1514 4828 ¹quod

97 4865 294 4955 preceptor
317 4849 415 4926 dicte
436 4851 575 4926 domus
595 4850 642 4926 de
663 4850 744 4930 Vall
765 4852 812 4927 de
832 4854 910 4928 Tor
932 4851 1065 4937 babuit
1088 4850 1187 4929 bona
1212 4881 1277 4931 sua
1299 4851 1455 4930 mobilia
1479 4866 1517 4925 et

183 4983 290 5047 esocis
311 5007 364 5049 nas
385 5007 644 5048 renarrans-1.
1328 4993 1365 5069 75
