4080 6052
697 531 891 624 Paocts
918 550 1018 621 nus
1038 550 1339 659 rsururuas.
1651 557 1723 628 ιιι

312 692 404 769 bant
431 689 542 770 verba
573 691 743 781 canonis,
772 708 861 782 etc,
892 665 1094 794 respondit
1110 690 1214 798 quod
1244 691 1327 796 ipse,
1354 689 1530 766 credebat
1558 689 1597 765 in
1627 691 1727 769 dicto

312 837 540 898 sacramento
567 821 690 898 altaris
725 838 763 896 et
786 820 825 895 in
857 820 950 922 aliis·
968 821 1205 897 sacramentis
1236 817 1509 907 ecclesiasticis,
1543 834 1581 894 et
1594 802 1597 809 ⁵
1610 819 1728 896 credit

311 951 415 1057 quod
433 940 686 1027 communiter
704 950 807 1026 idem
826 949 1028 1026 crederent
1042 950 1104 1026 alii
1124 949 1255 1027 fratres
1275 950 1365 1026 dicti
1386 937 1547 1038 ordinis,
1566 975 1636 1024 nec
1656 977 1729 1025 cre-

312 1079 382 1186 dit,
404 1107 474 1156 nec
494 1080 578 1168 scit,
600 1107 670 1157 nec
690 1078 831 1155 audivit
849 1079 954 1185 quod
973 1080 1184 1157 sacerdotes
1204 1107 1336 1157 eorum
1356 1077 1600 1171 obmitterent
1616 1067 1732 1155 verba

311 1210 480 1301 canonis,
502 1236 572 1286 nec
595 1209 700 1315 quod
725 1208 798 1311 hoc
821 1209 1079 1314 preciperetur
1094 1209 1153 1318 ,eis
1172 1210 1212 1284 in
1226 1208 1333 1285 'dicto
1354 1207 1507 1297 ordine,
1529 1207 1607 1301 imo
1626 1209 1726 1286 vide—

311 1357 376 1416 tur
394 1340 467 1416 sibi
488 1319 593 1447 quod
608 1339 709 1416 bene
727 1355 766 1416 et
784 1337 911 1453 debite
932 1338 1174 1444 celebrarent.

367 1471 478 1558 Item,
497 1498 610 1575 super
624 1495 755 1549 xxiv-rx
775 1467 954 1556 articulis,
974 1469 1079 1575 quod
1098 1469 1281 1575 Magister,
1300 1468 1467 1568 uisitator
1481 1485 1520 1552 et
1536 1488 1729 1576 precepto-

310 1625 369 1676 res
385 1615 558 1705 poterant
574 1597 704 1676 lratres
721 1597 912 1707 absolvere
930 1625 951 1673 a
967 1598 1143 1703 peccatis,
1163 1611 1249 1689 etc,
1269 1598 1464 1703 respondit
1481 1598 1585 1703 quod
1602 1597 1728 1706 aliquo

265 1789 267 1793 ⁷
308 1746 477 1834 tempore
495 1728 567 1827 ¹luit
584 1728 624 1804 iu
643 1728 744 1805 dicto
762 1727 894 1804 ordine
911 1722 1016 1833 quod
1033 1755 1110 1805 non
1129 1744 1234 1805 erant
1249 1726 1381 1839 fratres
1397 1725 1618 1835 presbyteri,
1635 1729 1730 1805 sicut

310 1857 452 1936 audivit
467 1857 631 1949 refferri,
649 1868 687 1935 et
702 1875 794 1935 tunc
811 1857 842 1934 si
859 1856 993 1963 aliquis
1011 1855 1168 1935 fratrum
1188 1854 1447 1963 delinquebat,
1465 1856 1730 1962 injungebatur

310 1987 391 2079 sibi·
400 2015 497 2092 pena
520 2016 589 2094 per
607 1989 820 2093 superiores
842 2013 933 2064 suos
950 1986 1056 2093 juxta
1076 1986 1295 2093 qualitatem
1314 1985 1464 2075 delicti;
1485 1983 1729 2091 postmodum

311 2116 527 2194 habuerunt
548 2118 806 2224 presbyteros,
829 2134 866 2193 et
884 2098 1037 2221 quando
1062 2117 1291 2194 excedebant
1314 2115 1460 2206 lratros,
1487 2116 1729 2195 remitteban-

287 2237 374 2323 'tur
393 2246 440 2322 ad
467 2245 586 2323 dictos
611 2245 837 2343 sacerdotes,
858 2244 931 2320 nisi
952 2262 1051 2320 esset
1070 2246 1345 2350 talisexcessus
1363 2263 1517 2351 propter
1535 2274 1650 2353 quem
1671 2247 1729 2324 de-

310 2373 445 2452 berent
463 2375 623 2481 perdere
649 2373 822 2452 ordinem
847 2371 905 2449 vel
922 2372 1172 2466 ‚mantellum
1201 2373 1294 2449 dixit
1319 2391 1509 2451 tamense
1534 2393 1729 2518 nunquam

312 2504 512 2596 audivisse,
539 2531 608 2580 nec
632 2499 750 2580 credit
773 2501 879 2608 quod
902 2529 1061 2607 magnus
1088 2502 1273 2608 Magister,
1294 2517 1532 2607 preceptores
1561 2503 1676 2577 vel
1644 2504 1729 2580 vrsi-

310 2651 448 2711 tatores
468 2632 556 2710 dicti
577 2613 738 2723 ordinis,
759 2648 913 2736 possent
938 2630 1128 2709 absolvere
1152 2630 1244 2708 alios
1263 2629 1395 2708 fratres
1415 2659 1438 2706 a
1458 2631 1637 2769 peccatis,
1660 2660 1728 2708 nec

298 2764 468 2841 *confessi
488 2763 629 2861 fuerint
644 2791 686 2839 se
708 2760 897 2839 absolvere
918 2787 1037 2868 posse
1032 2790 1069 2837 a
1088 2753 1277 2866 predictis.
1654 2772 1657 2777 ’

329 2896 476 2983 'ltem,
496 2893 699 3038 requisitus
717 2919 830 2997 super
846 2916 933 2970 axx·
934 2918 973 2968 ιιι
992 2890 1174 2980 articulis,
1189 2890 1237 2967 de
1253 2889 1406 2981 osculis,
1427 2907 1516 2975 etc,
1534 2891 1728 2996 respondit

311 3053 350 3101 se
365 3023 509 3100 nescire
529 3022 600 3099 nisi
615 3038 799 3128 quantum
814 3020 991 3127 deposuit
1004 3048 1127 3127 supra,
1145 3047 1215 3097 nec
1230 3019 1388 3097 credere
1395 3020 1502 3127 quod
1517 3018 1587 3096 alia
1602 3019 1728 3097 oscula

311 3153 490 3240 lacerent,
512 3149 584 3229 nisi
603 3152 644 3227 in
662 3179 729 3228 ore
749 3152 788 3228 et
806 3150 848 3227 ιιι
864 3149 1057 3229 umbilico.
1136 3215 1139 3220 .

307 3284 475 3376 «Ιῐοιιι,
493 3269 696 3390 requisitus
710 3309 824 3388 super
840 3306 947 3362 xxxiv
963 3298 1036 3361 etv
1053 3282 1233 3372 articulis,
1253 3224 1449 3406 respondit
1463 3282 1583 3359 dictos
1600 3283 1728 3358 articu-

311 3412 367 3488 los
383 3439 489 3489 veros
508 3438 606 3501 esse,
626 3411 800 3489 videlicet
815 3411 920 3518 quod
933 3411 1112 3518 jurabant
1130 3438 1208 3488 non
1224 3412 1322 3489 exire
1341 3397 1532 3502 ordinem,
1549 3436 1619 3486 nec
1637 3436 1726 3485 eum

311 3542 499 3620 dimittere
519 3571 588 3648 pro
613 3543 746 3650 majora
735 3541 824 3619 vel
843 3542 981 3618 minora
970 3538 1204 3646 religione,
1226 3542 1368 3648 absque
1387 3541 1542 3618 licencia
1562 3539 1725 3645 Magistri

275 3663 279 3671 ’
310 3689 348 3747 et
367 3689 569 3749 conventus
589 3672 677 3749 dicti
698 3672 857 3760 ordinis,
877 3688 916 3748 et
934 3671 1040 3779 quod
1056 3671 1193 3748 statim
1188 3699 1281 3777 pro
1286 3671 1471 3792 professis
1468 3670 1724 3747 habebantur.

285 3880 288 3885 ,
310 3798 524 3904 Requisitus
541 3800 701 3904 qualiter
719 3801 788 3876 scit
806 3799 987 3906 predicta,
1004 3799 1200 3905 respondit
1216 3799 1327 3950 quod
1338 3800 1426 3915 quia
1446 3801 1530 3905 ipse
1540 3798 1727 3906 juraverat

312 3929 350 4003 in
369 3928 586 4033 rec'epcione
607 3957 689 4021 sua,
711 3946 750 4006 et
767 3929 856 4006 fecit
875 3928 966 4034 alios
983 3956 1080 4034 quos
1099 3930 1239 4035 recepit
1252 3931 1390 4037 jurare
1400 3929 1514 4007 idem.

365 4059 472 4147 ltem,
489 4058 957 4165 requisitussuperxxxvr-
938 4058 1185 4147 -narticulis,
1202 4059 1250 4135 de
1269 4056 1726 4163 clandestinarecepcione

310 4187 482 4295 fratrum,
510 4205 548 4265 et
573 4187 681 4293 'quod
706 4214 752 4263 ex
775 4186 848 4262 hoc
877 4204 956 4264 erat
979 4188 1184 4265 vehemens
1207 4188 1386 4293 suspicio,
1413 4203 1502 4276 etc,
1532 4185 1726 4293 respondit

293 4316 414 4421 -quod
431 4315 607 4393 credebat
624 4304 711 4395 ⁴tera
730 4343 810 4391 esse
830 4331 1004 4393 contenta
1021 4315 1060 4392 in
1079 4315 1171 4422 ipsis
1190 4315 1372 4408 articulis,
1392 4301 1429 4392 et
1447 4315 1553 4423 quod
1571 4317 1611 4392 in
1629 4344 1726 4394 rece

309 4443 506 4549 pcionibus
533 4443 609 4521 non
638 4444 841 4522 intererant
867 4444 939 4522 nisi
962 4444 1092 4524 fratres
1114 4444 1203 4523 dicti
1220 4432 1383 4542 ordinis,
1405 4461 1443 4522 et
1461 4444 1568 4552 quod
1584 4445 1725 4524 fiebant

304 4572 431 4678 jannis
448 4571 593 4650 clausis.
614 4573 827 4679 Requisitus
841 4575 1036 4679 quomodo
1056 4575 1129 4653 hoc
1146 4571 1304 4667 sciebat,¹
1316 4576 1511 4681 respondit
1530 4603 1569 4653 se
1588 4575 1723 4664 vidisse,
1807 4593 1808 4597 ’

283 4743 286 4750 -
310 4704 358 4780 ita
376 4703 512 4778 servari
533 4703 577 4778 in
591 4704 808 4810 recepcione
828 4732 896 4781 sua
915 4721 954 4782 et
972 4704 1133 4783 aliorum
1152 4733 1249 4812 quos
1267 4723 1459 4812 receperat
1478 4723 1517 4783 et
1535 4707 1649 4813 recipi
1668 4707 1722 4785 vi·

311 4832 426 4909 derat.
442 4833 552 4923 ltem',
575 4833 667 4910 dixit
681 4862 720 4912 se
733 4833 950 4940 frequenter
970 4835 1153 4948 audivisse
1175 4837 1213 4911 in
1234 4816 1388 4914 diversis
1402 4837 1495 4915 locis
1510 4857 1530 4913 a
1546 4835 1723 4915 fratribus
