4080 6052
497 523 690 617 proces
715 494 1138 618 nnsrrurimrs.
1454 545 1530 620 irs·

112 684 173 762 alii
191 682 323 762 fratres
337 681 481 761 ordinis
497 685 709 773 crederent,
732 701 770 761 ct
788 683 893 790 quod
909 711 1042 763 eorum
1062 684 1271 763 sacerdotes
1287 683 1412 762 debite
1431 685 1529 765 ccle-

111 814 273 892 brarent.
300 813 403 892 Dixit
426 814 544 913 eciam
569 806 768 893 sevidisse
792 814 986 922 quoddam
1010 815 1276 922 transcriptum
1301 831 1528 894 statutorum

112 944 269 1030 ordinis,
291 944 425 1048 inquo
446 943 544 1021 inter
563 963 685 1022 cetera
703 943 978 1034 continebatur,
1000 946 1097 1023 sicut
1113 945 1263 1021 videtur
1282 943 1406 1021 eidem
1425 946 1527 1034 testi,

111 1075 150 1149 in
168 1073 245 1150 fine
265 1074 460 1181 cujusdam
479 1074 646 1179 capituli,
671 1076 776 1181 quod
800 1074 864 1153 ille
891 1076 957 1181 qui
980 1076 1133 1155 tenebat
1152 1076 1359 1181 capitulum
1384 1075 1532 1155 dicebat

50 1184 53 1191 .
111 1204 151 1282 in
169 1204 252 1309 ejus
272 1202 510 1282 deffinicione
529 1204 614 1282 talia
630 1205 759 1285 verba:
776 1207 832 1286 De
849 1205 922 1283 biis
940 1233 1014 1312 que
1034 1206 1238 1284 obmisistis
1258 1206 1382 1284 dicere
1402 1207 1451 1283 ob
1470 1231 1532 1283 ve·

112 1333 332 1411 recundiam
345 1335 480 1422 carnis,
499 1362 569 1412 nos
588 1365 630 1412 ex
644 1353 749 1441 parte
760 1336 843 1423 Dei,
857 1351 1040 1442 potestate
1061 1336 1172 1414 nobis
1190 1336 1359 1414 traditaa
1375 1325 1530 1414 domino

112 1464 220 1568 Papa,
237 1464 463 1540 absolvimus
476 1493 552 1554 vos,
568 1466 626 1542 vel
643 1466 776 1542 damus
790 1464 895 1543 vobis
912 1465 1207 1571 indulgenciam
1229 1465 1296 1542 sed
1311 1493 1387 1541 non
1401 1466 1531 1544 recolit

111 1591 208 1668 bene
233 1594 263 1668 si
290 1592 485 1671 dicebatur
503 1592 758 1685 Absolvimus,
780 1592 840 1671 vel
860 1593 931 1670 alia
952 1592 1063 1671 verba
1090 1595 1280 1700 predicta;
1307 1622 1384 1671 non
1404 1602 1565 1685 tamen„

112 1723 230 1799 credit
247 1723 353 1829 quod
372 1722 488 1801 laicus
507 1741 633 1828 posset
651 1722 842 1803 absolvere
862 1753 883 1800 a
902 1724 1073 1830 peccatis.
1092 1725 1233 1801 Juravit
1251 1724 1310 1800 vel
1329 1726 1430 1831 vovit
1452 1753 1529 1815 non

113 1853 211 1930 exire
232 1853 423 1943 ordinem,
441 1870 479 1930 et
492 1853 564 1930 luit
579 1855 613 1930 ei
628 1854 771 1930 dictum
785 1854 890 1959 quod
904 1855 1029 1931 atatim
1041 1880 1111 1958 pro
1125 1850 1292 1958 professo
1307 1852 1528 1931 habebatur.

101 1982 366 2070 Clamdenine
385 1982 673 2088 recipiebantur,
694 1970 809 2061 nullis
826 1984 1065 2090 presentibus
1082 1983 1155 2061 nisi
1172 1982 1349 2062 iratribus
1364 1985 1529 2072 ordinis;

112 2128 333 2218 preceptum
348 2111 421 2189 fuit
441 2113 474 2189 ei
492 2113 596 2218 quod
614 2140 728 2219 super
745 2142 888 2220 pannos
906 2113 1038 2207 lineos,
1059 2140 1146 2192 cum
1165 2112 1305 2219 quibus
1319 2114 1444 2220 jacere
1465 2117 1531 2192 de-

113 2243 238 2331 bebat,
252 2244 466 2350 cingeretur
479 2272 556 2320 una
571 2245 738 2332 cordula,
751 2245 820 2323 sed
834 2247 952 2323 nescit
963 2245 1070 2352 quod
1083 2245 1182 2322 dicta
1197 2244 1351 2321 cordula
1363 2261 1532 2351 tangeret

115 2373 232 2477 capita
255 2373 467 2479 ydolorum.
493 2374 565 2449 Per
590 2391 864 2452 sacramentum
890 2373 962 2452 fuit
989 2374 1060 2451 sibi
1085 2373 1299 2480 injunctum
1322 2374 1425 2479 quod
1453 2403 1530 2453 non

113 2503 296 2581 revelaret
312 2521 454 2581 secreta
475 2505 755 2610 capituliorum,
779 2523 817 2584 et
834 2505 938 2583 idem
957 2502 1232 2610 intelligebant,
1258 2519 1303 2579 ut
1322 2504 1456 2590 credit,
1483 2506 1530 2583 de

114 2634 230 2735 modo
245 2635 491 2739 recepcionis,
509 2652 548 2711 et
560 2633 633 2712 fuit
647 2637 683 2713 ei
702 2637 845 2713 dictum
859 2636 1008 2743 quodsi
1024 2634 1222 2724 revelaret,
1240 2633 1532 2713 incarceraretur'

19 2853 21 2857 ¹
113 2763 170 2839 vel
189 2763 229 2838 in
249 2745 495 2869 compbdibus
513 2783 734 2870 poneretur3
753 2767 793 2842 in
811 2766 1031 2870 transcripto
1048 2762 1218 2870 predicto
1237 2764 1331 2840 vidit
1348 2764 1530 2842 contineri

113 2895 217 2998 quod
245 2894 404 2971 modum
431 2895 661 2999 recepcionis
696 2911 735 2970 et
763 2910 904 2971 secreta
937 2893 1201 2999 capituliorum
1229 2919 1306 2967 non
1343 2891 1532 2968 debebant

114 3022 275 3098 revelare
305 3023 382 3099 illis
407 3022 583 3099 fratribus
607 3023 673 3128 qui
704 3051 782 3100 non
805 3022 1012 3100 adfuerant.
1042 3023 1257 3129 Injunctum
1276 3020 1402 3097 fuitei
1425 3021 1531 3126 quod

113 3179 190 3228 non
216 3151 457 3229 confiteretur
480 3153 550 3228 nisi
579 3152 835 3231 sacerdotibus
856 3153 1015 3242 ordinis,
1040 3153 1109 3229 sed
1134 3152 1214 3258 ipse
1241 3150 1314 3227 fuit
1340 3150 1531 3229 consessus

115 3280 215 3357 dicto
247 3279 350 3358 fratri
384 3281 431 3357 de
463 3281 569 3360 Valle
596 3281 808 3359 Scolarium
840 3281 929 3386 quia
966 3280 1161 3357 dubitabat
1188 3279 1293 3387 quod
1322 3281 1531 3358 sacerdotes

113 3412 255 3488 ordinis
282 3412 455 3489 fecissent
484 3412 547 3488 illa
568 3439 642 3517 que
667 3412 746 3516 ipse
774 3409 910 3487 lecerat
937 3411 977 3486 in
1000 3440 1066 3488 sua
1093 3410 1326 3515 recepcione,
1357 3425 1395 3485 et
1425 3411 1530 3515 quod

113 3541 238 3619 debite
272 3569 349 3618 non
383 3541 624 3648 absolvissent
657 3542 839 3630 eundem3
873 3540 1104 3648 negligentes
1142 3540 1297 3616 luerunt
1334 3539 1423 3646 quia
1452 3567 1528 3616 non

113 3689 354 3750 correxerunt
380 3701 450 3748 nec
476 3672 795 3749 denunciaverunt
818 3670 995 3746 Ecclesia.
1023 3669 1256 3747 Elemosinas
1278 3670 1371 3746 vidit
1398 3698 1530 3747 conve-

113 3801 261 3877 nienter
285 3801 384 3891 fieri,
419 3819 478 3876 ter
507 3801 547 3876 in
585 3800 807 3894 ebdomada,
843 3799 1020 3878 omnibus
1045 3799 1260 3905 petentibus
1287 3802 1326 3877 in
1355 3801 1531 3878 domibus

113 3910 260 4036 Templi
287 3930 327 4004 in
350 3929 489 4036 quibus
515 3929 588 4007 luit
615 3947 802 4019 moratus,
830 3947 868 4008 ct
894 3930 1096 4036 aliquando
1122 3930 1400 4035 recipiebantur
1430 3930 1529 4008 bene

114 4061 354 4137 advenientes
391 4077 430 4137 et
463 4059 666 4166 aliquando
700 4089 792 4150 non,
828 4078 867 4138 et
899 4060 1039 4137 audivit
1076 4061 1150 4137 dici
1188 4061 1293 4166 quod
1324 4061 1530 4166 antiquitus

114 4192 256 4270 {iebant
286 4192 447 4299 majores
468 4180 747 4285 ‚elemosine'in
778 4192 910 4271 ordine
938 4219 1052 4297 quam
1081 4192 1234 4297 quando
1263 4191 1342 4297 ipse
1371 4191 1444 4268 luit
1472 4218 1531 4268 re·

114 4338 256 4427 ceptus,
281 4338 318 4398 et
339 4321 444 4427 quod
472 4346 604 4399 eorum
631 4321 804 4426 capitulia
828 4321 924 4397 clam
948 4338 1036 4426 post
1059 4320 1212 4398 missam
1247 4338 1285 4398 et
1315 4347 1529 4399 sermonem

113 4451 351 4541 tenebantur,
372 4468 410 4528 et
428 4450 548 4528 credit
564 4451 669 4558 quod
687 4453 727 4528 in
745 4452 877 4528 ordine
898 4452 1029 4529 fuisset
1049 4467 1234 4529 servatum
1250 4453 1355 4558 quod
1375 4480 1532 4559 magnus

115 4581 290 4686 Magister
311 4609 396 4657 cum
417 4598 602 4657 conventu
622 4582 826 4672 statuisset3
850 4582 1002 4688 grandia
1020 4580 1190 4657 scandala
1210 4556 1338 4658 contra
1358 4582 1531 4660 ordinem

115 4727 206 4789 sunt
230 4727 356 4786 exorta
380 4729 534 4817 propter
557 4711 735 4817 predicta.
763 4711 894 4790 Credit
918 4711 1137 4816 Magistrum
1167 4729 1205 4788 et
1229 4712 1321 4790 alios
1344 4711 1532 4791 confessos

115 4841 230 4919 fuisse
246 4839 398 4946 illaque
421 4843 461 4919 in
487 4843 621 4920 litteris
637 4842 849 4948 apostolicis
864 4843 1105 4920 continentur
1120 4870 1184 4921 eos
1200 4841 1387 4922 confessos
1403 4841 1535 4938 irrisae·
1602 4848 1709 4925 affl
1820 4837 1825 4851 ’

202 4979 308 5042 esocis
329 5001 383 5043 ors
403 5000 655 5044 rennuens-1.
1366 4978 1405 5040 60
1537 4981 1540 4991 '
