4080 6052
280 554 349 625 150
660 534 854 628 procas
881 552 975 625 aas
1001 551 1305 624 rennuens.

332 694 421 769 Post
443 695 515 770 hec
538 713 666 774 autem
690 696 781 775 dicti
804 722 841 772 11
861 692 1066 800 Templarii
1085 693 1262 771 dixerunt
1279 691 1386 799 quod
1405 688 1591 767 faciebant
1609 719 1699 796 pro·

277 838 466 898 curatores
486 822 616 900 fratres
640 826 850 901 lohannem
871 826 1024 912 Lozou,
1035 823 1190 898 Petrum
1217 822 1263 898 de
1290 820 1456 898 Landres
1477 835 1515 896 et
1533 821 1700 897 Lauren-

277 952 377 1028 cium
399 953 446 1029 de
466 955 607 1032 Pruino
627 984 669 1030 ac
687 953 922 1032 Bemardum
953 952 1000 1030 de
1024 970 1152 1030 sancto
1173 953 1288 1030 Paulo
1309 951 1400 1029 dicti
1421 950 1568 1058 ordinis
1586 953 1699 1029 Tem-

275 1082 345 1187 pli,
372 1081 680 1189 adloquendum
706 1100 749 1160 et
767 1081 1079 1188 respondendum
1101 1110 1171 1187 pro
1197 1080 1416 1159 defensione
1442 1080 1534 1156 dicti
1556 1080 1700 1158 ordinis

278 1240 403 1287 coram
420 1211 584 1288 dominis
599 1212 864 1290 commissariis
884 1209 1125 1318 supradictis,
1149 1210 1246 1287 etad
1266 1210 1476 1315 petendum
1497 1208 1699 1286 consilium

277 1369 391 1447 super
410 1342 615 1446 premissis.
637 1344 686 1419 Et
705 1342 902 1448 pecierunt
923 1341 1154 1418 incaustrum
1174 1358 1213 1418 et
1232 1368 1521 1447 pergamenum,
1545 1341 1594 1416 ad
1617 1341 1701 1418 scri·

277 1470 463 1559 bendum,
490 1488 528 1548 et
557 1471 796 1549 defensiones
825 1499 933 1564 suas,
953 1499 1047 1578 quas
1073 1469 1227 1563 facient,
1247 1471 1409 1578 proponi
1440 1488 1478 1547 et
1502 1470 1602 1547 tradi
1631 1500 1700 1576 per

278 1602 397 1678 dictos
416 1619 677 1706 procuratores
702 1629 827 1679 coram
853 1601 1017 1679 dominis
1037 1602 1300 1680 commissoriis
1320 1602 1533 1693 antedictis,
1556 1617 1595 1677 et
1612 1629 1700 1706 pro—

277 1729 400 1806 testati
418 1727 574 1806 fuerunt
590 1731 695 1836 quod
712 1729 849 1808 nolunt
862 1730 1052 1835 predictos
1069 1731 1298 1808 constituere
1312 1747 1574 1836 procuratores
1591 1759 1697 1820 suos,

278 1877 321 1935 ut
339 1860 582 1965 premittitur,
604 1861 678 1937 nisi
702 1836 773 1936 alii
789 1859 922 1938 fratres
935 1860 1037 1938 'dicti
1058 1861 1203 1938 ordinis
1221 1862 1288 1969 qui
1309 1891 1348 1938 se
1369 1863 1417 1939 ad
1438 1860 1698 1939 defensionem

279 1989 451 2095 ejusdem
471 1991 615 2068 ordinis
635 1990 866 2081 obtulerant,
889 1990 1161 2068 constituerent
1181 2020 1364 2098 expresse.

334 2120 422 2195 Post
436 2122 519 2211 hec,
540 2121 673 2197 eadem
691 2120 753 2198 die
771 2120 948 2198 Mercurii
966 2121 1189 2209 accessimus
1206 2125 1255 2200 ad
1273 2124 1432 2200 domum
1451 2123 1498 2199 de
1517 2120 1698 2228 Leuragie

279 2247 318 2320 in
339 2247 419 2323 vico
441 2249 488 2325 dc
508 2248 639 2326 Calino
657 2250 836 2342 Parisius,
858 2249 927 2327 ubi
948 2268 1055 2329 erant
1072 2279 1109 2330 xl
1129 2253 1352 2360 Templarii,
1372 2251 1550 2330 videlicet
1569 2250 1700 2329 fratres

278 2378 464 2456 lohannes
483 2381 600 2457 Penet
616 2382 824 2489 presbyter,
843 2381 1018 2462 Matheus
1036 2384 1083 2461 de
1100 2383 1266 2463 Gresson
1285 2387 1453 2473 Eussart‚
1476 2383 1645 2460 Andreas
1665 2382 1699 2458 le

279 2507 458 2599 Mo1toer,
480 2511 519 2586 P.
543 2511 590 2587 de
610 2528 737 2589 sancto
758 2513 881 2600 Justo,
901 2512 1078 2591 Clemens
1099 2513 1146 2589 de
1176 2513 1304 2591 Grand
1327 2513 1440 2600 Vilar,
1465 2511 1623 2614 Egidius
1655 2513 1701 2588 de

279 2639 532 2728 Louveneun,
554 2639 593 2713 P.
616 2637 652 2713 le
672 2638 756 2723 Gri,
782 2636 969 2714 Robertus
995 2641 1042 2714 de'
1067 2638 1269 2727 Rabanval,
1291 2637 1510 2740 Amulphus
1536 2640 1583 2712 de
1611 2640 1704 2715 San·

280 2796 386 2872 ceyo‚
408 2766 635 2844 Guillelmus
666 2768 712 2841 de
740 2764 911 2856 Bclvaco,
939 2783 977 2841 et
999 2765 1189 2844 lohannes
1213 2768 1248 2843 le
1273 2767 1457 2847 Banchier
1483 2767 1530 2840 de
1557 2764 1703 2843 Grandi

279 2894 433 2972 Villarii.
455 2896 530 2988 Qui
550 2893 706 2971 fuemnt
725 2895 942 3001 interrogati
965 2924 1034 3002 per
1052 2923 1138 2986 nos,
1159 2914 1204 2974 ut
1221 2897 1286 2974 alii
1311 2925 1434 3002 supra.
1457 2896 1533 2988 Qui
1553 2925 1704 3001 respon-

281 3026 419 3100 derunt
450 3026 555 3130 quod
586 3052 663 3100 non
694 3024 859 3102 fecerant
888 3044 1166 3131 procuratores,
1198 3058 1268 3105 nec
1301 3028 1420 3104 facere
1454 3026 1587 3102 volunt
1620 3028 1700 3104 sine

281 3155 436 3233 consilio
466 3156 627 3232 aliorum
654 3155 829 3246 fratrum,
860 3157 1028 3235 dicentes
1055 3159 1102 3235 ad
1131 3159 1391 3236 defensionem
1422 3157 1566 3234 ordinis
1595 3159 1699 3263 quod

279 3312 356 3361 non
376 3286 552 3362 viderunt
572 3285 610 3359 in
631 3285 764 3361 ordine
785 3284 857 3362 nisi
877 3286 1040 3379 bonum,
1063 3288 1160 3363 etin
1181 3289 1317 3365 eodem
1343 3287 1476 3364 ordine
1496 3285 1628 3362 volunt
1647 3288 1699 3362 vi-

279 3445 363 3493 vere
385 3434 423 3493 et
442 3417 555 3508 mori,
579 3445 666 3492 cum
687 3445 777 3493 eum
795 3417 943 3494 bonum
963 3435 1001 3494 et
1020 3435 1190 3494 sanctum
1209 3436 1387 3524 reputent
1408 3435 1445 3492 et
1465 3417 1641 3523 legalem,
1664 3435 1700 3493 et

279 3575 347 3651 pro
366 3548 431 3623 tali
451 3547 523 3623 fuit
543 3547 596 3623 eis
615 3547 792 3635 traditus,
815 3565 854 3624 et
873 3577 962 3625 eum
981 3547 1096 3625 talem
1123 3550 1307 3655 quamdiu
1332 3548 1487 3625 fuerunt
1507 3549 1546 3624 in
1567 3548 1698 3625 ordine

279 3694 516 3755 servaverunt
543 3695 581 3753 et
605 3705 749 3755 servare
776 3678 996 3771 intendunt,
1023 3680 1208 3786 quamdiu
1232 3679 1375 3755 fuerint
1403 3680 1441 3754 in
1461 3680 1614 3770 eodem,
1635 3709 1700 3783 pe-

279 3825 400 3885 tentes
418 3827 609 3914 tamquam
624 3807 715 3885 boni
736 3825 773 3885 et
789 3808 923 3886 fideles
940 3809 1159 3902 Christiani,
1179 3828 1223 3886 ut
1240 3811 1432 3896 dicebant,
1453 3809 1698 3889 ecclesiastica

279 3957 524 4029 sacramenta,
548 3953 586 4014 et
603 3954 739 4047 petpnt
758 3936 898 4015 habere
920 3938 1120 4016 consilium
1146 3939 1308 4016 aliorum
1333 3940 1491 4032 fratrum
1517 3956 1555 4015 et
1578 3939 1697 4046 majo-

278 4099 363 4146 rum
384 4100 540 4149 suorum
559 4069 704 4146 ordinis
723 4066 939 4174 supradicti.
1021 4078 1024 4082 ’

333 4201 443 4288 Item,
473 4200 605 4278 eadem
633 4199 694 4276 die
724 4199 900 4277 Mercurii
930 4199 1152 4278 accessimus
1183 4202 1231 4278 ad
1259 4202 1415 4278 domum
1442 4196 1614 4273 Richardi
1648 4201 1697 4276 de

278 4328 435 4434 Spoliis,
458 4331 497 4406 in
516 4331 595 4407 vico
615 4330 764 4435 Templi
783 4330 961 4419 Parisius,
983 4331 1050 4408 ubi
1071 4349 1176 4409 erant
1196 4331 1337 4409 detenti
1355 4354 1452 4406 xnvu
1471 4327 1695 4432 Templarii,

277 4460 450 4538 videlicet
472 4461 601 4538 fratres
628 4461 816 4537 lohannes
841 4460 888 4537 de
915 4464 1043 4540 Monte
1068 4461 1200 4569 regali,
1231 4460 1413 4539 Martinus
1439 4458 1575 4564 Rehol,
1601 4461 1697 4536 Pon-

278 4588 356 4665 cius
375 4592 507 4692 Espes,
532 4590 743 4695 Stephanus
765 4589 932 4682 Saurini,
953 4594 992 4668 P.
1020 4592 1067 4676 de
1093 4593 1218 4682 Mons,
1239 4591 1427 4668 lohannes
1447 4589 1576 4678 olibe,
1603 4592 1695 4697 Ray-

277 4720 441 4794 mondus
460 4719 507 4793 de
527 4720 672 4825 Ronge,
694 4720 850 4798 Anricus
869 4722 1023 4827 Daspel,
1047 4724 1236 4801 lohannes
1255 4724 1378 4810 Mour,
1395 4720 1624 4799 Guillelmus
1647 4720 1694 4795 dc

277 4847 406 4925 Castro
445 4873 561 4936 novo,
596 4847 825 4927 Guillelmus
856 4850 904 4928 de
934 4853 1040 4959 Fugo
1080 4854 1190 4933 miles
1201 4901 1219 4946 ,·
1248 4852 1462 4932 Bernardus
1498 4850 1694 4957 Ajudadeo
