4080 6052
692 533 889 627 rcocns
915 553 1010 626 oss
1036 554 1334 630 cunenses.
1650 558 1719 635 mr

309 700 387 776 dits
410 722 535 773 coram
554 693 625 785 eis,
649 710 688 771 et
708 693 814 800 quod
838 693 892 771 eis
913 693 1208 801 significaremus
1228 697 1282 775 eis
1308 714 1345 776 et
1366 698 1482 774 eciam
1510 699 1592 777 eliis
1618 705 1721 808 quod

310 827 397 905 dicti
416 825 563 904 domini
575 822 822 902 commissarii
834 846 912 901 non
927 823 1174 903 intendebant
1189 825 1350 906 ulterius
1368 843 1560 933 expectare
1575 830 1668 934 quin
1684 831 1721 906 in

307 959 407 1035 dicto
423 955 581 1066 negocio
596 955 846 1063 procederent
863 971 908 1031 ut
919 953 984 1061 jus
1001 974 1114 1044 esset,
1133 973 1173 1034 et
1187 959 1292 1064 quod
1308 957 1509 1036 effercrent
1523 956 1581 1033 vel
1598 959 1722 1035 mitte·

306 1105 391 1165 rent
404 1088 495 1165 dicti
514 1087 645 1164 fratres
654 1113 723 1192 per
742 1084 907 1192 ediquem
923 1084 971 1162 de
991 1086 1070 1164 suis
1088 1086 1329 1164 societatibus
1346 1087 1405 1164 vel
1418 1115 1487 1193 per
1499 1114 1722 1193 quemcum-

307 1244 381 1328 que
401 1219 518 1296 nfium
537 1218 703 1304 fratrem,
724 1242 856 1295 omnes
868 1217 1084 1295 racioneset
1097 1217 1334 1297 defensiones
1345 1244 1438 1326 quas
1449 1218 1573 1295 dicere
1586 1219 1724 1297 vellent

308 1367 348 1427 et
376 1372 587 1457 proponere
613 1349 661 1426 sd
689 1346 950 1426 defensionem
979 1347 1124 1425 ordinis
1153 1349 1369 1436 memorati,
1394 1377 1482 1426 nem
1508 1349 1578 1454 ipsi
1607 1352 1722 1455 pcruti
1818 1446 1826 1455 ·

309 1499 415 1559 erunt
432 1481 616 1587 recipere,
632 1479 664 1558 si
686 1495 725 1557 et
739 1496 923 1586 quantum
943 1495 1041 1557 esset
1055 1479 1212 1586 dejure.
1286 1516 1290 1522 ·
1310 1471 1312 1475 ’

362 1741 554 1833 Pentheo,
575 1742 708 1818 eadem
732 1739 795 1817 die
809 1739 973 1818 Veneris
984 1755 1069 1845 post
1086 1738 1289 1844 prandium
1309 1763 1378 1816 nos
1396 1740 1532 1816 notarii
1545 1740 1721 1845 predicti,

306 1895 381 1946 una
400 1896 487 1947 curn
506 1866 650 1976 prefato
668 1864 873 1946 venerabili
889 1869 987 1958 viro,
1003 1868 1181 1975 magistro
1203 1865 1345 1945 Amisio
1370 1867 1631 1946 archidiacono
1650 1867 1725 1945 Au-

306 1998 520 2090 mliacensi,
533 1999 767 2077 demandato
778 1999 966 2077 dictorum
978 1996 1221 2077 dominorum
1236 1998 1596 2090 commissariorum,
1618 2015 1661 2076 ut
1674 1999 1725 2076 di-

308 2144 410 2203 ctnm
422 2145 495 2218 est,
513 2129 713 2207 accesimus
725 2129 774 2206 ad
788 2129 946 2207 domum
957 2129 1165 2234 predictam
1177 2128 1359 2206 Rabiosse
1368 2127 1443 2206 sive
1459 2128 1507 2206 do
1521 2128 1557 2206 fe
1569 2130 1721 2234 Regem,

308 2255 374 2334 ubi
391 2256 656 2334 detinebantur
674 2278 712 2334 tr
725 2256 858 2334 fratres
875 2256 1026 2362 prefati,
1048 2272 1087 2334 et
1104 2258 1307 2363 petivimus
1326 2257 1374 2333 sb
1394 2257 1448 2335 eis
1466 2272 1596 2335 utrum
1610 2257 1725 2334 cedn-

306 2387 382 2462 fam
400 2369 606 2492 predictam
625 2387 742 2472 hodie
761 2402 947 2464 ostensam
964 2399 1002 2462 et
1022 2385 1196 2494 exibitam
1221 2411 1346 2462 corum
1369 2384 1532 2463 dominis
1548 2387 1724 2463 commis·

306 2515 412 2592 seriis
440 2504 662 2621 supradictis
680 2542 750 2622 per
770 2513 991 2594 Coflsrdum
1014 2514 1062 2592 de
1088 2513 1257 2592 Ebroicis
1275 2513 1479 2602 misissent,
1506 2529 1544 2590 et
1570 2514 1723 2591 nomine

306 2645 474 2750 ipsorum
490 2662 529 2721 et
545 2670 616 2750 pro
637 2640 727 2751 ipsis
743 2642 1035 2722 truditafuisset
1054 2641 1210 2720 eisdem.
1231 2642 1308 2737 Qui
1329 2665 1478 2730 omnes,
1496 2642 1574 2748 ipsa
1593 2642 1724 2721 cedula

306 2773 360 2852 eis
372 2798 441 2880 per
459 2796 529 2850 nos
543 2772 707 2851 exhibita
728 2787 767 2851 et
784 2773 950 2878 inspecta
965 2796 1034 2878 per
1052 2770 1169 2878 ipsos,
1183 2772 1460 2877 responderunt
1474 2795 1606 2850 omnes
1618 2768 1724 2879 quod

306 2928 387 2978 eam
407 2897 586 2981 miserant
604 2928 674 3010 per
696 2903 862 2980 eundem
882 2900 1106 2990 colunum,
1128 2917 1168 2977 et
1187 2900 1235 2979 de
1254 2900 1431 2979 mundato
1452 2901 1620 3007 ipsorum
1640 2929 1722 2977 eam

304 3030 511 3110 tradiderat
534 3032 699 3111 dominis
727 3022 991 3111 commissoriis
1019 3030 1241 3137 supradictis
1270 3031 1318 3107 sd
1343 3029 1602 3108 defensionem
1632 3031 1720 3108 dicti

306 3160 460 3240 ordinis.
479 3164 565 3256 Quo
584 3161 698 3252 fecto,
719 3184 789 3242 nos
808 3162 950 3241 eisdem
971 3161 1136 3240 diximus
1153 3163 1258 3268 quod
1278 3160 1309 3239 si
1329 3160 1468 3238 vellent
1486 3156 1634 3237 mittere
1656 3160 1723 3238 afi-

306 3318 419 3397 quem
446 3321 489 3370 ex
516 3292 606 3399 ipsis
628 3292 688 3372 vel
711 3293 863 3372 ftutrem
882 3295 924 3370 R⁴
947 3293 995 3371 de
1015 3293 1172 3378 Pruino‚
1190 3293 1229 3368 Ρ.
1246 3292 1296 3368 de
1314 3291 1498 3384 Bononia,
1520 3291 1578 3367 vel
1597 3291 1720 3370 dorni-

304 3449 396 3499 num
430 3422 679 3503 Gnillefmnm
708 3422 756 3502 de
790 3422 1014 3504 Chabonnet
1037 3421 1197 3499 militem
1226 3422 1478 3528 supradictos,
1512 3423 1559 3497 ad
1585 3442 1722 3526 propo-

303 3552 472 3631 nendum
499 3571 538 3631 et
563 3556 767 3634 dicendum
784 3578 908 3632 coram
933 3553 1042 3631 dictis
1066 3550 1229 3631 dominis
1251 3551 1512 3635 commissoriis
1539 3550 1721 3658 quicquid

303 3681 442 3760 vellent
464 3680 512 3761 ad
541 3680 800 3764 defensionem
831 3684 993 3776 ordinis,
1024 3681 1187 3760 libenter
1218 3683 1452 3774 rudbertus,
1483 3698 1521 3759 et
1543 3681 1721 3788 predictis

306 3810 469 3887 dominis
493 3815 755 3893 commissoriis
773 3831 1065 3921 reportaremun
1088 3828 1127 3889 et
1143 3806 1242 3890 bene
1266 3803 1554 3919 significavimus
1577 3810 1719 3887 eisdem

306 3939 410 4044 quod
439 3940 596 4044 predicti
637 3943 779 4020 domini
810 3943 1070 4033 commissarii,
1094 3942 1246 4020 instanti
1280 3943 1341 4020 die
1373 3941 1566 4029 Mercurii,
1598 3941 1719 4017 inten-

306 4065 445 4143 debant
479 4070 682 4172 procedere
708 4071 748 4146 in
775 4073 930 4179 negocio
961 4070 1191 4178 supradicto,
1222 4071 1299 4149 sive
1328 4069 1489 4147 facerent
1520 4070 1594 4147 sive
1623 4097 1716 4160 non,

305 4212 491 4302 qrmtenm
513 4195 561 4274 de
576 4197 665 4304 jure
683 4210 837 4304 possent
853 4216 891 4277 et
908 4199 1101 4277 deberent.
1126 4199 1204 4292 Qui
1223 4199 1505 4304 respondemus
1515 4198 1619 4307 quod
1643 4217 1719 4277 non

307 4325 551 4403 intendebant
560 4326 725 4434 aliquem
736 4342 1017 4435 procmntorem
1031 4327 1152 4406 facere
1163 4327 1222 4406 tel
1237 4328 1386 4408 mittere
1403 4326 1450 4408 ad
1463 4329 1718 4409 defensionem

307 4452 449 4533 ordinis
462 4457 683 4562 supradicti,
700 4459 821 4536 donec
840 4459 1024 4537 haberent
1041 4457 1259 4550 consilinm,
1278 4475 1318 4537 et
1332 4477 1486 4567 possent
1503 4460 1607 4568 loqui
1640 4482 1721 4537 om·
1798 4560 1801 4565 .

307 4583 422 4662 nibus
443 4584 644 4666 nominatis
663 4589 708 4665 in
731 4586 900 4695 predicte
925 4589 1193 4696 codolsqnam
1215 4586 1395 4668 miserant
1415 4614 1483 4699 per
1507 4590 1719 4698 predictum

306 4713 527 4807 Cofrrdum,
551 4718 641 4830 quis
655 4740 840 4827 magnum
857 4719 1084 4828 perimllmn
1107 4708 1205 4797 esset
1226 4722 1332 4828 qnod
1358 4721 1428 4829 ipsi
1455 4721 1720 4800 submitterent

306 4845 429 4922 stetim
445 4863 486 4923 et
501 4847 685 4926 bonorem
702 4851 824 4929 tocius
840 4851 987 4930 ordinis
1002 4867 1041 4928 et
1059 4870 1304 4957 personarum
1319 4868 1473 4933 snsnnn
1485 4853 1525 4930 in·
1541 4850 1720 4930 defensio

1566 5008 1612 5072 19.
