4080 6052
502 506 817 602 processus
844 520 1146 599 rnupmnas.
1294 558 1296 563 ν
1485 530 1531 599 si

119 668 168 745 'de
189 661 443 753 Montlaucou‚
473 664 687 787 Bernardus
711 666 829 746 Peleti
862 665 992 773 prieus
1023 667 1070 745 de
1101 665 1205 745 Maso
1236 663 1282 741 de
1310 663 1465 759 Genois,
1497 683 1535 743 et

98 798 282 877 'Geraues
302 796 349 875 de
368 794 506 904 Boyaol
525 793 698 880 cebalier,
719 820 857 871 veneus
877 797 898 870 t
916 794 1056 871 Gisors.

164 1060 423 1167 Interrogatus
436 1056 469 1133 si
483 1084 665 1163 umquam
681 1054 755 1133 fuit
773 1053 918 1160 positus
935 1053 975 1137 iu
992 1052 1205 1145 tormentis,
1222 1056 1416 1161 respondit
1430 1058 1535 1163 quod

68 1180 71 1186 ¹
112 1187 186 1267 fuit
204 1189 367 1295 positus,
386 1204 465 1265 tres
482 1192 630 1264 menses
654 1201 760 1263 erant
779 1183 894 1290 elapsi
914 1200 999 1263 ante
1024 1182 1296 1263 confessionem
1314 1185 1447 1302 factam
1465 1198 1546 1295 per'

106 1326 206 1396 'eum
229 1347 354 1397 coram
374 1318 528 1396 domino
555 1315 753 1395 Parisiensi
780 1315 970 1420 episcopo,
991 1314 1166 1392 manibus
1194 1316 1316 1423 ligatis
1336 1334 1454 1404 retro,
1481 1317 1531 1394 ita

114 1450 238 1526 stricte
257 1450 362 1556 quod
376 1449 526 1555 sanguis
544 1447 617 1524 sibi
631 1446 775 1524 cucurit
793 1433 982 1552 usquead
999 1472 1160 1552 ungues,
1176 1446 1215 1521 in
1229 1448 1392 1552 quadam
1406 1447 1527 1536 lovea,

105 1575 151 1654 ,iu
171 1607 245 1685 qua
259 1577 362 1655 stetit
374 1607 443 1684 per
460 1577 628 1684 spacium
647 1577 761 1654 unius
779 1574 907 1681 leuge,
930 1590 1139 1681 protestans
1155 1591 1193 1653 et
1207 1576 1334 1655 dicens
1355 1580 1475 1685 quod,
1497 1580 1527 1657 si

109 1726 315 1813 poneretur
339 1709 464 1786 adhuc
482 1708 522 1784 in
539 1707 753 1795 tormentis,
775 1705 880 1812 quod
908 1705 987 1811 ipse
1009 1723 1163 1814 negaret
1183 1707 1308 1784 omnia
1337 1736 1411 1814 que
1440 1709 1531 1788 dicit

51 1854 73 1912 s
108 1840 240 1931 modo,
257 1856 298 1940 et
312 1840 456 1917 diceret
473 1866 714 1946 quecumque
728 1836 845 1915 homo
864 1834 989 1912 vellet.
1010 1837 1176 1913 Tantum
1189 1865 1259 1942 pro
1272 1837 1421 1916 modico
1436 1856 1531 1916 tem-

106 1998 215 2073 pore,
231 1987 382 2076 paratus
401 1986 481 2047 erat
497 1967 558 2046 vel
579 1966 709 2074 capitis
724 1965 1070 2058 obtruncacionem,
1092 1965 1151 2043 vel
1174 1966 1316 2074 ignem,
1338 1968 1396 2046 vel
1413 1968 1528 2047 bulli—

108 2096 255 2176 cionem
277 2099 354 2205 pati
382 2127 451 2205 pro
481 2100 626 2176 honore
655 2095 744 2173 dicti
771 2095 930 2183 ordinis,
953 2110 1100 2172 tantum
1125 2096 1176 2172 ita
1203 2096 1315 2202 longa
1340 2114 1527 2176 tormenta

106 2225 318 2304 substinere
337 2256 415 2304 non
433 2243 596 2332 poterat,
616 2226 656 2303 in
680 2222 818 2332 quibus
831 2225 912 2331 jam
933 2222 1070 2315 luerat,
1093 2225 1243 2304 duobus
1265 2227 1371 2305 annis
1391 2228 1523 2336 elapsis

107 2369 146 2431 et
163 2355 250 2458 plus
269 2383 454 2431 carcerem
473 2353 732 2429 substinendo.
748 2354 843 2429 Item
861 2344 1065 2458 requisitus
1089 2372 1127 2431 et
1144 2357 1393 2463 interrogatus
1411 2360 1442 2435 si
1457 2389 1521 2438 vo-

103 2479 207 2560 lebat
225 2481 368 2588 aliquid
383 2481 487 2558 aliud
501 2480 626 2558 dicero
641 2506 756 2585 quare
776 2504 854 2554 non
875 2479 1058 2556 deberent
1075 2480 1166 2556 dicti
1189 2482 1332 2557 domini
1348 2488 1521 2563 commis-

103 2609 190 2688 sarii
207 2610 256 2687 ad
279 2610 550 2718 inquirendum
575 2606 779 2715 procedere
807 2604 904 2683 bene
931 2622 969 2684 et
987 2607 1167 2695 ¹fideliter,
1194 2612 1388 2714 respondit
1417 2616 1521 2723 quod

102 2767 194 2832 uon,
213 2757 251 2818 et
264 2739 370 2847 quod
386 2738 536 2819 volebat
554 2738 659 2848 quod
672 2736 907 2844 inquirerent
924 2760 993 2843 per
1009 2733 1128 2815 bonas
1136 2755 1276 2846 gentes.

156 3004 252 3081 ltem
270 3032 359 3081 cum
377 3005 501 3082 dictus
518 3003 731 3110 prepositus
749 3003 972 3082 Pictavensis
990 3001 1207 3082 tradidisset
1226 3002 1334 3081 dictis
1354 3004 1517 3084 dominis

80 3133 366 3226 ¹commissariis
379 3134 582 3240 quamdam
596 3134 768 3212 cedulam
788 3133 828 3211 in
847 3132 1039 3238 presencia
1063 3132 1154 3211 dicti
1174 3131 1298 3212 fratris
1316 3135 1513 3239 Pomardi,

52 3265 57 3274 '
102 3277 138 3338 et
156 3259 289 3339 suisset
306 3263 400 3340 lecta
419 3291 544 3342 coram
565 3291 626 3352 eo,
650 3263 773 3342 dictus
790 3262 904 3340 frater
918 3264 1132 3341 Pouaardus
1146 3264 1253 3354 dixit,
1275 3265 1365 3371 quia
1383 3266 1515 3344 veritas

96 3417 174 3477 non
192 3391 318 3498 querit
331 3391 503 3499 angulos,
520 3392 626 3499 quod
639 3392 718 3498 ipse
731 3392 928 3497 scripserat
939 3392 1142 3499 quamdam
1157 3393 1329 3470 cedulam
1345 3392 1515 3500 ejusdem

96 3511 252 3615 tenoris,
279 3552 394 3630 quam
418 3523 575 3601 tradidit
596 3523 722 3601 eidem
740 3523 948 3629 preposito,
970 3522 1019 3600 ad
1039 3525 1113 3601 hoc
1133 3541 1178 3601 ut
1196 3524 1447 3602 adduceretur
1467 3526 1515 3601 ad

94 3653 324 3756 presenciam
340 3653 484 3730 domini
501 3653 599 3759 Pape
616 3669 654 3729 et
668 3652 911 3731 dominorum
931 3653 1290 3746 commissariorum,
1311 3670 1354 3730 ut
1373 3654 1514 3748 audire-

93 3795 168 3857 tur.
184 3782 286 3858 Dixit
306 3783 438 3872 eciam,
456 3782 561 3890 quod
576 3783 659 3888 ipse·
677 3783 874 3888 scripserat
894 3810 975 3860 eam
989 3798 1168 3890 tanquam
1188 3784 1362 3862 turbatus
1386 3800 1512 3863 contra

96 3907 285 4000 ordinem,
305 3938 375 4014 pro
389 3939 435 4002 eo
449 3912 554 4018 quod
567 3913 821 3992 thesaurarius
840 3912 991 4020 Templi
1011 3913 1154 3991 dixerat
1170 3915 1241 3993 sibi
1261 3914 1373 3992 verba
1388 3929 1512 3992 contu-

94 4037 261 4122 meliosa.
285 4037 404 4144 Cujus
418 4038 550 4118 cedule
564 4057 673 4121 tenor
691 4043 864 4148 sequitur
882 4044 922 4119 in
935 4045 1006 4121 hec
1025 4043 1161 4120 verba:

148 4301 201 4379 Ce
230 4317 316 4378 sont
343 4299 399 4377 les
428 4300 574 4378 articles
600 4331 676 4409 que
700 4331 801 4382 ¹vous
829 4302 925 4380 seres
954 4302 1160 4382 demander
1193 4331 1259 4381 aus
1286 4303 1402 4384 freres
1431 4307 1506 4417 deu

93 4428 265 4536 Temple,
288 4430 501 4536 desquelles
521 4430 667 4511 articles
685 4434 713 4512 li
729 4434 786 4514 dit
798 4432 896 4511 frere
915 4433 1019 4512 n‘ont
1032 4436 1141 4541 point
1154 4435 1232 4512 este
1252 4436 1443 4513 examine:

148 4558 308 4637 Primers
327 4560 490 4651 articles,
512 4559 698 4641 delendus
717 4565 783 4643 des
806 4563 976 4644 maistres
996 4593 1070 4674 que
1090 4565 1117 4643 li
1141 4564 1238 4643 l1ere
1257 4564 1505 4646 n'allassentt

56 4738 58 4743 ,
89 4687 191 4765 main
207 4689 254 4767 de
272 4707 394 4797 preste
408 4699 429 4769 a
448 4691 653 4772 offerende.

144 4819 249 4912 Item,
264 4848 338 4929 que
350 4821 378 4901 li
395 4823 450 4900 dit
463 4822 560 4903 ltere
574 4853 622 4903 ne
632 4825 813 4906 tenissent
825 4825 952 4907 enfans
964 4827 1087 4917 lions,
1102 4856 1199 4934 pour
1210 4827 1375 4907 batesme
1389 4828 1498 4905 avoir.
