4080 6052
325 533 398 621 aar
711 519 905 613 ruocts
930 537 1025 610 nus
1051 538 1355 613 ruurtrrus.

323 687 446 763 tribus
465 685 512 761 de
534 683 619 759 loco
637 681 820 786 predicto,
843 679 923 783 ipso
945 694 1041 755 teste
1065 696 1284 764 remanente
1304 677 1463 755 ibidem.
1488 676 1645 782 Elapsis
1666 704 1749 755 vero

324 834 409 893 octo
437 815 583 905 diebus,
605 811 718 890 Frater
738 808 1227 891 Humbortus-dotllcleure
1257 827 1295 886 ct
1318 810 1502 887 Martinus
1527 808 1580 885 de
1599 809 1751 916 Espalbi

324 931 542 1031 servientes,
564 943 629 1050 qui
649 916 892 1019 morabantur
916 940 961 1027 iu
977 939 1229 1032 memo,
1247 940 1363 1048 'cujus
1380 957 1513 1016 tamen
1537 940 1746 1045 receptioni

324 1106 400 1153 non
424 1074 636 1162 adfuerant,
659 1073 707 1148 de
727 1099 891 1178 quorum
909 1069 1209 1159 numeru
1224 1070 1437 1148 nonhabet
1459 1070 1744 1161 certitudinem,

322 1209 511 1283 duxerunt
526 1206 651 1310 ipsum
662 1218 810 1292 testem,
821 1201 916 1277 circa
928 1198 1191 1308 orephsoulum
1204 1201 1337 1289 noctis,
1353 1202 1402 1277 ad
1417 1201 1628 1307 quamdam
1639 1201 1744 1279 aliam

322 1364 507 1414 cameram
543 1333 642 1411 dicte
683 1334 836 1418 domus,
877 1349 916 1408 et
952 1332 1049 1410 ostio
1088 1333 1255 1424 firmato,
1291 1344 1546 1439 preceperunt
1578 1333 1615 1409 ei
1648 1334 1746 1439 quod

321 1469 522 1572 abnegaret
536 1466 678 1551 Deum,
692 1480 730 1543 et
747 1490 835 1539 cum
855 1464 937 1568 ipse
955 1463 1062 1541 testis
1074 1463 1303 1570 stupefactus
1325 1464 1371 1540 de
1392 1463 1579 1568 predictis
1589 1491 1745 1570 respon·

322 1597 437 1673 disset
451 1595 553 1701 quod
569 1593 675 1673 nullo
690 1595 808 1670 modo
819 1592 969 1682 faceret,
985 1593 1161 1671 dixerunt
1179 1595 1213 1671 ei
1229 1592 1334 1700 quod
1348 1594 1421 1670 boc
1435 1594 1635 1698 oportebat
1653 1622 1741 1671 eum

322 1712 457 1815 lacere,
474 1725 562 1831 quia
577 1723 639 1800 alii
656 1725 707 1800 itu
718 1720 914 1815 faciebant,
929 1722 1148 1829 adjicientes
1163 1722 1270 1830 quod
1288 1725 1361 1801 hoc
1376 1740 1527 1829 poterat
1542 1722 1659 1801 facere
1670 1752 1740 1803 ore

322 1884 400 1933 non
418 1855 707 1941 cordercttuno
721 1852 800 1958 ipse
819 1844 927 1930 testis
942 1852 1079 1930 timore
1095 1853 1231 1930 ductus
1248 1870 1402 1959 propter
1420 1853 1574 1943 horam,
1593 1856 1737 1961 etquis

320 1988 390 2092 ipsi
399 1985 530 2063 batres
539 1969 782 2061 erant-fortes
792 1999 831 2059 et
845 1981 990 2060 robusti
1002 1984 1129 2090 etipse
1142 1999 1221 2062 erat
1227 1983 1387 2091 juvenis,
1402 1982 1604 2092 abnegarit
1617 1986 1740 2062 Deum

321 2130 483 2193 ore'nou
502 2115 630 2192 corde.
655 2114 906 2190 Postmodum
928 2113 1051 2191 dictus
1072 2113 1321 2205 flambertus,
1342 2112 1408 2219 qui
1435 2131 1517 2191 erat
1539 2115 1739 2222 antiquior,

320 2247 473 2324 eruuxit
492 2244 691 2321 desubtus
707 2262 826 2321 vestes
841 2243 1143 2350 suas-quamdam
1161 2271 1310 2322 crucem
1329 2243 1495 2350 ligneam
1514 2245 1556 2321 in
1573 2275 1649 2354 qua
1668 2265 1742 2325 erat

317 2404 450 2485 ymago
462 2373 638 2455 crucifixi
659 2375 823 2482 depicta,
850 2391 890 2452 et
906 2375 1075 2481 precepit
1098 2376 1134 2453 ei
1153 2376 1257 2481 quod
1276 2391 1430 2481 spueret
1451 2402 1569 2482 super
1594 2406 1691 2472 eam,
1705 2395 1741 2455 et

319 2509 396 2616 ipse
416 2509 520 2586 testis
543 2507 668 2585 noluit
688 2533 825 2612 spuere
847 2534 958 2613 supra
983 2505 1052 2584 sed
1070 2507 1197 2614 juxta·,
1216 2524 1255 2585 et
1274 2507 1368 2584 dixit
1386 2507 1442 2584 cis
1463 2510 1572 2615 quod
1596 2510 1646 2588 de
1660 2540 1739 2616 pre·

318 2640 425 2715 dictis
454 2654 748 2744 conquereretur
771 2637 873 2713 dicto
896 2638 1097 2743 receptori,
1120 2654 1157 2713 ot
1184 2637 1254 2742 ipsi
1281 2637 1458 2714 dixerunt
1478 2640 1586 2744 quod
1607 2642 1639 2718 si
1663 2644 1739 2748 ipse

317 2768 550 2858 bociaceret,
561 2766 620 2843 vel
634 2765 816 2842 revelaret
828 2767 1004 2874 cuiquam
1018 2767 1466 2873 predicta,.interficerent
1477 2798 1585 2858 eum;
1600 2773 1647 2848 de
1660 2774 1735 2852 alio

317 2899 449 2975 illicito
465 2925 543 2974 non
564 2897 719 2973 luerunt
741 2896 858 2973 locuti
878 2897 1014 2974 eidem.
1035 2898 1302 3003 Requisitussi
1326 2899 1396 2976 scit
1413 2899 1475 2977 vel
1494 2900 1609 2977 eredit
1627 2906 1734 3008 quod

317 3030 484 3135 predicta
508 3027 637 3104 illicito
663 3026 720 3104 vel
751 3027 821 3104 alia
850 3043 1025 3105 contenta
1048 3027 1088 3103 in
1115 3027 1280 3106 artimlis
1299 3029 1583 3110 intervenerunt
1607 3033 1647 3109 in
1674 3063 1734 3119 ref

316 3158 556 3262 cepcionibus
575 3157 735 3235 aliorum
750 3156 809 3233 vel
824 3175 924 3263 post,
941 3156 1137 3264 respondit
1154 3185 1192 3234 so
1210 3159 1352 3235 nescire
1364 3191 1373 3248 3
1386 3160 1481 3237 vidit
1499 3177 1628 3239 tamen
1638 3162 1734 3241 ultra

316 3318 416 3365 mare
437 3291 551 3395 recipi
572 3317 639 3394 per
659 3288 877 3393 Magistrum
898 3289 961 3392 qui
986 3316 1087 3365 nunc
1113 3307 1184 3377 est,
1208 3290 1246 3364 in
1265 3288 1406 3395 capella
1424 3291 1561 3370 domus
1584 3297 1733 3401 Templi

315 3420 469 3496 civitatis
491 3421 536 3497 de
555 3421 739 3507 Limass0‚
763 3419 858 3493 intra
873 3418 1010 3494 Pascha
1032 3437 1069 3494 et
1089 3422 1332 3497 Pentecosten
1356 3421 1534 3499 instantes
1553 3444 1667 3500 erunt
1683 3453 1733 3503 tur

314 3552 400 3626 anni
416 3552 474 3628 vel
492 3551 597 3638 circa,
621 3550 751 3624 fratres
767 3548 973 3625 Antonium
991 3568 1168 3654 nepotem
1190 3549 1312 3627 fratris
1328 3551 1551 3658 Hugucionis
1566 3552 1614 3627 de
1635 3555 1729 3629 Ver-

313 3681 416 3758 cellis
442 3679 659 3758 cubicularii
685 3678 877 3785 quondam
900 3678 1045 3754 domini
1075 3682 1187 3784 Pape,
1212 3680 1391 3772 militem,
1415 3699 1451 3759 et
1470 3681 1654 3758 tacobum
1680 3684 1729 3759 de

311 3813 468 3917 Rupella
490 3810 731 3901 servientem,
748 3827 839 3886 tunc
856 3809 1075 3888 existentem
1098 3810 1136 3884 in
1159 3810 1312 3887 servicio
1329 3811 1417 3888 dicti
1431 3813 1616 3920 Magistri,
1635 3842 1730 3920 quos

311 3943 431 4018 credit
446 3943 583 4029 vivere3
601 3957 638 4016 et
652 3940 806 4016 fuerunt
825 3958 1017 4045 presentes
1036 3940 1134 4016 ultra
1148 3966 1216 4018 cxx
1232 3940 1378 4033 fratres,
1395 3943 1494 4019 inter
1513 3971 1612 4049 quos
1628 3963 1731 4021 erant

309 4074 438 4149 fratres
458 4072 719 4150 Racinbandus
744 4070 790 4146 de
819 4072 941 4149 Caron
960 4090 1157 4177 preceptor
1184 4090 1273 4149 tunc
1298 4073 1423 4182 Cypri,
1448 4075 1659 4152 Richardus
1685 4076 1728 4151 de
1763 4121 1774 4143 ο

310 4207 435 4280 Monte
451 4206 574 4295 Claro,
594 4202 809 4281 Guillemus
824 4203 872 4277 de
893 4202 1182 4291 Chambonent,·
1192 4204 1258 4310 qui
1283 4204 1423 4282 obtulit
1446 4233 1487 4282 se
1510 4207 1560 4282 ad
1588 4206 1726 4283 deffen-

307 4334 451 4410 sionem
464 4335 627 4420 ordinis,
647 4333 786 4409 milites
801 4333 841 4408 in
859 4333 939 4409 istis
954 4335 1123 4439 partibus
1142 4335 1354 4423 existentes,
1373 4354 1410 4413 et
1425 4336 1538 4413 multi
1555 4337 1620 4414 alii
1638 4367 1724 4444 quos

306 4465 511 4541 nominavit
523 4466 561 4541 in
579 4463 746 4569 partibus
763 4462 1016 4541 ultramarinis
1032 4465 1250 4553 existentes,
1266 4465 1304 4540 in
1321 4494 1486 4571 quorum
1506 4468 1721 4573 recepcione

307 4597 362 4669 vel
383 4613 468 4700 post
485 4596 599 4671 nichil
623 4595 716 4672 vidit
739 4623 807 4671 nec
832 4595 935 4671 scivit
954 4596 1166 4673 interfuisse
1189 4595 1376 4673 illicitum.
1408 4597 1512 4675 Alios
1534 4627 1614 4675 non
1638 4599 1718 4674 vidit

305 4724 437 4826 recipi,
462 4741 497 4797 ct
522 4727 650 4828 pocius
673 4725 807 4814 credit,
830 4743 985 4830 propter
1007 4727 1174 4833 predicta
1196 4743 1233 4802 et
1260 4746 1414 4833 propter
1432 4728 1505 4805 alia
1528 4731 1716 4835 bonaque

302 4851 395 4926 vidit
418 4852 454 4925 in
481 4840 613 4926 ordine
637 4854 717 4928 lieri
731 4856 840 4929 'ultra
862 4885 983 4946 mare,
1001 4857 1101 4964 quod
1125 4854 1254 4931 illicita
1279 4884 1355 4932 non
1387 4859 1656 4936 intervenirent
1677 4858 1711 4931 in
