4080 6052
719 536 914 637 raooas
939 556 1033 628 nas
1059 556 1360 629 raururans.
1676 564 1746 638 aas

328 720 456 813 postea
473 727 550 777 non
568 699 653 789 ivit,
667 721 747 774 ¹nec
765 696 814 774 ad
833 723 968 774 eorum
984 694 1173 801 capitulio,
1190 693 1278 772 licet
1296 695 1531 799 increparent
1543 696 1744 805 aliquando

315 838 454 944 ipsum
473 859 519 910 eo
539 828 644 937 quod
663 857 743 907 non
762 827 852 905 ihat.

383 966 493 1051 Item,
515 957 609 1038 dixit
627 958 733 1067 quod
751 985 831 1037 non
845 955 1067 1034 interfuerat
1084 955 1295 1061 recepcioni
1310 952 1643 1036 aliorumtratrum
1659 960 1746 1038 dicti

328 1095 487 1183 ordinis,
507 1091 627 1171 crodit
641 1107 769 1169 tamen
785 1087 890 1194 quod
906 1088 958 1163 ita
974 1086 1201 1192 recipiantur
1220 1085 1282 1162 alii
1299 1087 1339 1162 in
1357 1084 1457 1163 dicto
1476 1070 1608 1167 ordine
1628 1107 1667 1168 et
1683 1107 1749 1168 'eo

327 1227 417 1307 dem
429 1223 546 1303 modo
556 1248 634 1328 quo
647 1221 726 1327 ipse
737 1235 912 1325 receptus
922 1216 1011 1306 suin
1025 1217 1230 1324 requisitus
1244 1216 1291 1293 de
1304 1243 1412 1295 causa
1422 1218 1645 1300 credelitatis
1657 1217 1746 1328 [ciel

328 1355 423 1435 dixit
439 1352 545 1461 quod
563 1350 695 1435 nescit,
743 1408 749 1416 .

384 1487 495 1572 ltem,
517 1507 630 1588 super
648 1507 691 1571 u,
712 1506 753 1558 ιιι
773 1495 813 1558 et
829 1493 898 1558 ιιιιο
916 1478 1082 1556 articulis
1095 1476 1322 1585 requisitus,
1336 1476 1429 1554 dixit
1448 1502 1489 1555 se
1508 1479 1626 1559 nichil
1644 1481 1748 1560 aliud

328 1616 421 1695 scire
440 1641 555 1722 quam
575 1639 688 1717 supra
708 1591 895 1717 deposuit.

345 1799 347 1804 ,
381 1748 493 1834 Item,
512 1769 628 1849 super
646 1755 703 1846 νὴ,
715 1739 783 1848 qui
802 1739 947 1845 incipit,
966 1737 1060 1815 Item
1079 1735 1184 1843 quod
1203 1734 1395 1827 dicebant,
1415 1754 1497 1829 etc,
1520 1738 1613 1814 dixit
1631 1767 1671 1818 se
1691 1745 1748 1818 ni-

326 1876 403 1957 chil
421 1877 532 1966 scire,
555 1892 594 1952 et
612 1891 783 1980 supor'vr
803 1870 924 1958 idem,
945 1886 984 1945 et
1002 1896 1118 1974 super
1137 1893 1187 1946 vu
1207 1866 1327 1954 idem,
1349 1891 1463 1973 super
1483 1894 1552 1948 ιιιιι
1568 1870 1682 1950 idem.

383 2007 705 2110 ltem,super1x,
726 2000 792 2107 qui
813 1999 962 2106 incipit,
983 1999 1077 2076 Item
1097 1997 1202 2105 quod
1221 1995 1421 2088 faciehant,
1443 2015 1531 2086 eto,
1552 2004 1746 2107 respondit

329 2153 373 2214 ut
391 2163 515 2240 supra.
615 2199 617 2203 .
808 2118 814 2130 ⁵

385 2267 501 2354 ltem,
519 2292 633 2372 super
651 2291 768 2354 x,.x1,
789 2290 839 2342 ιιι
859 2281 899 2341 et
913 2289 976 2340 xur
991 2262 1157 2340 articulis
1171 2263 1392 2368 requisitus,
1410 2265 1604 2369 respondit
1621 2290 1661 2344 se
1680 2294 1746 2344 au-

328 2396 465 2477 divisse
488 2394 563 2473 dici
582 2425 603 2472 a
622 2395 789 2502 quodam
813 2393 925 2470 fratre
952 2391 1135 2470 serviente
1159 2391 1249 2486 dicti
1279 2392 1438 2478 ordinis,
1465 2409 1551 2470 nato
1583 2393 1630 2470 de
1659 2396 1748 2470 Lin-

328 2552 442 2634 gone,
458 2525 583 2633 etqui
601 2541 854 2603 commoratus
870 2522 993 2600 luerat
1008 2521 1111 2628 apud
1127 2521 1316 2598 Mormant
1332 2537 1371 2598 et
1387 2521 1453 2624 qui
1467 2522 1600 2633 eratin
1614 2523 1747 2601 itinere

328 2658 444 2735 eundi
464 2657 563 2735 ultra
582 2635 769 2746 mare,'ut
786 2653 949 2744 dicebat,
972 2652 1021 2729 de
1040 2650 1148 2756 cujus
1166 2651 1329 2728 >nomine
1354 2651 1447 2727 dixit
1470 2678 1513 2728 se
1529 2679 1607 2728 non
1626 2681 1748 2731 recor-

327 2787 426 2877 dari,
455 2785 562 2894 quod
594 2784 726 2863 fratres
759 2783 848 2860 dicti
882 2782 1025 2864 ordinis
1060 2780 1267 2886 aliquando
1291 2780 1559 2859 conculcabant
1585 2782 1748 2887 pedihus
1854 2804 1856 2810 ·

327 2945 477 2996 crucem
497 2933 535 2994 et
554 2914 761 2992 conculcari
780 2912 981 3000 faciebant3
1002 2910 1071 2988 sed
1096 2935 1299 3016 nunquam·
1316 2909 1410 2987 vidit
1427 2911 1516 2996 hoc,
1537 2938 1607 2988 nec
1630 2911 1677 2989 ah
1701 2938 1748 2991 eo

328 3048 411 3125 fieri
435 3046 616 3123 fecerunt.
642 3022 859 3149 llequisitus
881 3043 922 3117 in
947 3068 1025 3148 quo
1049 3040 1132 3118 loco
1153 3038 1351 3146 atquibus
1378 3040 1747 3146 presentibusaudi-

328 3193 432 3255 verat
453 3203 475 3251 a
494 3174 596 3258 dicto
620 3172 733 3250 fratre
761 3173 833 3249 dici
858 3171 1041 3278 predicta,
1068 3154 1394 3277 respondit-quod
1413 3171 1453 3247 in
1474 3170 1572 3248 dicto
1591 3172 1674 3253 loco
1698 3175 1745 3250 de

327 3305 456 3394 Belna,
477 3320 515 3383 et
530 3304 635 3411 quod
651 3303 721 3382 soli
739 3319 860 3395 eraut,
877 3320 915 3381 et
928 3301 1034 3409 quod
1045 3300 1119 3378 fuit
1133 3299 1181 3378 de
1197 3300 1258 3377 die
1274 3300 1314 3376 in
1328 3327 1450 3377 mane.
1465 3301 1682 3407 Requisitus
1698 3303 1745 3378 de

327 3452 513 3543 ternpore,
536 3433 629 3512 dixit
652 3434 757 3542 quod
782 3461 851 3539 per
878 3460 1024 3509 annum
1043 3430 1103 3509 vel
1127 3431 1224 3507 circa
1247 3447 1331 3507 ante
1357 3429 1572 3535 capcionem
1594 3431 1743 3521 eorum3

325 3564 375 3644 de
395 3565 476 3643 aliis
493 3564 679 3645 contentis
697 3565 740 3642 in
758 3563 868 3642 dictis
887 3577 967 3640 mr’*
987 3559 1152 3640 articulis
1171 3560 1265 3636 dixit
1283 3587 1323 3637 se
1342 3559 1459 3637 nichil
1479 3560 1582 3637 aliud
1600 3553 1705 3639 scire.

382 3697 489 3785 hem,
505 3673 844 3800 requisitussuper
858 3719 936 3771 mu
953 3707 992 3770 et
1005 3717 1051 3772 xv
1066 3685 1247 3782 articulis,
1262 3690 1356 3767 dixit
1372 3718 1410 3767 se
1427 3690 1551 3769 nichil
1563 3692 1657 3769 scire
1678 3721 1746 3771 uec

328 3823 513 3902 audivisse
534 3839 618 3899 ante
638 3824 865 3929 capcionem.

384 3949 499 4040 ltem,
531 3979 646 4057 super
676 3979 737 4033 ιιι
771 3953 944 4040 articulo,
974 3955 1041 4058 qui
1071 3954 1217 4061 incipit,
1250 3952 1345 4030 Item
1376 3953 1481 4059 quod
1513 3981 1590 4031 non
1620 3956 1747 4034 crede-

328 4084 435 4170 bant,
458 4098 547 4170 etc,
568 4098 608 4158 et
629 4108 745 4187 super
768 4107 955 4162 atu-xxm
974 4083 1161 4172 articulis,
1184 4082 1277 4160 dixit
1295 4081 1411 4158 nichil
1434 4083 1528 4159 scire
1554 4111 1624 4160 nec
1642 4086 1748 4161 audi-

328 4213 422 4291 visse
443 4210 716 4318 subjungentes
734 4212 840 4318 quod
858 4211 1057 4317 ipse—hene
1077 4210 1254 4290 credebat
1269 4226 1316 4288 ot
1326 4210 1536 4288 crediderat
1554 4215 1680 4291 omnia
1697 4244 1748 4294 sa·

330 4359 518 4421 eramenta
536 4343 712 4422 Ecclesie.
743 4414 747 4423 .
1079 4420 1082 4425 .
1314 4436 1318 4442 ,

385 4473 499 4563 Item,
519 4500 635 4578 super
651 4499 751 4550 xxuu
765 4472 939 4562 articulo,
954 4473 1022 4580 qui
1037 4473 1184 4578 incipit,
1200 4473 1296 4551 ltem
1310 4475 1416 4581 quod
1430 4475 1646 4565 credebant,
1662 4495 1744 4566 eta,

322 4623 369 4682 -et
389 4605 807 4698 xxv-xxtrru'articulis,
820 4605 1018 4712 respondit
1043 4632 1088 4683 se
1105 4605 1290 4695 audivisse
1307 4604 1439 4684 referri
1459 4606 1710 4683 communiter
1727 4635 1747 4682 a

323 4733 508 4813 iratribus
535 4734 622 4812 dicti
638 4735 813 4824 ordinis,
835 4735 882 4813 de
911 4762 1083 4842 quorum.
1096 4733 1315 4819 nominihus
1341 4735 1549 4841 specialiter
1576 4736 1748 4814 recorda·
1774 4826 1777 4831 Ι

327 4870 405 4955 tur,
425 4884 469 4944 ut
488 4865 580 4945 dixit
588 4907 600 4953 ,ν
617 4843 722 4974 quod
747 4894 907 4973 magnus
930 4866 1105 4974 Magister
1130 4881 1276 4972 poterat
1298 4867 1488 4946 absolvere
1507 4864 1639 4944 fratres
1659 4867 1746 4944 dicti
