4080 6052
505 567 555 639 es
896 546 1091 640 enocts
1115 563 1211 636 nes
1234 559 1536 634 reuertens.
1866 604 1918 669 1

504 725 595 785 runt
611 707 727 784 simul
745 704 898 784 adducti
911 708 951 783 in
971 707 1106 785 eodem
1122 706 1207 782 loro
1221 731 1347 780 coram
1366 703 1476 780 dictis
1495 702 1678 793 dominis,
1696 700 1928 797 llimtem‘,

506 839 760 915 lemovicensi
792 839 993 944 episcopis,
1019 855 1060 915 et
1088 835 1244 913 domino
1271 835 1440 919 Matheo,
1460 831 1593 911 naues
1620 828 1838 942 ἀει-ἱραί,
1858 841 1930 945 qui

505 968 656 1043 adducti
676 966 790 1044 fuisse
812 968 1034 1045 dicebantur
1055 967 1103 1043 de
1119 966 1261 1043 diocesi
1278 964 1507 1054 belvacensi,
1526 962 1703 1042 videlicet
1717 962 1850 1046 butum
1864 969 1929 1046 Jo-

505 1098 648 1174 bannes
668 1096 715 1172 de
729 1097 892 1176 Chames
906 1097 1189 1184 'Ambiauensis,
1209 1113 1249 1173 et
1265 1096 1455 1172 lohannes
1473 1092 1523 1170 de
1540 1094 1647 1172 Naris
1657 1095 1701 1173 in
1715 1097 1812 1174 valle
1825 1126 1930 1205 pres-

505 1226 615 1335 byter
633 1226 909 1318 Ambianensis,
934 1246 973 1304 et
993 1226 1258 1314 incontinenti,
1279 1254 1406 1302 coram
1424 1223 1535 1300 dictis
1554 1222 1718 1302 dominis
1746 1244 1786 1303 et
1808 1229 1928 1304 arehi—

506 1357 663 1435 diacono
680 1358 919 1448 Tridentino,
940 1358 1005 1463 qui
1025 1375 1116 1433 tunc
1132 1357 1250 1446 venit,
1270 1355 1402 1432 fratres
1419 1353 1649 1433 Guillelmus
1670 1356 1719 1432 de
1737 1357 1927 1463 Mayniltio

504 1488 657 1566 Abbrici
681 1487 876 1594 presbyter
893 1487 1125 1578 Parisiensis,
1146 1485 1434 1563 Bartholomeus
1461 1485 1510 1562 de
1526 1485 1679 1564 Voleuis
1699 1487 1928 1565 laudunen·

505 1617 576 1706 sis,
600 1617 789 1692 Jobannes
810 1617 902 1691 Fert
929 1616 978 1692 de
1010 1616 1073 1690 vin
1100 1614 1419 1702 Altisiodorensis,
1449 1615 1670 1692 Dominicus
1697 1615 1747 1693 de
1768 1617 1927 1694 Divione

507 1745 767 1851 lingonensis,
788 1746 973 1822 Henricus
1003 1743 1050 1821 de
1080 1744 1264 1821 Favarolis
1289 1745 1553 1852 Lingoneusis,
1571 1746 1744 1823 Nicolaus
1769 1747 1816 1823 de
1834 1749 1926 1826 Vtr-

505 1875 559 1951 lin
585 1875 831 1966 Belvaocnsis,
851 1875 1046 1981 Philippus
1074 1875 1123 1951 de
1142 1876 1298 1954 Versine
1326 1875 1577 1967 Belvacensis,
1602 1894 1642 1952 et
1668 1875 1856 1954 liebertus
1879 1879 1926 1955 de

505 2006 634 2111 Brioys
659 2006 885 2083 Senonensis
912 2005 1129 2082 diocesium.
1152 2006 1229 2098 Qui
1252 2005 1492 2112 singulariter
1515 2024 1554 2083 et
1575 2006 1771 2110 separatim
1796 2009 1928 2112 requi-

506 2135 565 2210 siti
591 2152 629 2210 et
652 2136 868 2240 interrogati
888 2165 908 2210 a
928 2135 1038 2212 dictis
1062 2135 1226 2212 dominis
1244 2136 1524 2225 commissoriis,
1542 2136 1574 2212 si
1591 2133 1765 2211 volebant
1780 2134 1925 2213 dictum

506 2263 679 2341 ordinem
712 2263 915 2342 defendere
944 2266 991 2343 ab
1015 2267 1187 2372 hiisque
1213 2265 1285 2342 sibi
1315 2265 1618 2372 imponebantur,
1648 2264 1926 2371 responderunt

505 2396 609 2500 quod
628 2395 696 2486 sic,
714 2394 842 2472 diceus
861 2395 984 2475 dictus
1002 2396 1116 2473 frater
1133 2397 1165 2472 J.
1187 2395 1236 2472 de
1251 2395 1413 2473 Chames
1429 2428 1439 2471 t
1456 2396 1582 2503 Usque
1601 2395 1650 2472 ad
1666 2413 1842 2473 mortem.

559 2525 670 2614 Item,
685 2524 798 2602 frater
811 2525 932 2603 Adam
947 2529 995 2605 de
1009 2525 1176 2615 lnlerno,
1194 2555 1281 2602 eum
1299 2526 1443 2604 eisdem
1456 2525 1657 2609 adductus,
1670 2525 1925 2602 Noviomensis

505 2653 681 2743 diocesis,
703 2672 741 2730 et
760 2654 873 2728 simili
893 2655 1009 2730 modo
1031 2657 1297 2763 interrogatus,
1320 2656 1414 2734 dixit
1433 2655 1539 2762 quod
1555 2653 1704 2732 volebat
1720 2653 1925 2732 defendere

505 2782 648 2857 dictum
668 2781 857 2873 ordinem,
879 2802 993 2888 prout
1011 2785 1081 2861 sibi
1102 2786 1174 2861 luit
1190 2787 1352 2864 traditus
1371 2787 1504 2891 etipse
1524 2813 1613 2862 eum
1630 2785 1784 2890 recepit.

560 2908 712 2986 Eisdem
728 2910 790 2985 die
807 2930 845 2987 et
864 2913 947 2991 loco
975 2912 1131 2992 fuerunt
1149 2918 1262 2993 simul
1282 2917 1432 2994 adducti
1453 2944 1579 2993 eoram
1601 2916 1743 2993 eisdem
1764 2915 1925 2992 dominis

506 3040 768 3116 commissariis
785 3035 917 3118 fratres
935 3042 1152 3150 subscripti,
1173 3048 1239 3152 qui
1255 3046 1406 3123 adducti
1426 3044 1540 3122 luisse
1560 3044 1780 3121 dicebantur
1792 3044 1840 3120 de
1860 3046 1924 3122 Vi-

505 3167 631 3246 driaco
659 3172 937 3252 Cathalanensis
964 3173 1139 3264 diocesis,
1167 3176 1341 3252 videlicet
1367 3174 1500 3252 fratres
1535 3175 1707 3254 Nicolaus
1732 3175 1779 3251 de
1804 3176 1924 3253 Merra

504 3300 698 3408 presbyter
727 3321 877 3378 curatus
904 3303 1056 3380 ecclesie
1082 3304 1129 3382 de
1157 3307 1335 3383 Romanis
1367 3307 1577 3394 ternensis,
1603 3307 1736 3381 Petrus
1765 3305 1825 3393 de,
1842 3307 1925 3382 Sar-

503 3457 597 3536 nayo
622 3433 900 3518 Ambianensis‚
922 3451 960 3509 et
984 3434 1229 3511 incontinenti
1252 3462 1377 3512 coram
1402 3434 1512 3514 dictis
1540 3433 1718 3525 dominis,
1740 3452 1777 3509 et
1804 3435 1923 3509 archi-

504 3558 659 3638 diacono
678 3564 945 3671 Magalonensi,
969 3566 1035 3671 qui
1059 3582 1150 3640 tunc
1172 3566 1292 3655 venit,
1314 3566 1444 3643 fratres
1462 3566 1647 3643 Johanues
1673 3564 1721 3639 de
1740 3563 1922 3672 Dormays

502 3691 715 3783 Remensis',
737 3695 932 3800 Philippus
962 3695 1009 3770 de
1035 3698 1153 3802 Troys
1177 3698 1276 3773 Fons
1303 3697 1514 3787 Trecensic,
1533 3696 1657 3774 Droco
1683 3694 1730 3770 de
1756 3693 1921 3802 Sernayo

501 3818 776 3913 Ambianensis,
809 3825 1031 3902 Dominicus
1058 3824 1106 3900 de
1131 3825 1330 3914 Verduno,
1361 3827 1401 3902 P.
1438 3824 1486 3903 de
1515 3825 1642 3903 Monte
1678 3824 1797 3932 Coyni
1829 3825 1921 3901 Mel-

501 3948 642 4044 densis,
664 3955 796 4033 Petrus
817 3956 864 4031 de
885 3955 1105 4044 Cathalone,
1128 3972 1165 4032 et
1183 3958 1370 4034 Johannes
1388 3957 1521 4034 Davise
1540 3955 1821 4034 cathalanensis
1842 3956 1923 4032 dio-

501 4082 651 4160 cesium.
664 4087 741 4179 Qui
755 4086 944 4194 sigillatim
960 4102 998 4160 et
1012 4087 1208 4191 separatim
1223 4087 1395 4193 requisiti
1411 4116 1432 4163 a
1447 4087 1556 4166 dictis
1570 4088 1733 4167 dominis
1747 4088 1923 4162 commis-

501 4208 620 4296 soriis,
657 4242 702 4287 an
731 4216 869 4292 vellent
893 4215 1036 4293 dictum
1063 4217 1236 4295 ordinem
1261 4217 1307 4294 ab
1339 4217 1414 4295 hiis
1437 4247 1512 4324 que
1538 4219 1608 4293 sibi
1631 4212 1923 4320 imponebantur

501 4334 722 4435 defendere,
746 4345 1023 4450 responderunt
1047 4348 1152 4452 quod
1178 4350 1250 4438 sic,
1277 4348 1366 4453 quia
1384 4372 1577 4451 nunquam
1599 4344 1638 4419 in
1666 4342 1765 4419 dicto
1786 4344 1921 4422 ordine

498 4466 671 4548 viderunt
689 4474 761 4551 nisi
785 4475 942 4551 bonum.
969 4474 1153 4552 Dixerunt
1176 4496 1302 4554 tamen
1329 4473 1501 4552 custodes
1523 4499 1655 4549 eorum
1675 4472 1782 4580 quod
1807 4474 1922 4553 frater

499 4594 686 4674 lohannes
703 4602 750 4674 de
765 4604 1039 4696 Manberehim,
1062 4605 1109 4680 de
1125 4608 1339 4684 communia
1355 4607 1530 4694 istorum,
1552 4605 1731 4681 remansit
1747 4603 1919 4684 infirmus

500 4721 547 4796 ad
568 4743 744 4816 mortem;
765 4734 1040 4840 propterquod
1068 4763 1191 4812 coram
1222 4738 1363 4816 eisdem
1383 4735 1545 4813 dominis
1560 4736 1823 4813 commissoriis
1841 4764 1916 4812 non

474 4867 479 4875 ’
497 4874 657 4932 venerat.
