4080 6052
313 542 386 615 aaa
698 521 893 617 Paocts
918 541 1014 614 uns
1040 538 1341 612 scaenicus

188 736 191 741 .
309 681 505 788 respondit
520 680 628 788 quod
646 681 707 759 sic·
718 681 942 769 multorum,
957 706 1124 788 quonam
1142 678 1298 756 nomina
1310 677 1474 785 ignorat,
1487 678 1564 784 qui
1577 680 1732 788 recipio·

308 815 450 891 bantur
465 813 506 889 in
525 812 641 891 domo
660 814 815 921 Templi·
830 812 1010 901 Parisios,
1034 827 1072 887 et
1090 810 1340 918 postmodum
1363 809 1616 889 incontinenti
1635 841 1731 893 rece

310 944 470 1034 debant,
493 960 538 1021 at:
553 944 653 1021 vidit:
670 944 814 1022 ibid-
833 943 950 1051 recipi
972 940 1128 1021 fratrem
1147 941 1385 1049 Stephanum
1405 941 1457 1019 ds
1473 942 1606 1019 Tanna
1620 971 1726 1050 pras*

307 1074 492 1163 bitcrum,
529 1074 748 1153 Parisiensis
779 1074 954 1165 diocesis,
989 1074 1131 1162 uirum,
1166 1100 1235 1179 per
1269 1071 1423 1150 fratrem
1456 1073 1650 1181 llngoncm
1674 1074 1723 1153 de

311 1204 486 1293 Peraldo,
508 1223 553 1283 ut
575 1205 827 1297 sibi-ridetur,
848 1222 938 1285 sunt
953 1206 1102 1283 circiter
1124 1233 1175 1282 vu
1196 1205 1301 1295 anni,
1324 1205 1372 1283 de
1392 1202 1633 1310 presentibus
1649 1214 1724 1283 non

310 1336 544 1426 recordatum
567 1355 606 1413 et
628 1336 781 1416 fratrem
810 1339 1023 1417 Johaunom
1049 1336 1097 1413 de
1121 1335 1290 1443 Folbayo
1311 1334 1410 1442 juris
1432 1334 1622 1442 peritum,
1644 1354 1726 1415 sunt

309 1496 358 1545 vu
384 1467 476 1543 anni
494 1467 555 1543 vol
580 1469 691 1561 circa,
712 1496 781 1573 per
803 1468 966 1547 fratrem
984 1468 1197 1546 Iohannem
1222 1467 1270 1543 de
1295 1466 1724 1546 Turnotbesaumriun

311 1595 461 1701 Templi
485 1596 717 1687 Parisiensis,
743 1598 886 1685 vivum,
911 1597 1153 1704 presentibus
1180 1595 1358 1673 fratribus
1379 1597 1494 1673 Petno
1512 1604 1723 1703 proneptem

311 1728 448 1803 domus
457 1726 606 1832 Templi
620 1727 855 1813 Parisiensist
872 1744 911 1803 et
929 1727 1013 1805 aliis
1033 1726 1083 1803 de
1102 1725 1244 1833 quibus
1263 1753 1340 1803 non
1359 1724 1511 1817 recolit,
1530 1724 1722 1833 inquibus

310 1857 467 1962 quidem
495 1856 780 1963 recepcionihus
805 1884 883 1934 non
907 1856 1001 1934 vidit
1028 1854 1173 1963 aliquid
1196 1854 1373 1933 illicitum
1396 1854 1471 1932 rel'
1485 1852 1721 1934 inbonsstnn

310 1986 410 2077 fieri;
437 2003 523 2091 post
544 1988 783 2092 recepciones
806 2004 934 2062 autem
959 1985 1146 2091 predictas
1167 1984 1404 2061 ducebantur
1425 1984 1571 2091 recepti
1597 1984 1646 2061 ad
1670 2014 1723 2063 ‹n-

311 2145 431 2192 meras
454 2145 522 2221 per
551 2114 683 2192 fratres
710 2117 869 2204 ordinis,
893 2117 933 2192 in
960 2115 1101 2222 quibus
1125 2114 1285 2221 quidem
1309 2114 1469 2191 cameris
1485 2111 1723 2195 tradebantur

311 2247 365 2321 eis
385 2263 507 2322 vestes
527 2246 689 2335 ordinis,
716 2263 754 2324 et
767 2246 1024 2325 dimittebant
1046 2263 1168 2323 vestes
1191 2243 1399 2331 secadares,
1424 2262 1464 2331 et
1487 2246 1610 2323 nescit
1634 2244 1721 2325 siin

309 2376 595 2453 dictis-cameris
611 2394 703 2454 tunc
718 2376 948 2485 abnegarent
966 2375 1024 2455 rel
1043 2392 1225 2483 spuerent
1243 2402 1359 2483 supra
1374 2402 1545 2491 crucem,
1561 2374 1622 2457 tal
1635 2374 1721 2453 lace·

308 2524 392 2583 rent
401 2506 529 2584 oscula
538 2507 750 2596 inhonesta,¹
762 2508 822 2586 vel
830 2508 1029 2585 carnaliter
1038 2507 1386 2593 commiscerentur,
1397 2502 1457 2583 vel
1469 2504 1619 2613 aliquid
1628 2506 1721 2584 alind

308 2636 482 2714 illicitum
497 2637 678 2728 facerent,
700 2666 770 2715 nec
784 2640 854 2716 scit
873 2668 943 2715 nec
957 2639 1078 2715 credit
1091 2636 1196 2743 quod
1210 2636 1263 2713 ibi
1277 2636 1378 2713 male
1391 2653 1551 2743 agerent
1562 2636 1719 2728 vel-non,

308 2785 352 2843 ut
367 2769 562 2874 respondit
578 2770 793 2877 requisitus.

364 2899 615 3005 Interrogatus
634 2900 718 2992 ubi,
740 2928 959 3006 perquem,
979 2898 1142 3007 qualiter
1161 2915 1198 2974 et
1220 2897 1373 3004 quando
1396 2914 1569 3006 recaptus
1584 2894 1716 2986 bremt,

308 3029 504 3133 respondit
521 3057 561 3105 se
584 3031 623 3105 in
643 3059 776 3139 magna
796 3030 938 3137 capella
962 3030 1181 3107 Parisiensis
1202 3028 1340 3104 domus
1363 3029 1518 3136 Templi
1535 3027 1645 3107 baisse
1661 3056 1719 3105 re·

308 3174 470 3263 ceptum,
491 3159 530 3235 in
546 3160 669 3266 vigilia
681 3163 836 3250 Pasche,
852 3179 965 3238 erunt
975 3162 1106 3270 viginti
1124 3158 1401 3247 comatulus,
1423 3177 1468 3240 ut
1479 3160 1553 3238 sibi
1569 3160 1720 3249 videtur,

307 3316 376 3393 per
388 3287 542 3364 fratrem
553 3291 763 3366 iohannem
778 3290 825 3367 de
840 3294 990 3380 Tamo,
1006 3291 1199 3398 quondam
1216 3291 1493 3367 thesaurarium
1511 3308 1602 3366 tunc
1617 3292 1723 3367 Tem·

306 3417 358 3523 pli
377 3420 607 3512 Parisiensis,
630 3421 870 3526 presentibus
888 3420 1066 3498 iratribus
1087 3424 1126 3497 P.
1147 3423 1194 3498 de
1211 3425 1325 3498 Torta
1336 3422 1430 3501 Villa
1446 3421 1606 3497 levatore
1621 3420 1720 3495 redi·

305 3565 417 3625 tuum
452 3568 490 3626 et
522 3580 704 3629 censuum
735 3552 833 3628 dicte
864 3554 1002 3629 domus
1030 3553 1203 3657 Templi,
1239 3552 1388 3629 Nicolao
1414 3548 1602 3656 Flamengi
1623 3566 1716 3624 tunc

305 3698 521 3787 preceptore
543 3682 590 3758 de
615 3683 827 3791 latigniaco
848 3684 950 3775 Sico,
978 3702 1016 3760 et
1040 3684 1122 3759 aliis
1147 3685 1195 3759 de
1217 3712 1383 3789 quorum
1404 3677 1622 3757 nominibus
1640 3708 1716 3756 non

305 3812 533 3906 recordatur,
568 3842 636 3918 per
659 3815 761 3890 hunc
792 3814 962 3891 modum.
992 3817 1083 3891 Nam
1114 3815 1237 3919 primo
1261 3815 1359 3889 vovit
1394 3829 1432 3888 et
1450 3810 1590 3920 jurarit
1618 3810 1720 3891 casti·

304 3959 435 4031 tatem,
448 3944 724 4035 obedienciam,
742 3948 863 4023 vivere
885 3948 965 4024 sine
978 3946 1142 4051 proprio,
1161 3974 1237 4021 non
1250 3944 1416 4022 revelare
1428 3960 1570 4021 secreta
1585 3943 1719 4048 capitu·

303 4070 458 4165 liorum,
478 4104 554 4152 non
572 4076 760 4154 dimittere
777 4077 920 4153 dictum
940 4078 1114 4153 ordinem
1132 4104 1201 4181 pro
1222 4074 1368 4152 meliori
1389 4074 1449 4151 vel
1468 4074 1609 4180 pejori3
1625 4089 1718 4178 post-

304 4204 460 4282 modum
485 4209 641 4285 tradidit
671 4209 703 4284 ei
730 4207 979 4296 mantellum,
1005 4223 1043 4283 et
1070 4208 1148 4312 ipse
1171 4224 1343 4312 receptor
1366 4224 1405 4283 et
1426 4204 1543 4281 frater
1566 4202 1651 4282 Odo
1674 4201 1716 4278 de

305 4352 429 4410 sancto
458 4338 658 4429 Quintino,
685 4356 775 4415 tunc
809 4355 958 4415 curatus
985 4338 1083 4413 dicte
1115 4336 1253 4414 domus
1278 4334 1447 4441 Templi,
1479 4336 1546 4442 qui
1573 4333 1713 4417 aderat,

304 4462 457 4542 luerunt
480 4496 569 4543 eum
592 4468 746 4545 osculati
773 4469 811 4544 in
837 4495 919 4555 ore,
940 4486 977 4544 et
999 4469 1123 4544 dictus
1142 4465 1339 4573 presbyter
1364 4463 1513 4542 dicebat
1535 4463 1714 4571 psalmum

304 4591 467 4670 Ecclesia
481 4628 490 4670 :
505 4599 627 4690 Quam
642 4599 803 4690 bonum,
817 4617 855 4675 et
870 4600 978 4675 Pater
997 4617 1139 4686 noster,
1159 4616 1196 4673 ct
1208 4596 1428 4675 versiculos:
1441 4596 1548 4674 Mitte
1569 4596 1603 4672 ei
1621 4592 1716 4669 auri·¹

305 4718 400 4794 lium
422 4724 468 4797 de
490 4747 631 4813 sancto,
652 4732 767 4807 nichil
788 4731 956 4837 proficiat
975 4731 1150 4806 inimicus
1169 4730 1208 4804 in
1227 4755 1298 4805 eo:
1317 4730 1406 4804 Esto
1428 4728 1463 4803 ei
1483 4726 1600 4803 turris
1617 4720 1711 4800 lorti·

307 4849 465 4940 tudinis,
495 4871 532 4929 ot
559 4861 802 4937 oracionem:
832 4863 1016 4939 Pretende
1045 4860 1187 4937 famulo
1215 4877 1299 4951 tuo,
1322 4859 1503 4950 Domine,
1531 4859 1708 4934 dexteram
