4080 6052
693 498 897 594 raeces
916 512 1012 591 oss
1037 514 1339 587 rrursrras.
1378 536 1380 547 >
1650 509 1724 591 ¹itm

306 664 427 745 censis
439 654 662 751 menesium,
679 663 899 753 servientes,
914 652 980 767 qui
993 658 1230 803 juraverunt,
1245 654 1351 732 tactis
1367 656 1607 747 saerosanctis
1617 656 1728 737 Evae

305 798 428 907 geliis,
445 795 570 872 dicere
588 792 742 900 plenam
757 811 796 871 et
809 819 954 870 meram
968 785 1163 868 veritatem
1180 786 1221 864 in
1238 787 1394 896 negocio
1412 785 1727 874 isto,secundu1n

303 926 494 1019 somam
479 925 684 1034 juramenti
706 925 866 1005 ationem
886 921 1042 1000 testium
1063 919 1239 1091 superius
1256 918 1505 1026 registratam,
1525 920 1726 1026 expositam

305 1075 343 1135 et
360 1056 623 1165 rukariratam
642 1056 800 1133 eisdem
1663 1082 1665 1086 ⁴

361 1183 462 1265 Post
469 1215 544 1294 que
564 1186 678 1263 frater
692 1186 881 1264 hebertus
899 1185 938 1265 le
954 1182 1085 1290 Brieys
1107 1180 1337 1260 Senenensis
1356 1178 1530 1270 diocesis,
1547 1181 1727 1273 serviens,

304 1334 505 1423 preceptor
525 1317 662 1394 domus
682 1316 831 1423 Templi
855 1316 905 1393 de
923 1314 1126 1392 Semerens
1144 1308 1407 1393 Ambianeusis
1423 1307 1603 1404 diocesis,
1624 1312 1729 1390 testis

306 1475 420 1554 supra
435 1448 603 1555 juratam,
625 1447 789 1523 existens
808 1474 935 1525 ceram
954 1440 1098 1520 eisdem
1116 1441 1282 1521 dominis
1303 1438 1583 1533 commissoriis,
1603 1445 1729 1551 requi-

305 1577 399 1654 situs
413 1604 531 1683 quare
547 1604 625 1653 nen
641 1574 835 1657 deserebat
848 1573 1094 1663 mantellum,
1113 1568 1309 1678 respondit
1325 1566 1431 1676 quod
1445 1585 1627 1648 vetustate
1643 1601 1730 1650 ceu-

304 1724 477 1811 sumptus
500 1706 642 1805 fueras,
669 1724 724 1795 et,
750 1723 836 1812 pest
853 1702 1057 1783 concilium
1078 1705 1280 1792 Ramesses,
1302 1700 1498 1778 dimiserat
1513 1703 1639 1808 ipsum
1665 1733 1729 1780 ve-

304 1838 483 1926 luntarie,
509 1854 548 1913 et
569 1836 651 1913 radi
674 1837 814 1913 lecerat
839 1835 910 1912 sibi
933 1831 1108 1921 barbam,
1129 1849 1169 1908 et
1193 1831 1233 1908 in
1258 1830 1395 1908 eedem
1424 1830 1584 1908 concilio
1608 1830 1730 1910 fuerat

306 1960 530 2072 inquisitum
552 1994 642 2047 cum
668 1992 730 2057 ee,
753 1983 791 2042 et
810 1964 1064 2042 absolutus'et
1083 1960 1346 2041 reconciliatus
1364 1988 1433 2068 per
1452 1961 1731 2042 dominum-ar-

307 2096 591 2203 ehiepiscopum
628 2098 874 2185 llemensem,
910 2110 949 2169 et
980 2109 1037 2170 est
1061 2093 1172 2169 statis
1196 2118 1291 2171 xxxv
1321 2119 1508 2168 annerum
1533 2092 1593 2169 vel
1620 2094 1727 2177 circe.

307 2226 430 2303 Lectis
446 2242 573 2302 autem
589 2242 628 2301 et
639 2222 840 2332 diligenter
856 2223 1033 2329 expositis
1047 2222 1118 2299 sibi
1135 2223 1314 2299 omnihus
1328 2239 1367 2298 et
1380 2222 1538 2328 singulis
1551 2224 1727 2316 articulis,

306 2356 505 2462 respondit
523 2356 571 2432 ad
590 2382 674 2443 ees,
696 2371 737 2431 et-
752 2355 877 2461 primo
894 2355 945 2430 ad
966 2352 1112 2458 primes
1128 2379 1187 2442 xv,
1210 2352 1315 2457 quod
1334 2379 1411 2428 nen
1432 2351 1652 2429 interfuerat
1671 2383 1730 2430 ca-

307 2487 439 2592 pitulis
458 2514 528 2562 nec
555 2484 840 2591 recepeionibus
866 2484 1044 2572 alierum,
1065 2499 1105 2559 et
1128 2483 1216 2559 ideo
1239 2481 1429 2558 nesciebat
1452 2481 1613 2588 qualiter
1635 2487 1731 2561 reci-

306 2616 519 2721 piebantur,
538 2615 605 2693 sed
625 2614 804 2692 credebat
826 2613 933 2720 qued
953 2612 1213 2718 reciperentur
1233 2612 1428 2717 sicutipse
1447 2609 1727 2720 fuitrecepsua

305 2747 394 2851 quia
423 2745 497 2823 hec
522 2745 665 2822 dixerat
694 2744 729 2822 ei
757 2744 796 2820 in
824 2742 1045 2849 recepciene
1074 2770 1142 2825 sua
1170 2740 1285 2818 frater
1310 2743 1499 2820 lohannes
1526 2743 1575 2819 de
1599 2748 1729 2824 Turne

306 2875 561 2953 thesaurarius
579 2873 731 2981 Templi
756 2874 992 2962 Parisiensis,
1014 2873 1054 2957 in
1081 2901 1210 2949 mense
1233 2871 1394 2961 octobri,
1416 2875 1587 2978 proximo
1606 2894 1729 2983 prete-

307 3006 380 3084 rito
414 3005 569 3081 luerunt
605 3031 670 3081 xur
697 3005 784 3079 anni
813 3003 871 3080 vel
900 3003 1020 3091 circa,
1049 3005 1090 3079 in
1118 3002 1257 3109 capella
1291 3001 1405 3083 saneti
1442 3003 1553 3081 Blasii
1593 3007 1730 3085 demus

308 3134 461 3240 Templi
484 3134 719 3221 Parisiensis,
746 3136 786 3210 in
811 3163 884 3241 qua
910 3133 1052 3241 recepit
1071 3162 1160 3210 eum
1179 3133 1418 3240 presentibus
1440 3125 1731 3246 fratribus'lluy-

308 3265 415 3343 nerie
435 3265 483 3341 de
503 3264 689 3341 Larehant
713 3264 942 3341 Senenensis
969 3263 1149 3352 diocesis,
1174 3281 1214 3341 et
1234 3263 1409 3342 Renardo
1433 3266 1643 3370 presbitero
1663 3298 1730 3344 cu-

307 3413 387 3472 rato
415 3395 572 3473 ecclesie
597 3412 689 3471 tunc
719 3394 817 3472 dicte
845 3395 1002 3485 domus,
1031 3394 1122 3473 vivis
1148 3411 1192 3471 ut
1221 3395 1360 3485 credit,
1391 3393 1601 3489 Guillelmo
1628 3397 1728 3476 dicto

307 3525 451 3613 Gloria,
470 3543 507 3603 et
527 3524 735 3606 Guillelmo
755 3524 1031 3604 Molendinario
1049 3524 1310 3611 servientibus,
1333 3525 1549 3615 deffimetis,
1569 3527 1609 3602 in
1627 3527 1729 3605 bunc

305 3657 487 3734 modum:
506 3686 593 3733 nam
614 3685 701 3733 cum
720 3657 974 3762 requisivisset
992 3685 1129 3762 panem
1151 3671 1188 3731 et
1208 3684 1362 3762 aquam,
1381 3673 1420 3732 et
1438 3658 1654 3737 societatem
1666 3687 1729 3737 er-

308 3786 422 3876 dinis‚
451 3787 651 3874 concessit,
680 3787 748 3862 sed
778 3785 871 3861 dixit
905 3788 939 3863 ei
972 3787 1077 3892 quod
1100 3786 1199 3863 bene
1225 3785 1469 3876 deliberaret,
1501 3789 1590 3894 quia
1619 3818 1729 3896 opor-

307 3931 405 3992 teret
439 3916 527 3991 eum
559 3914 679 3990 multa
705 3914 891 3994 sustinere
921 3915 960 3991 in
994 3915 1148 4003 ordine,
1179 3932 1217 3992 et
1245 3914 1350 4022 quod
1385 3917 1500 3994 exiret
1531 3920 1725 4025 capellam.

308 4045 557 4123 Postmodum
575 4043 769 4121 reintravit
785 4044 963 4150 capellam
985 4045 1210 4151 predictam,
1225 4062 1264 4122 et
1282 4046 1396 4153 peciit
1414 4047 1462 4123 id.
1474 4050 1579 4155 quod
1597 4079 1726 4158 supra3
1843 4091 1846 4098 ·

310 4193 349 4253 et
362 4205 450 4253 cum
464 4176 596 4254 fixisset
614 4204 837 4282 responsum
857 4176 979 4269 idem,
1001 4177 1197 4254 etiterum
1218 4176 1366 4255 exiisset
1378 4195 1416 4255 et
1432 4179 1620 4273 rediisset,
1641 4179 1730 4259 lina·

308 4307 395 4385 liter
418 4308 509 4385 lecit
532 4337 621 4387 eum
647 4307 774 4415 jarare
799 4334 913 4413 super
940 4307 1132 4415 quendam
1156 4306 1299 4384 librum
1324 4307 1363 4383 in
1381 4337 1464 4415 que
1491 4328 1570 4387 erat
1594 4339 1728 4420 ymago

308 4439 503 4525 Crucifixi,
525 4438 630 4546 quod
649 4466 728 4515 non
753 4435 933 4515 revelaret
957 4455 1099 4516 secreta
1119 4437 1400 4544 capitaliorem,
1428 4457 1466 4518 et
1484 4441 1589 4547 quod
1609 4469 1729 4519 serva·

309 4587 366 4645 ret
393 4569 617 4660 castitatem,
645 4568 924 4659 obedienciam,
957 4587 996 4647 et
1021 4570 1160 4647 viveret
1185 4569 1266 4653 sine
1288 4572 1464 4677 prepri03
1484 4572 1728 4679 postmodum

309 4700 490 4807 imposuit
514 4700 585 4778 sibi
611 4698 857 4787 mantellum,
879 4701 945 4778 sed
971 4728 1049 4783 nen
1075 4699 1148 4777 fuit
1169 4729 1257 4778 eum
1278 4702 1465 4789 esculatus
1489 4701 1531 4779 ln
1552 4731 1639 4794 ore,
1658 4732 1729 4782 nec

311 4831 429 4908 eciam
448 4848 630 4922 astantesa
646 4847 731 4938 pest
749 4857 825 4936 que
844 4832 1013 4938 precepit
1021 4831 1062 4909 ei
1077 4830 1181 4940 quod
1201 4831 1403 4941 abnegaret
1422 4825 1568 4926 Deum,
1586 4852 1624 4912 et
1641 4863 1728 4912 eum
