4080 6052
307 522 381 597 uso
690 503 1006 596 saochsuas
1032 516 1332 592 raurarsas.

307 663 424 771 quod·
439 663 486 737 de
512 660 586 739 hiis
609 686 688 768 que
705 660 954 739 obmittebmt
977 659 1102 736 dicere
1127 676 1279 764 propter
1296 654 1567 735 verecundiam
1588 657 1719 745 carnis,

306 819 420 898 quam
441 789 674 897 intelligebat
693 818 736 868 err
757 793 829 869 hoc
842 790 929 897 quia
948 786 1120 896 expoliati
1137 788 1472 893 disciplinehantur
1491 786 1533 861 in
1553 784 1719 892 publico,

306 924 363 1000 vel
378 939 531 1028 propter
550 939 695 997 metum
709 946 889 1027 penarum
912 937 950 997 et
968 918 1165 1025 discipline
1185 920 1345 1008 ordinis,
1365 915 1528 994 faciebat
1545 917 1596 993 eis
1615 917 1716 993 illam

307 1053 587 1160 indulgenciam
599 1076 712 1158 quam
726 1069 888 1158 poterat,
904 1050 973 1128 sed
984 1050 1065 1156 ipse
1076 1052 1276 1128 testisuon
1289 1048 1466 1127 credebat
1480 1064 1633 1153 propter
1645 1047 1715 1126 hec

308 1211 388 1261 esse
407 1181 603 1260 absolutus
623 1184 921 1288 supercaelestes
939 1182 1060 1259 credit
1076 1182 1181 1287 quod
1201 1182 1264 1257 alii
1284 1179 1416 1257 iratres
1431 1177 1641 1255 crederent
1653 1180 1715 1254 tu·

305 1315 526 1391 rabant-uon
541 1313 734 1391 dimittere
745 1313 918 1391 ordinem
938 1338 1006 1419 pro
1026 1308 1173 1390 meliori
1185 1313 1243 1389 vel
1262 1337 1330 1417 pro
1351 1310 1491 1416 pejori,
1514 1309 1641 1386 staum
1654 1336 1717 1414 pro

305 1442 480 1550 professis
505 1443 760 1533 habebantur,
786 1442 1195 1521 clamdestine-fiebant
1219 1441 1459 1547 recepciones
1482 1458 1522 1517 et
1547 1439 1717 1545 capitalia

304 1575 418 1650 nullis
437 1572 676 1679 presentibus
694 1574 766 1650 nisi
785 1573 962 1650 fratribus
981 1572 1137 1651 ordinis.
1154 1571 1334 1650 (leudulis
1352 1570 1459 1649 unde
1475 1569 1647 1647 volebant
1661 1596 1716 1645 as-

304 1705 464 1811 sumptis
484 1705 608 1782 striote
629 1705 872 1813 cingebantur
891 1705 929 1781 in
950 1702 1158 1810 penitencie
1178 1728 1293 1808 super
1311 1727 1458 1807 pannos
1472 1701 1609 1788 lineos,
1627 1726 1713 1776 curu

303 1837 443 1942 quihus
461 1835 651 1943 jacebant,
671 1862 740 1913 nec
758 1834 902 1912 audivit
920 1834 1025 1940 quod
1044 1835 1161 1939 cupita
1182 1834 1503 1939 ydolorumcum
1522 1832 1577 1907 eis
1591 1847 1714 1936 tange·

303 1985 456 2051 rentur,
474 1967 541 2070 qui
564 1965 786 2043 revelassent
810 1981 949 2042 secreta
976 1965 1194 2042 atmodum
1214 1962 1466 2067 receptionis,
1489 1959 1650 2036 fuissent
1667 1958 1719 2035 in·

304 2093 479 2171 carcerati
498 2110 535 2168 et
554 2094 662 2169 aliter
680 2095 819 2199 punitis
840 2095 920 2170 sine
940 2094 1093 2170 licencia
1109 2120 1186 2170 non
1199 2111 1374 2200 poterant
1387 2091 1460 2166 nisi
1472 2088 1655 2167 hatribus
1668 2118 1718 2166 sa·

305 2221 520 2299 cerdotihus
536 2223 679 2299 ordinis
698 2224 879 2301 confiteri.
896 2227 979 2330 lpse
996 2242 1123 2302 autern
1138 2225 1243 2301 testis
1258 2224 1454 2301 confessus
1468 2220 1544 2298 suit
1559 2223 1611 2298 de
1627 2222 1717 2298 dicta

305 2351 552 2457 abnegacione
569 2369 607 2430 et
626 2354 673 2430 de
688 2354 867 2432 omnibus
881 2354 964 2431 aliis
981 2355 1140 2461 peccatis
1157 2356 1251 2441 suis,
1269 2371 1313 2431 ut
1332 2353 1442 2451 dixit,
1464 2353 1563 2429 iufra
1584 2380 1716 2431 aunum

305 2510 323 2555 a
341 2483 561 2587 reeepcione
580 2510 663 2572 sua,
686 2485 726 2560 in
745 2486 884 2592 capella
908 2487 1022 2562 sancti
1043 2485 1221 2590 Stephani
1244 2486 1341 2561 dicte
1361 2482 1510 2560 Domus
1532 2484 1586 2560 de
1604 2486 1718 2561 Reue-

304 2611 401 2698 ville,
423 2611 525 2690 fratri
543 2614 728 2692 Michaelli
749 2615 798 2691 de
820 2616 975 2705 Falesia,
990 2614 1183 2722 quondam
1196 2611 1387 2720 capellano
1403 2613 1495 2689 dicti
1517 2611 1653 2692 locide
1669 2640 1718 2689 or

306 2742 392 2818 dine
413 2771 562 2836 eorum,
579 2745 643 2850 qui
662 2744 819 2821 absolvit
840 2770 940 2834 eum,
957 2743 1134 2852 injunctis
1152 2744 1224 2821 sibi
1242 2746 1281 2820 in
1300 2736 1513 2849 penitencia
1533 2769 1595 2820 xm
1612 2743 1715 2820 Pater

306 2890 427 2959 noster,
453 2875 629 2952 omnibus
648 2876 786 2952 diebus
802 2877 875 2953 vite
896 2906 984 2963 sue,
1007 2892 1132 2981 preter
1151 2875 1222 2952 alia
1241 2903 1315 2981 que
1336 2873 1503 2950 debebat
1527 2875 1660 2956 dicere,
1675 2889 1713 2948 et

305 3001 403 3074 inter
423 3003 493 3076 alia
513 3003 605 3079 dixit
621 3005 691 3081 sibi
708 3007 829 3082 dictus
842 3007 1074 3112 capellanus,
1092 3005 1190 3082 Situ
1206 3006 1366 3112 negasti,
1384 3030 1454 3109 ego
1472 3030 1551 3081 non
1566 3028 1713 3109 possum
1778 2999 1783 3006 ⁴

305 3129 419 3204 aliud.
437 3131 474 3206 Si
488 3132 618 3208 fratres
634 3136 777 3212 ordinis
796 3137 960 3214 sciebant
980 3163 1125 3214 errores
1137 3137 1343 3241 predictos,
1361 3134 1518 3210 luerunt
1530 3134 1716 3241 negligen-

306 3278 380 3349 tes,
410 3262 496 3364 quia
527 3290 600 3339 non
631 3283 870 3342 correxerunt
895 3294 962 3345 uec
988 3268 1305 3344 denunciaverunt
1334 3266 1511 3350 Ecclesia,
1537 3282 1574 3341 et
1598 3264 1715 3339 credit

305 3393 408 3492 quod
427 3389 542 3497 aliqui
565 3424 607 3469 er
632 3397 888 3501 superioribus
909 3398 994 3474 dicti
1024 3399 1166 3474 ordinis
1191 3399 1430 3502 praeciperent
1448 3398 1578 3471 dictam
1599 3393 1711 3467 abne·

305 3522 495 3623 gualonem
523 3518 613 3600 fieri.
642 3524 856 3604 Elemosine
886 3547 923 3604 et
953 3528 1185 3633 hospitalitas
1210 3527 1307 3603 bene
1336 3526 1569 3601 servabantur
1593 3522 1630 3595 in
1649 3549 1709 3595 or-

306 3650 409 3734 dine,
447 3670 483 3727 et
506 3672 675 3759 tempore
696 3684 825 3764 magne
851 3660 1002 3734 carastie
1024 3660 1101 3762 ipse
1126 3659 1233 3732 testis
1259 3686 1334 3732 una
1355 3656 1417 3730 die
1450 3653 1604 3729 indicto
1631 3651 1712 3725 loco

305 3780 351 3854 de
383 3782 569 3859 Belleville
591 3783 675 3861 lecit
696 3789 774 3863 dari
802 3762 1045 3865 elemosinam
1064 3789 1242 3863 undecim
1262 3785 1417 3861 milibus
1436 3782 1717 3889 quadringentis

305 3929 340 3983 et
360 3938 460 3988 artur
480 3918 666 4019 personis,
688 3935 726 3993 et
747 3917 920 4004 bladum,
942 3920 1047 4024 quod
1073 3921 1149 4023 ipse
1171 3918 1277 3994 dedit
1297 3943 1425 3991 amore
1451 3915 1540 3999 Dei,
1562 3915 1600 3987 in
1622 3912 1715 3987 dicto

304 4069 400 4118 artno
422 4047 589 4134 curastis,
604 4047 746 4123 valebat
764 4047 860 4124 bene
881 4064 959 4125 11110‘
971 4049 1073 4125 milia
1091 4048 1203 4123 libras
1224 4047 1468 4127 Parisienses,
1495 4061 1535 4119 ut
1557 4044 1667 4131 dixit,
1682 4056 1716 4116 et

303 4172 504 4279 aliquando
524 4177 813 4254 subtrahebatur
826 4179 956 4254 vinum
976 4179 1151 4255 fratribus
1167 4195 1209 4255 ut
1228 4178 1508 4252 ministraretur
1527 4172 1716 4248 advenien-

303 4302 413 4380 tibus.
444 4308 556 4384 hicite
584 4308 773 4386 debebant
793 4310 983 4415 acquirere
1007 4309 1154 4396 ordini,
1177 4310 1244 4384 sed
1266 4336 1345 4383 non
1366 4334 1435 4411 per
1452 4304 1581 4387 nefas,
1602 4302 1715 4379 credit

303 4438 404 4536 quod
437 4439 473 4512 in
502 4440 633 4515 ordine
664 4458 873 4516 servaretur
899 4441 1003 4546 quod
1032 4468 1191 4546 magnus
1216 4440 1392 4544 Magister
1418 4463 1507 4511 curn
1535 4450 1715 4511 contentu

304 4566 509 4643 ordinabat.
522 4567 685 4645 Grandia
705 4570 873 4646 seandala
892 4587 1020 4648 contra
1040 4571 1213 4648 ordinem
1233 4585 1321 4645 sunt
1339 4584 1464 4643 exorta
1485 4582 1645 4670 propter
1661 4563 1716 4638 ille

303 4718 377 4796 que
401 4698 648 4799 imponuntur
670 4699 812 4790 eidem3
831 4701 948 4777 credit
967 4704 1073 4809 quod
1091 4703 1227 4778 modus
1242 4698 1473 4802 recepciouis
1489 4694 1712 4771 confessam

305 4849 372 4925 per
391 4851 479 4898 otuu
498 4844 594 4902 esset
607 4845 719 4907 notus
732 4831 860 4907 multis
874 4830 1050 4910 fratribus
1067 4833 1228 4920 ordinis,
1245 4847 1282 4905 ct
1295 4823 1437 4904 audivit
1447 4827 1520 4902 dici
1541 4848 1709 4931 maguum
