4080 6052
317 525 390 599 280
700 502 1348 591 PROGES'DESTEMPLIERS.

314 668 443 745 nensis
467 660 601 740 absens
625 675 723 737 esset
746 687 766 734 a
790 659 968 746 Parisius,
994 681 1073 734 non
1095 675 1269 762 poterant
1291 661 1745 774 convenienter-absque

315 797 485 905 ejusdem
506 789 650 869 domini
675 781 941 895 archiepiscopi
967 786 1138 875 consilio,
1162 787 1457 867 declaraoionem
1482 791 1597 870 ubam
1622 793 1743 876 faeere

311 930 353 1005 in
378 920 584 1032 premissis,
606 916 674 998 se'd
698 946 744 996 eo
769 919 952 996 redeunte
977 917 1154 1005 Parisius,
1177 945 1264 994 cum
1293 919 1374 1027 ejus
1398 916 1558 999 oonsilio
1579 924 1743 1005 declara·

315 1077 401 1135 rent
417 1055 561 1132 eisdem
578 1052 608 1129 si
626 1050 750 1156 aliqua
769 1066 875 1127 erant
890 1076 1005 1153 super
1022 1049 1096 1126 hoc
1106 1048 1346 1125 declaranda.
1365 1050 1640 1162 ·Addicien[te]s
1657 1086 1742 1164 pre-

316 1190 434 1265 dictos
459 1182 657 1262 dominum
677 1181 999 1286 archiepiscopum
1019 1179 1276 1256 senonensem
1302 1179 1468 1287 ejusque·
1482 1182 1738 1292 suffraganeos

314 1337 352 1395 et
367 1316 584 1401 consilium,
603 1340 623 1387 a
642 1313 723 1389 Deo
743 1308 823 1387 fore
844 1310 986 1416 peritos
1004 1321 1118 1415 qua'm
1137 1308 1235 1385 bene
1255 1309 1422 1387 sciebant
1432 1311 1509 1420 [ric]
1525 1313 1735 1396 discernere

314 1449 436 1557 qnod,
457 1475 502 1523 ex
527 1442 802 1548 significacione
828 1440 997 1546 predicta
1022 1441 1076 1517 eis
1099 1439 1208 1528 facta,
1235 1441 1424 1518 debebant
1447 1471 1560 1550 agere
1587 1447 1627 1523 in
1655 1477 1737 1554 pre·

316 1576 449 1655 missis.
627 1616 632 1629 Δ
873 1587 878 1595 ’
1007 1544 1027 1623 .'
1044 1553 1072 1666 ὁ.

311 1742 316 1755 ·
371 1711 481 1794 Item,
503 1732 590 1784 cnm
608 1706 670 1783 die
689 1690 817 1782 Martis
835 1692 1007 1809 proximo
1026 1704 1219 1809 preterita,
1239 1719 1326 1780 ante
1344 1705 1479 1781 horam
1496 1708 1629 1811 prime,
1648 1738 1737 1815 per-

313 1840 474 1915 venisset
502 1839 549 1913 ad
579 1836 752 1914 noticiam
783 1834 1005 1911 eorumdem
1036 1834 1280 1910 dominorum
1309 1835 1667 1927 commissariorum,
1693 1843 1734 1917 in

314 1970 411 2045 dista
432 1967 571 2074 capelia
597 1967 861 2055 eristencium,
885 1965 989 2070 quod
1013 1990 1089 2041 mur
1109 1964 1313 2069 Tempiarii
1342 1965 1408 2071 qui
1437 1994 1563 2043 coram
1592 1970 1733 2049 eisdem

314 2099 480 2173 dominis
500 2097 763 2174 commissariis
788 2093 1011 2173 dicebantur
1030 2122 1069 2171 se
1090 2093 1271 2170 obtulisse
1297 2095 1344 2171 ad
1366 2094 1629 2175 defensionem
1649 2101 1732 2178 dicti

313 2228 473 2313 ordinis,
497 2243 602 2303 erant
625 2212 722 2304 dicta
747 2226 808 2303 die
832 2225 1097 2312 comburendi,
1120 2242 1158 2301 et
1177 2224 1295 2301 iidem
1319 2224 1463 2301 domini
1487 2231 1730 2310 commissarii

311 2358 565 2462 precepissent
579 2346 733 2433 'eisdem
758 2357 950 2462 preposito
975 2354 1179 2432 Pictavensi
1209 2372 1248 2431 et
1274 2355 1537 2435 archidiacono
1570 2360 1731 2439 Aurelia-

310 2489 435 2578 nensi,
456 2487 561 2594 quod
581 2514 625 2564 er
643 2505 749 2593 parte
770 2515 904 2565 eorum
923 2487 1143 2563 accederent
1161 2485 1209 2560 ad
1230 2484 1373 2561 dictum
1393 2485 1596 2566 dominum
1616 2494 1731 2571 erebi-

310 2620 528 2721 episcopum
548 2619 806 2693 Senonensem
828 2618 984 2721 ejusque
1004 2609 1259 2720 suffraganeos
1278 2632 1316 2691 et
1334 2615 1553 2708 concilium,
1572 2638 1613 2696 et
1630 2623 1730 2727 quod

309 2764 486 2852 rogarent
502 2745 657 2824 eosdem
678 2764 716 2824 et
734 2747 936 2823 suaderent
953 2747 1007 2821 eis
1024 2747 1129 2850 quod
1147 2746 1312 2851 placeret
1331 2746 1384 2822 eis
1403 2746 1502 2825 bene
1522 2749 1729 2828 debborare

309 2894 347 2951 et
367 2893 511 2952 mature
531 2903 640 2981 agere
666 2878 760 2952 circa
783 2876 979 2982 premissa,
1002 2892 1039 2952 et
1058 2876 1087 2952 si
1110 2877 1162 2952 eis
1180 2876 1378 2953 videbatur
1402 2879 1497 2956 utile
1521 2879 1670 2957 differre
1690 2901 1729 2959 et

307 3005 427 3082 facere
453 3005 595 3082 differri
620 3006 802 3110 predicta,
825 3007 913 3113 quia
938 3005 1061 3083 dictus
1084 3007 1296 3112 prepositus
1322 3025 1360 3084 et
1379 3009 1491 3086 multi
1510 3009 1570 3086 aiii
1588 3040 1729 3090 assere-

306 3136 398 3212 bant
417 3136 522 3242 quod
546 3136 678 3214 iratres
699 3138 789 3214 dicti
815 3137 958 3213 ordinis
978 3137 1043 3243 qui
1065 3136 1237 3213 obierant
1257 3139 1295 3212 in
1316 3156 1484 3217 extremo
1504 3142 1577 3219 vite
1597 3171 1727 3221 eorum

308 3284 557 3355 asseruerant,
582 3267 620 3341 in
645 3267 821 3372 periculis
846 3268 1056 3343 animarum
1077 3294 1247 3351 suarum,
1273 3295 1312 3342 se
1333 3285 1371 3344 et
1389 3268 1533 3345 dictum
1554 3272 1728 3350 ordinem

306 3396 396 3472 salso
426 3397 569 3473 delatos
595 3397 709 3474 fuisse
739 3399 785 3475 de
816 3399 1037 3475 criminibus
1068 3398 1121 3474 eis
1151 3398 1352 3502 impositis;
1380 3415 1416 3475 et
1438 3401 1541 3503 quia,
1568 3402 1599 3476 si
1628 3403 1727 3478 dicta

306 3528 473 3603 executio
494 3528 617 3619 fieret,
637 3528 834 3605 videbatur
850 3556 959 3632 posse
978 3527 1163 3633 impedire
1184 3526 1351 3602 officium
1371 3528 1606 3603 dominorum
1628 3557 1727 3607 com-

305 3657 560 3733 missariorum
584 3658 859 3761 predictorum,
882 3675 920 3733 et
944 3659 1032 3762 quia
1057 3658 1172 3733 eciam
1198 3675 1312 3734 testes
1337 3657 1463 3762 aliqui,
1484 3657 1641 3734 adducti
1665 3688 1726 3737 ea-

305 3789 391 3863 dem
413 3789 474 3864 die
495 3805 533 3863 et
552 3788 766 3893 precedenti
792 3816 916 3864 coram
938 3788 1027 3892 ipsis
1047 3788 1210 3863 dominis
1230 3788 1490 3865 commissoriis
1509 3787 1547 3863 iu
1568 3789 1726 3897 inquisi-

304 3919 410 3993 cione
430 3916 612 4021 predicta,
633 3934 738 3992 erant
754 3917 848 3993 adeo
867 3917 1046 4004 exterriti,
1066 3918 1213 3992 racione
1234 3944 1478 4020 processuum
1493 3943 1591 4024 quos
1610 3920 1722 3998 iidem

305 4047 448 4122 domini
469 4047 728 4134 commissarii,
751 4039 1050 4153 archiepiscopus
1075 4048 1303 4125 Senonensis
1324 4049 1480 4154 ejusque
1501 4048 1720 4156 suffraganei

304 4193 341 4248 et
363 4176 563 4253 concilium
581 4177 708 4255 secisse
732 4195 769 4254 et
785 4177 915 4255 facturi
934 4205 1015 4255 esse
1035 4178 1266 4263 dicebantur,
1284 4179 1387 4282 quod
1404 4206 1482 4255 non
1498 4179 1721 4257 videbantur

304 4333 383 4381 esse
401 4309 439 4382 in
459 4308 571 4412 pleno
591 4336 702 4386 sensu
724 4337 809 4396 suo,
833 4337 876 4384 ex
894 4310 1031 4385 timore
1051 4309 1235 4414 predicto,
1258 4335 1328 4384 nec
1348 4336 1428 4385 esse
1448 4310 1588 4416 ydonei
1613 4311 1660 4387 ad
1678 4310 1721 4387 fe

302 4421 736 4517 rendum'testimonium
752 4441 790 4514 in
806 4439 1054 4544 inquisicione
1068 4440 1250 4545 predicta,
1267 4437 1473 4545 fuissetque
1488 4459 1716 4546 reportatum

303 4566 449 4647 eisdem¹
463 4568 626 4646 dominis
643 4570 920 4659 commissaliis,
940 4587 984 4647 ut
1001 4571 1190 4656 dixerunt,
1210 4569 1413 4674 aquodam
1431 4569 1545 4647 fuisse
1564 4571 1714 4655 dictum,

303 4719 424 4767 coram
446 4694 599 4773 domino
618 4701 894 4806 archiepiscopo
914 4700 1120 4778 Senonensi
1140 4701 1296 4805 ejusque
1315 4699 1558 4806 suffraganeis
1577 4718 1614 4777 et
1631 4725 1713 4774 oon-

302 4821 387 4898 cilio
413 4829 641 4917 memoratis,
664 4831 768 4934 quod
792 4831 880 4908 dicti
905 4834 1116 4937 prepositus
1136 4829 1357 4906 Pictavensis
1377 4847 1415 4906 et
1433 4829 1711 4907 archidiaconus
