4080 6052
690 545 885 637 procas
911 563 1005 635 nus
1030 564 1331 639 rnururnas.
1646 571 1715 641 sor

308 702 459 781 dotibus
476 703 631 780 ordinis.
656 702 713 780 llli
738 706 804 811 qui
829 703 1113 782 committebant
1131 733 1278 784 errores
1298 725 1336 784 et
1357 708 1422 814 qui
1444 734 1508 782 cos
1533 707 1718 800 sciebant,

305 831 458 909 luerunt
477 833 726 940 negligentes,
752 835 935 941 quianon
961 853 1203 915 correxerunt
1226 865 1291 914 eos
1314 865 1383 913 nec
1405 837 1722 914 denunciaverunt

305 961 480 1039 Ecclesia.
509 952 764 1040 Eleemosinas
793 981 830 1040 et
854 962 1144 1070 hospitalitatem
1170 965 1262 1041 vidit
1286 965 1551 1042 convenienter
1574 967 1657 1042 lieri
1683 968 1721 1042 in

306 1090 439 1167 ordine
461 1108 500 1168 et
520 1093 672 1183 servari,
701 1110 740 1169 et
764 1090 1007 1171 inhibebatur
1031 1093 1085 1171 eis
1107 1095 1213 1199 quod
1242 1123 1317 1171 non
1339 1094 1576 1202 acquirerent
1598 1096 1720 1171 ordini

306 1246 374 1324 per
391 1220 506 1297 nefas.
526 1221 637 1298 Missa
657 1222 841 1299 celebrata
856 1239 895 1300 et
906 1250 1078 1301 sermone
1095 1223 1190 1300 sacto
1205 1252 1273 1330 per
1292 1224 1457 1331 aliquem
1473 1224 1720 1333 relligiosum,

307 1350 354 1425 de
376 1350 437 1426 die
458 1350 632 1455 capitulis
652 1379 785 1429 eorum
809 1353 997 1460 generalia
1016 1352 1255 1445 tenebantur,
1274 1353 1402 1459 januis
1426 1354 1572 1430 clausis.
1594 1353 1723 1433 Credit

305 1479 409 1584 quod
429 1496 532 1557 totus
552 1482 646 1557 ordo
666 1500 846 1559 servasset
868 1513 942 1588 que
967 1511 1124 1588 magnus
1145 1484 1320 1586 Magister
1339 1511 1424 1558 cum
1447 1500 1629 1560 conventu
1651 1502 1723 1559 sta-

304 1609 456 1700 tuisset,
483 1626 522 1685 et
549 1610 654 1727 quod
683 1638 784 1687 nunc
807 1610 964 1720 grandia
993 1611 1181 1702 scandala,
1212 1612 1374 1719 suspicio
1407 1590 1445 1688 et
1467 1612 1619 1688 infamia
1650 1614 1724 1688 sint

304 1755 457 1843 propter
480 1740 648 1845 predicta
671 1757 801 1818 contra
828 1741 1003 1817 ordinem
1030 1757 1177 1827 exorta,
1204 1742 1271 1816 sed
1296 1767 1372 1817 non
1393 1757 1477 1817 ante
1506 1741 1720 1845 capcionem

307 1896 450 1945 eorum.
482 1869 635 1975 Audivit
662 1869 735 1945 dici
762 1897 942 1975 magnum
966 1869 1187 1974 Magistrum
1203 1885 1250 1945 et
1277 1869 1369 1945 alios
1390 1868 1536 1976 aliquos
1560 1898 1720 1961 errores,

307 2000 425 2074 nescit
446 2026 558 2104 quos,
580 1997 769 2076 confessos
787 1999 902 2076 luisse
919 2015 1047 2076 contra
1067 1998 1257 2085 ordinem,
1277 1999 1325 2075 ad
1341 2000 1449 2106 cujus
1464 1997 1721 2077 defensionem

307 2157 346 2206 se
366 2157 444 2206 non
464 2127 662 2206 obtulerat.

362 2258 578 2366 Requisitus
612 2258 643 2335 si
675 2259 727 2335 sic
753 2259 980 2364 deposuerat
1011 2286 1139 2363 prece,
1164 2275 1362 2364 precepto,
1395 2258 1549 2344 timore,
1577 2286 1720 2347 amore,

308 2388 408 2476 odio,
422 2388 480 2466 vel
496 2390 656 2467 comodo
668 2388 866 2495 temporali
879 2388 1010 2466 hahito
1023 2388 1079 2465 vel
1094 2388 1284 2479 hahendo,
1298 2388 1494 2493 respondit
1509 2389 1614 2494 quod
1626 2418 1719 2477 non,

306 2518 374 2594 sed
400 2544 468 2623 pro
492 2520 644 2596 veritate
673 2518 842 2596 dicenda.
873 2518 944 2596 Cui
971 2517 1042 2595 luit
1067 2518 1282 2625 injunctum
1309 2519 1413 2623 quod
1438 2544 1515 2593 non
1543 2519 1723 2594 revelaret

307 2648 403 2724 hanc
427 2677 533 2725 suam
559 2648 837 2754 deposicionem
852 2661 1057 2755 ‘quousque
1081 2648 1339 2726 attestaciones
1358 2646 1500 2724 fuerint
1518 2646 1719 2752 publicata.

306 2778 354 2853 Et
371 2778 563 2885 requisivit
578 2778 701 2854 dictus
718 2777 825 2855 testis
838 2807 859 2853 a
872 2777 982 2854 dictis
996 2777 1160 2856 dominis
1180 2776 1457 2866 commissariis,
1475 2805 1562 2853 cum
1583 2777 1723 2854 instan-

308 2907 362 2984 cia
375 2935 524 3014 magna,
546 2907 811 2985 liberarionem
832 2934 899 2984 sue
916 2935 1029 3013 pene,
1046 2934 1215 2985 asserens
1240 2934 1279 2984 se
1299 2907 1543 2985 essebonum
1566 2906 1720 2985 fidelem

308 3056 346 3115 et
364 3037 590 3115 catholicum
610 3038 879 3116 Christianum.

361 3296 515 3373 Eisdem
541 3296 602 3374 die
627 3313 665 3373 et
690 3297 773 3375 loco
796 3294 954 3375 luerunt
975 3297 1128 3374 adducti
1163 3297 1210 3372 ad
1236 3295 1467 3402 presenciam
1497 3295 1720 3372 eorumdem

307 3425 550 3504 dominorum
589 3426 930 3505 commissariorum
973 3454 1042 3532 pro
1078 3426 1238 3505 testibus
1273 3424 1404 3502 fratres
1439 3424 1629 3503 Gerardus
1672 3424 1720 3499 de

307 3557 412 3661 Rupe
447 3554 632 3634 Amatoris
665 3557 908 3666 presbytero,
942 3558 1155 3662 Stephanus
1185 3555 1232 3631 de
1261 3552 1457 3645 Gorsolas,
1485 3553 1721 3632 Ahimericus

307 3685 355 3760 de
374 3685 500 3762 Premi
522 3686 764 3773 Pictavensis,
789 3687 922 3762 Petrus
938 3683 1181 3790 Maysorilier,
1203 3682 1392 3758 lohannes
1417 3681 1528 3760 Fabri
1555 3699 1592 3759 et
1610 3683 1719 3788 Hugo

308 3814 343 3889 la
364 3813 535 3919 Hugonia
557 3814 831 3892 Lemovicensis
858 3812 1079 3891 diocesium.
1102 3811 1178 3906 Qui
1198 3811 1439 3919 juraverunt,
1465 3812 1573 3890 tactis
1602 3838 1722 3887 sacro-

306 3942 443 4021 sanctis
466 3941 696 4050 Evangelia,
722 3943 847 4020 dicere
876 3942 1026 4049 plenam
1047 3958 1088 4019 et
1107 3968 1250 4018 meram
1271 3941 1464 4018 veritatem
1492 3941 1532 4016 in
1556 3940 1721 4046 presenti

308 4071 482 4181 negocio,
512 4071 721 4149 secundum
753 4070 913 4150 sormam
938 4070 1145 4178 juramenti
1175 4069 1336 4149 aliorum
1363 4070 1519 4147 testium
1548 4068 1721 4174 superius

313 4202 559 4308 registratam,
581 4202 788 4308 expositam
808 4218 845 4280 et
860 4200 1124 4310 vulgarizatam
1142 4199 1297 4283 eisdem.

364 4332 454 4409 Acta
467 4330 622 4410 firerunt
635 4332 707 4408 hec
726 4331 787 4408 die
808 4348 847 4408 et
862 4330 947 4409 loco
961 4330 1158 4438 predictis,
1179 4329 1416 4435 presentibus
1436 4327 1612 4436 magistro
1625 4325 1723 4404 Arni-

309 4462 381 4552 sio,
405 4489 467 4538 me
490 4461 743 4540 Floriamonte
766 4460 982 4562 Dondedei,
1010 4477 1049 4539 et
1076 4457 1161 4537 aliis
1185 4458 1339 4537 notariis
1360 4485 1472 4566 supra
1495 4455 1632 4534 ultimo
1656 4483 1725 4532 no-

310 4607 472 4666 mrnaus.

365 4849 453 4927 Post
476 4849 564 4938 hec,
591 4849 652 4928 die
675 4850 833 4929 Veneris
852 4849 1044 4960 sequenti,
1066 4878 1141 4961 que
1164 4848 1238 4930 luit
1258 4874 1343 4930 xxvi
1368 4847 1449 4930 dies
1467 4850 1557 4929 dicti
1583 4846 1724 4926 mensis

395 4985 833 5050 armemanensis—1.
1558 4983 1598 5066 76
