4080 6052
385 590 398 611 .
519 533 567 608 sa
901 512 1096 605 rnocns
1119 530 1215 602 nas
1240 529 1543 605 rcururuas.

517 672 659 763 litteras
685 668 904 775 apostolicas
925 670 976 748 de
999 670 1262 747 commissione
1285 671 1543 776 inquisicionis
1566 688 1694 747 contra
1721 673 1934 777 predicurm

517 801 691 881 ornnem
704 799 853 905 Tempu
869 798 1038 877 caenae
1052 829 1075 875 a
1087 801 1177 877 uae
1196 800 1400 905 aponum
1411 799 1507 878 neo
1521 800 1682 888 enam,
1698 818 1737 878 a
1749 784 1936 882 unuin

518 930 659 1008 litteras
682 929 900 1036 apostolicas
922 929 971 1007 ad
988 930 1187 1035 negocium
1206 928 1398 1036 facientes,
1419 919 1594 1009 eteniam
1613 932 1776 1009 litteram
1795 933 1836 1009 in
1858 964 1937 1040 qua

517 1059 692 1165 magister
714 1058 943 1137 Guillelmus
968 1060 1105 1165 Agaroi
1127 1059 1315 1164 Aquensis
1339 1061 1553 1167 prepositus
1581 1086 1622 1138 se
1654 1060 1836 1168 legittime
1872 1091 1935 1140 ex-

419 1184 424 1193 ’
517 1189 673 1281 crasavit,
694 1205 734 1265 et
751 1187 1089 1294 eciampublicum
1111 1188 1304 1273 ,citacionis
1321 1190 1489 1267 edictum
1509 1218 1578 1297 per
1597 1192 1704 1296 quod
1724 1191 1839 1269 iidem
1864 1194 1934 1269 do-

517 1318 611 1395 mini
630 1318 872 1396 commissarii
892 1319 1092 1395 citaverant
1110 1319 1285 1397 ordinem
1303 1320 1471 1425 Templi,
1490 1319 1623 1398 fratres¹
1641 1320 1814 1426 ejusdem
1832 1322 1934 1399 ordi·

516 1447 575 1525 nis
594 1465 635 1524 et
652 1447 745 1525 alios
763 1449 981 1526 evocandos.
998 1449 1171 1542 Quarum
1183 1449 1341 1554 quidem
1360 1450 1572 1529 litterarum
1590 1451 1877 1556 apostolicarum
1897 1470 1936 1529 et

517 1576 674 1681 predicti
700 1578 814 1654 edicti
831 1595 982 1655 tenores
1000 1605 1113 1683 supra
1139 1578 1270 1657 inserti
1298 1598 1388 1657 sunt
1415 1580 1455 1667 in
1481 1608 1671 1685 processu.
1699 1582 1743 1658 ln
1771 1609 1934 1686 quarum

518 1704 636 1781 eciam
653 1704 865 1785 litterarum
883 1704 1171 1813 apostolicarum
1189 1708 1348 1796 lectura,
1368 1709 1559 1815 potissime
1584 1737 1671 1785 cum
1688 1709 1935 1785 recitarentur

517 1831 583 1909 illa
600 1862 676 1939 que
696 1836 818 1915 dictus
835 1837 1011 1942 Magister
1025 1836 1220 1915 dicebatur
1231 1837 1346 1915 baisse
1366 1837 1557 1916 confessus
1575 1865 1701 1914 coram
1719 1837 1936 1915 reverendis

518 1963 687 2068 patribus
710 1966 874 2045 dominis
895 1966 966 2045 Dei
990 1966 1112 2073 gracia
1133 1968 1359 2072 Berengario
1382 1994 1483 2044 nunc
1506 1966 1679 2071 episcopo
1699 1965 1932 2051 Tusculano,

516 2108 608 2168 tunc
634 2122 723 2172 vero
751 2113 965 2174 sanctorum
992 2098 1103 2174 Nerei
1126 2115 1165 2175 et
1182 2096 1362 2183 Archilei,
1382 2097 1573 2202 Stephano
1599 2094 1714 2171 sancti
1734 2093 1869 2172 Ciriaci
1894 2096 1935 2170 in
1955 2106 1965 2119 ”

516 2221 665 2298 Termis
683 2222 884 2302 titulorum
902 2223 1134 2331 presbiteris,
1155 2240 1194 2303 et
1211 2224 1437 2330 Landulpbo
1460 2224 1578 2300 sancti
1601 2223 1737 2329 Angeli
1757 2223 1932 2310 diacono,

517 2352 769 2433 cardinalibus
787 2356 837 2432 ad
855 2358 929 2434 boc
947 2385 1015 2463 per
1034 2355 1178 2432 dictum
1197 2355 1396 2433 dominum
1414 2371 1590 2427 nostrum
1603 2381 1798 2429 summum
1815 2353 1935 2431 Ponti·

516 2477 627 2591 ficem
651 2483 839 2589 deputatis
857 2502 897 2562 et
915 2485 1125 2569 destinatis,
1144 2481 1391 2589 producendo
1412 2479 1472 2555 bis
1494 2479 1646 2585 signum
1669 2481 1786 2556 crucis
1809 2462 1934 2558 corain

515 2607 689 2689 facie-sua
704 2615 796 2687 etin
809 2613 891 2686 aliis
904 2613 1019 2714 signis
1035 2608 1259 2711 pretendere
1278 2607 1476 2685 videbatur
1498 2637 1538 2685 se
1560 2636 1639 2685 esse
1653 2607 1759 2683 valde
1778 2608 1936 2713 stupefa-

516 2754 618 2815 ctum
630 2739 676 2814 de
692 2738 765 2815 hiis
779 2762 853 2841 que
869 2732 1157 2810 continebantur
1171 2761 1284 2839 super
1297 2736 1465 2840 predicta
1480 2737 1786 2814 confessionesua
1800 2753 1838 2812 et
1852 2724 1936 2814 aliis

516 2864 555 2938 in
569 2865 702 2940 litteris
714 2862 924 2968 apostolicis
936 2861 1170 2967 supradictis,
1182 2864 1309 2940 dicens
1322 2865 1419 2942 inter
1429 2867 1511 2952 alia,
1532 2865 1676 2971 quodsi
1687 2865 1776 2940 dicti
1789 2865 1932 2943 domini

516 2991 757 3094 commissarii
768 2990 926 3068 luissent
936 2991 998 3067 alii
1011 2989 1151 3094 quibus
1165 2991 1295 3069 liceret
1313 2994 1386 3070 hoc
1402 2994 1548 3079 audire,
1564 2993 1643 3098 ipse
1659 2994 1802 3069 diceret
1817 2995 1930 3070 aliud.

514 3120 667 3197 Etcum
686 3120 817 3198 fuisset
835 3147 1058 3224 responsum
1084 3118 1209 3195 eidem
1227 3148 1295 3225 per
1316 3122 1435 3200 dictos
1451 3122 1624 3201 dominos
1644 3125 1929 3215 commissarios,

514 3251 620 3357 quod
638 3250 707 3355 ipsi
728 3278 805 3326 non
821 3264 927 3324 erant
941 3248 989 3324 ad
1007 3247 1267 3352 recipiendum
1286 3250 1437 3325 vadium
1453 3250 1589 3335 duelli,
1604 3252 1799 3355 subjunxit
1813 3253 1932 3331 dictus

514 3381 689 3486 Magister
707 3379 812 3486 quod
825 3405 902 3453 non
915 3374 1134 3453 intendebat
1154 3376 1276 3453 dicere
1294 3379 1341 3454 de
1360 3379 1450 3464 boc,
1466 3378 1533 3455 sed
1552 3377 1713 3484 placeret
1726 3381 1807 3455 Deo
1826 3383 1932 3484 quod

513 3508 611 3586 illud
620 3511 725 3616 quod
738 3508 986 3586 observatura
1006 3505 1196 3583 Saracenis
1208 3508 1417 3583 etTartaris
1428 3506 1687 3583 observaretur
1698 3525 1826 3583 contra
1837 3511 1931 3587 tales

513 3667 705 3745 perversos
719 3641 759 3715 in
772 3639 846 3715 hoc
860 3664 963 3722 casu,
974 3664 1062 3712 nam
1078 3635 1168 3712 dicti
1180 3636 1352 3714 Saraceni
1368 3651 1406 3711 et
1416 3636 1560 3711 Tartari
1575 3635 1799 3713 abscindunt
1819 3659 1931 3744 caput

512 3770 694 3875 perversis
726 3767 885 3845 inventis
906 3765 964 3843 vel
983 3766 1159 3843 scindunt
1179 3794 1242 3843 eos
1270 3782 1339 3870 per‘
1362 3764 1545 3841 medium.
1570 3765 1617 3840 Et
1639 3781 1730 3841 tunc
1749 3765 1821 3843 luit
1839 3769 1929 3846 sub·

505 3897 683 4003 junctum
697 3927 764 4004 per
780 3898 899 3974 dictos
914 3895 1088 3975 dominos
1103 3894 1390 3986 commissarios,
1408 3894 1513 4001 quod
1528 3895 1682 3972 ecclesia
1698 3896 1782 3974 illos
1797 3900 1864 4004 qui
1878 3898 1929 3975 in·
1985 3988 1989 3997 ,

511 4029 754 4115 veniebantur
780 4026 952 4116 heretici,
969 4026 1163 4136 judicabat
1179 4006 1381 4112 hereticos,
1406 4042 1444 4102 et
1466 4026 1673 4106 obstinatos
1692 4027 1928 4133 relinquebat

513 4156 613 4231 curie
626 4159 796 4237 seculari.
1048 4251 1052 4258 ι

564 4284 713 4363 Etcum
733 4287 834 4365 idem
847 4290 1023 4396 Magister
1041 4309 1206 4399 rogasset
1219 4289 1388 4369 nobilem
1406 4291 1529 4367 virum
1549 4287 1745 4366 dominum
1767 4283 1927 4363 Guillel-

509 4439 615 4491 mum
631 4415 678 4492 de
697 4417 867 4497 Plasiano
891 4418 1051 4496 militem
1072 4422 1235 4528 regium,
1257 4422 1324 4530 qui
1343 4420 1486 4499 ibidem
1510 4433 1674 4506 venerat,
1692 4416 1759 4493 sed
1778 4443 1856 4493 non
1877 4418 1924 4494 de

509 4541 685 4616 mandato
711 4545 899 4622 dictorum
922 4548 1166 4626 dominorum
1200 4551 1555 4639 commissariorum,
1582 4545 1793 4624 secundum
1819 4547 1924 4653 quod

509 4661 697 4756 dixerunt,
722 4687 766 4745 ut
788 4672 1008 4777 loqueretur
1034 4708 1121 4755 cum
1147 4680 1281 4758 eodem
1309 4682 1501 4790 Magistro,
1533 4694 1571 4755 et
1595 4677 1717 4754 dictus
1747 4655 1923 4753 dominus

507 4789 733 4877 Guillelmus
751 4798 883 4879 luisset
901 4804 949 4903 ad
967 4825 1113 4911 partem
1134 4808 1281 4889 locutus
1301 4840 1389 4891 cum
1413 4810 1549 4889 eodem
1568 4806 1762 4917 Magistro,
1787 4832 1939 4911 quern,¹
