4148 6052
710 531 907 623 rnooss
933 547 1029 619 nes
1055 545 1353 619 rnurnrsss.
1667 555 1736 626 ros

324 697 417 771 Baer
445 691 706 797 lingonensis,
733 687 963 767 Laurencius
989 686 1038 765 de
1063 685 1236 791 Crensyo
1270 684 1531 790 lingonensis,
1559 689 1746 768 lohannes
1848 751 1852 759 .

324 824 372 900 ds
398 838 524 899 sancto
547 821 718 927 Remigio
743 816 1041 904 suessionensis,
1064 815 1252 893 lohannes
1274 815 1321 891 de
1344 816 1507 921 Poysson
1535 817 1747 923 Lingoneu-

322 953 387 1040 sis,
411 950 632 1028 lambertus
654 950 701 1028 de
727 950 905 1056 Toysiaco
929 945 1131 1033 Eduensis,
1154 943 1377 1049 Radulphus
1397 942 1450 1022 du
1474 941 1583 1021 Carel
1607 947 1747 1025 Rotho-

323 1082 523 1188 megensis,
541 1081 727 1159 Thericus
750 1080 797 1156 de
815 1076 1005 1183 Valbellsy
1032 1074 1326 1163 suessionensis,
1345 1072 1522 1153 Clemens
1546 1074 1593 1151 de
1615 1077 1747 1155 Rubeo

322 1229 436 1318 ponte
458 1210 735 1300 Cabilonensis,
758 1209 928 1287 Nicolaus
950 1208 998 1283 de
1020 1204 1212 1314 Maynillio
1231 1205 1371 1283 Montis
1394 1203 1578 1281 Desiderii
1602 1205 1748 1285 Ambis-

324 1343 468 1429 nensis,
483 1341 706 1418 isembertus
729 1339 777 1416 de
796 1337 997 1418 Cormellis
1019 1335 1313 1423 Suessionensis,
1337 1333 1509 1412 Nicolaus
1530 1335 1577 1413 de
1599 1339 1745 1443 Riperia

323 1471 519 1579 presbyter
542 1471 807 1576 lingonensis,
828 1470 994 1546 Thomas
1019 1467 1068 1544 de
1096 1464 1268 1574 Cayneiis
1296 1464 1542 1553 Belvacensis‚
1575 1469 1746 1547 Matheus

326 1600 373 1677 de
385 1600 535 1679 Caneiis
552 1600 801 1688 Belvscensis,
813 1599 987 1677 Matheus
1001 1597 1049 1673 de
1063 1594 1215 1674 Corbon
1232 1594 1493 1700 Lingonensis,
1508 1594 1681 1675 Galterus
1698 1601 1745 1675 de

323 1732 431 1808 Buris
447 1733 709 1838 Lingonensis,
725 1731 939 1838 Stephanus
954 1729 1002 1805 ds
1018 1729 1110 1804 Pare
1122 1726 1327 1804 Lemonien
1346 1727 1546 1833 Eduensis,
1559 1727 1747 1807 lohannes

325 1859 372 1937 de
395 1860 543 1968 Sisseyo
556 1861 760 1951 Eduensis,
783 1858 1011 1940 Vernondus
1029 1859 1078 1935 de
1102 1856 1287 1934 samonio
1309 1857 1604 1945 suessionensis,
1627 1859 1747 1965 Aymo

326 1987 373 2064 de
386 1988 510 2097 Cepoy
534 1991 815 2097 Lugdunensis,
831 1991 941 2095 Hugo
965 1989 1013 2065 de
1032 2005 1157 2065 saneto
1177 1985 1410 2065 christoforo
1435 1986 1630 2073 Eduensis,
1650 1989 1746 2065 Pon-

326 2117 470 2201 eiusde
493 2118 725 2224 Melopussu
750 2119 972 2203 Aniciensis,
994 2119 1183 2194 lohannes
1205 2116 1252 2192 de
1276 2117 1403 2194 Monte
1430 2116 1550 2192 Boleti
1579 2117 1747 2195 Matisco-

326 2247 468 2336 nensis,
492 2248 601 2353 Hugo
633 2248 681 2324 de
708 2251 818 2325 Buris
847 2249 1112 2352 Lingonensis,
1140 2248 1178 2322 Ρ.
1211 2247 1256 2322 de
1282 2247 1453 2351 Meysson
1478 2246 1646 2325 Umhen‘i
1677 2247 1746 2325 Ca-

325 2375 570 2465 thslonsnsis,
595 2376 706 2455 Oddo
732 2377 780 2453 de
795 2375 966 2452 Nantolio
989 2375 1036 2450 de
1062 2374 1197 2450 subtus
1222 2374 1422 2450 Motellum
1449 2374 1742 2476 suessionensis,

326 2506 364 2580 P.
395 2505 442 2581 de
468 2505 653 2583 Ruciecho
685 2505 871 2583 Edusnsis
898 2502 1116 2610 presbyter,
1139 2504 1180 2580 P.
1213 2501 1271 2578 de·
1289 2502 1434 2606 Euspes
1465 2503 1743 2593 Loudunensis,

326 2634 364 2708 P.
389 2633 435 2710 de
456 2637 637 2741 Bretensy
656 2635 917 2741 Lingonensis,
941 2632 1170 2712 Guillelmus
1192 2632 1239 2708 de
1259 2635 1409 2737 Boneyo
1423 2631 1617 2739 presbyter
1635 2635 1745 2711 Lexo-

302 2761 477 2864 niensis,
514 2763 700 2840 lohannes
734 2762 782 2840 de
817 2763 943 2841 Camis
980 2761 1244 2866 Ebroycensis,
1279 2760 1438 2839 lacobus
1467 2762 1516 2837 de
1546 2761 1744 2841 Cormellis

325 2891 618 2983 suessionensis,
639 2894 810 2971 Nioolaus
831 2894 879 2970 de
902 2893 1013 2970 serra
1042 2892 1252 2976 Trecensis,
1275 2891 1461 2969 lohannes
1483 2891 1530 2969 de
1555 2890 1742 3002 Vatbeltay

325 3019 621 3111 suessionensis,
653 3022 849 3128 Philippus
875 3022 1022 3100 Grissel
1056 3022 1331 3107 Noviomensis,
1366 3020 1480 3099 Fulco
1515 3021 1562 3097 de
1596 3023 1740 3110 Trecis,

326 3147 545 3228 Lamban-tus
567 3151 759 3258 Flemengi
782 3153 1043 3239 Tornaeensis,
1069 3152 1197 3231 Guido
1225 3151 1271 3228 de
1292 3151 1458 3232 Mainilio
1474 3149 1615 3229 Alhrici
1644 3153 1742 3228 Pari·

325 3277 471 3366 sismis,
496 3280 682 3357 lohannes
710 3281 758 3357 de
790 3281 956 3359 Mainilio
976 3280 1116 3358 Albriei
1147 3281 1378 3369 Parisiensis,
1398 3281 1571 3359 Matheus
1600 3281 1647 3358 de
1671 3284 1742 3359 Ca·

323 3407 399 3510 pite
415 3407 502 3485 ville
521 3408 568 3487 de
584 3409 794 3488 Cormelhis
816 3411 1046 3498 Parisiensis,
1064 3410 1210 3488 Addam
1228 3410 1352 3487 dictus
1373 3408 1610 3489 Marescullus
1629 3410 1742 3489 sues—

323 3536 521 3628 sionensis,
546 3540 790 3618 Constnncius
812 3558 964 3619 curatus
996 3541 1044 3617 de
1068 3539 1284 3619 Colletoriis
1316 3540 1554 3639 senonensis,
1583 3540 1740 3617 Michael

324 3666 371 3743 de
398 3686 524 3747 saneto
547 3672 717 3748 Msurino
743 3671 1020 3759 Ambisnensis,
1046 3670 1265 3777 Amulphus
1291 3671 1338 3748 de
1366 3671 1509 3747 Pertico
1537 3669 1741 3747 Cernoten-

325 3795 390 3883 sis,
407 3797 608 3903 Dionysius
622 3818 771 3878 miratus
787 3800 834 3878 de
846 3803 959 3879 Arida
974 3801 1061 3878 villa
1081 3801 1336 3888 Carnotensis,
1356 3788 1497 3906 symon
1516 3800 1563 3876 de
1580 3801 1739 3877 Feritate

325 3922 513 4000 Villenolii
537 3926 790 4017 Carnotensis,
824 3931 1037 4037 stephanus
1065 3932 1181 4011 Nioon
1215 3931 1470 4017 Curnotensis,
1499 3928 1739 4009 Gusufiedus

326 4053 374 4131 ds
393 4053 743 4146 soscamotansis,
766 4059 907 4163 Symon
929 4062 979 4138 de
1000 4061 1167 4139 Floriano
1189 4062 1228 4136 in
1250 4062 1355 4137 Beris
1377 4059 1618 4148 senonensis,
1638 4057 1739 4137 Guit

324 4183 460 4261 lelmus
483 4184 531 4260 de
561 4185 722 4290 stampis
747 4187 991 4279 Senonensis,
1019 4188 1249 4267 Guillelmus
1275 4188 1323 4263 de
1349 4188 1509 4293 stampis
1533 4186 1737 4267 Carnuten-

325 4315 392 4400 sis,
420 4313 639 4420 Arnulphus
663 4315 711 4393 de
733 4317 917 4395 Dormant
951 4318 1181 4402 Pa'risiensis,
1214 4318 1252 4392 P.
1282 4317 1456 4424 Chaynay
1480 4316 1733 4407 Csmotensis,

326 4444 364 4519 Ρ.
388 4441 504 4520 Gnissi
520 4445 752 4535 Parisiensis,
767 4448 991 4555 Redulphus
1008 4447 1168 4555 Dugslet
1186 4447 1460 4536 Ambianensis,
1479 4447 1669 4526 Gerendus
1687 4449 1735 4525 de

325 4570 480 4650 Genefle
502 4573 736 4664 Leodi'snsis,
759 4575 950 4655 Gerardus
968 4578 1116 4657 Borleta
1139 4577 1187 4654 de
1207 4576 1432 4665 Arirelianis,
1452 4578 1666 4683 stephanus
1684 4580 1735 4657 de

325 4700 547 4808 Conpendio
575 4703 873 4796 suessionensis,
903 4709 1037 4786 Petrus
1062 4707 1121 4784 ds·
1134 4707 1303 4813 Belinsys
1320 4706 1628 4798 Aurelianensis,
1661 4712 1731 4789 Ro

326 4829 456 4911 barus
478 4833 526 4911 ds
549 4834 751 4941 Begrsvills
783 4837 1028 4927 senonensis,
1047 4839 1270 4946 Rnynsudus
1298 4840 1345 4916 de
1370 4840 1576 4946 Fontsynes
1600 4839 1737 4944 Lingo-
