4080 6052
696 537 889 629 moces
916 554 1011 625 oss
1037 522 1361 626 rnuemsnsj
1657 557 1726 629 155

309 718 442 781 venmt
464 700 583 777 eciam
609 696 764 805 quodsi
793 697 863 804 ipsi
892 696 966 773 boc
991 692 1111 772 lacere
1144 694 1310 784 nollent,
1343 694 1474 770 saltem
1493 694 1658 798 placeret
1675 698 1729 772 eis

310 831 414 940 quod
433 858 533 907 unus
546 857 603 907 -er
622 829 677 906 eis
701 846 829 935 posset
847 827 953 934 loqui
972 853 1060 902 cum
1086 824 1198 902 Fratre
1222 823 1428 931 Reginaldo
1453 823 1501 900 de
1521 823 1662 899 Pruino
1682 826 1729 900 ad

309 961 601 1039 deliberandum
622 988 710 1036 cum
729 986 785 1036 eo.

363 1094 475 1181 Item,
498 1091 630 1168 eadem
656 1090 718 1168 die
743 1088 843 1166 Jovis
863 1087 1086 1164 accessimus
1109 1085 1158 1162 sd
1177 1085 1336 1163 domum
1356 1085 1447 1160 dicti
1466 1085 1595 1162 Blavot
1611 1113 1729 1191 propo

307 1239 455 1328 portam
475 1221 592 1298 sancti
613 1219 792 1299 Anthonii
809 1217 988 1306 Parisius,
1009 1216 1077 1293 ubi
1101 1215 1368 1295 detinebantur
1387 1241 1451 1291 xm
1473 1213 1603 1293 fratres
1619 1217 1731 1292 Tem-

307 1352 418 1459 plarii
439 1382 483 1429 ex
497 1351 571 1428 hiis
590 1352 656 1457 qui
676 1350 824 1426 lucrant
842 1349 999 1425 indicto
1018 1347 1213 1436 viridario,
1231 1346 1406 1423 videlicet
1423 1345 1557 1425 fratres
1571 1346 1731 1427 Guillel-

310 1511 397 1559 mus
411 1483 458 1559 de
468 1481 635 1587 Somayo
647 1480 769 1568 miles,
781 1481 947 1556 Thomas
962 1478 1009 1555 de
1020 1477 1291 1566 Bochancourt,
1310 1476 1499 1553 Johannes
1514 1477 1561 1553 de
1577 1478 1729 1583 Septem

310 1612 502 1691 Montibus
525 1613 736 1719 presbyter,
759 1611 865 1690 Millo
894 1611 941 1687 de
967 1610 1189 1715 Chanevcyo
1212 1607 1424 1715 presbyter,
1446 1608 1571 1685 Droco
1592 1608 1639 1684 de
1668 1609 1731 1686 Vi·
1784 1685 1786 1689 Α
1892 1616 1893 1622 ’

307 1743 432 1835 seriis,
456 1743 646 1820 lohannes
674 1743 723 1819 de
739 1741 961 1829 Villaribus,
986 1739 1285 1817 Lambertusdc
1306 1738 1574 1827 Romancuria,
1594 1737 1731 1816 Gerra·

308 1872 385 1949 sius
404 1871 452 1947 de
471 1871 649 1960 Vallesia,
669 1873 710 1948 P.
733 1870 780 1948 de
803 1871 988 1978 Bragella‚
1009 1869 1209 1949 Gervasius
1234 1869 1281 1945 de
1304 1867 1477 1959 Fellinis,
1501 1867 1662 1946 lacobus
1682 1869 1729 1945 de

309 2000 441 2079 Calido
456 2002 603 2091 Fumo,
623 2000 851 2079 Guillelmus
871 2001 918 2078 de
938 2000 1145 2107 Lorpcriis,
1163 2017 1200 2076 et
1214 1998 1450 2078 Christianus
1466 1998 1514 2098 de
1529 1998 1731 2076 Chamme-

310 2130 423 2206 riaco.
442 2131 518 2223 Qui
533 2133 767 2237 interrogati,
788 2149 832 2208 ut
849 2132 911 2208 alii
931 2160 1059 2237 supra,
1074 2131 1351 2238 responderunt
1367 2129 1472 2236 quod
1492 2130 1566 2237 ipsi
1586 2158 1662 2207 non
1679 2130 1732 2205 vi-

311 2259 402 2336 dent
420 2276 566 2365 partem
585 2259 751 2366 aliquam
776 2278 905 2338 contra
926 2261 1099 2337 ordinem
1116 2260 1284 2365 Templi,
1304 2260 1378 2336 nisi
1398 2260 1574 2337 dominos
1592 2261 1731 2366 Papam

310 2408 348 2466 et
362 2392 522 2495 Regem,
539 2407 668 2467 contra
686 2417 784 2495 quos
802 2390 909 2467 nullo
926 2390 1042 2467 modo
1063 2390 1268 2495 litigarent,
1288 2418 1358 2465 nec
1374 2389 1538 2466 facerent
1554 2417 1732 2496 procura-

308 2535 421 2607 tores,
438 2535 475 2594 et
487 2519 592 2624 quod
604 2519 676 2625 ipsi
693 2536 783 2595 sunt
797 2519 869 2595 sub
885 2518 1106 2597 obediencia
1120 2517 1288 2623 Magistri
1302 2518 1455 2625 majoris
1469 2518 1560 2595 dicti
1575 2519 1729 2605 ordinis,

285 2750 289 2757 Ι
309 2649 474 2755 sinequo
489 2666 527 2725 et
542 2649 623 2757 ejus
639 2649 858 2726 auctoritate
867 2666 1130 2755 procuratores
1139 2648 1259 2725 lacere
1269 2649 1406 2726 nolunt
1418 2677 1489 2725 nec
1501 2666 1675 2755 possunt,
1693 2667 1732 2726 et

309 2778 338 2854 si
353 2778 535 2866 lacerent,
550 2806 627 2855 non
640 2778 822 2867 valerent,
839 2779 928 2884 quia
939 2796 1028 2855 sunt
1043 2778 1139 2883 capti
1155 2795 1194 2854 et
1210 2777 1443 2868 incarcerati,
1458 2795 1628 2884 petentes
1643 2808 1729 2856 cum

309 2909 487 2986 instancia
508 2925 544 2985 et
563 2908 668 2986 flexis
687 2909 848 3015 genibus
862 2909 1114 3015 manibusque
1134 2907 1322 3013 conplosis
1342 2907 1588 2985 ecclesiastica
1614 2937 1731 2986 sacra-

308 3055 445 3115 menta.
472 3037 647 3143 Cumque
673 3037 896 3115 offerremus
917 3038 971 3138 eis
985 3067 1054 3115 nos
1067 3054 1217 3144 paratos
1231 3037 1394 3115 scribere
1410 3056 1448 3114 et
1461 3038 1627 3116 dominis
1643 3068 1730 3116 nos-

308 3169 377 3245 tris
388 3184 599 3274 reportare,
616 3169 647 3245 si
662 3168 807 3275 aliquid
818 3169 993 3246 volebant
1006 3170 1131 3249 dicere
1151 3170 1200 3246 ad
1214 3169 1472 3247 defensionem
1489 3170 1633 3247 ordinis
1645 3200 1730 3276 prc-

307 3297 434 3387 libati,
453 3299 627 3375 dixerunt
640 3300 745 3404 quod
760 3299 791 3375 si
805 3300 969 3405 placeret
983 3300 1147 3377 dominis
1163 3301 1442 3390 commissoriis,
1462 3300 1602 3377 vellent
1616 3330 1730 3407 super

306 3427 380 3506 hoc
399 3428 608 3507 deliberare
630 3459 716 3506 cum
732 3430 888 3508 domino
904 3431 1110 3537 Reginaldo
1127 3431 1174 3508 de
1190 3431 1329 3508 Pruino
1346 3448 1382 3509 et
1400 3430 1638 3538 quibusdam·
1647 3431 1729 3507 aliis

305 3557 482 3637 fratribus
502 3559 646 3637 ordinis
665 3561 881 3666 supradicti.

359 3690 472 3776 Item,
490 3691 622 3768 eadem
638 3691 700 3768 die
715 3691 816 3768 lovis
834 3691 1059 3768 accessimus
1073 3691 1122 3767 ad
1136 3691 1296 3768 domum
1307 3690 1502 3769 Guillelmi
1523 3692 1571 3769 de
1588 3693 1730 3770 Marcil-

306 3817 429 3895 lhiaco
449 3846 567 3923 prope
591 3837 738 3924 portam
758 3822 874 3899 sancti
904 3821 1085 3899 Anthonii
1110 3821 1297 3911 Parisios,
1311 3821 1378 3898 ubi
1399 3821 1665 3899 detinebantur
1693 3849 1728 3896 rx

304 3945 438 4024 fratres
461 3948 667 4053 Templarii
692 3979 736 4024 ex
759 3952 835 4027 hiis
858 3952 925 4057 qui
951 3952 1101 4029 lucrant
1126 3952 1165 4027 in
1190 3952 1367 4030 viridario
1389 3952 1559 4058 predicto
1583 3950 1728 4029 domini
1804 4011 1806 4013 -
1855 4051 1857 4056 y

306 4077 470 4183 episcopi
491 4078 726 4166 Parisiensis,
747 4079 922 4158 videlicet
945 4080 1077 4158 fratres
1102 4081 1277 4159 Nicolaus
1301 4081 1348 4157 de
1374 4084 1503 4160 Maura
1520 4079 1725 4189 presbyter,

304 4207 527 4286 Dominicus
553 4209 600 4285 de
618 4207 815 4297 Vcrduno,
837 4210 1027 4288 lohannes
1042 4209 1196 4301 Danisa,
1218 4209 1415 4316 Philippus
1434 4211 1481 4288 de
1495 4212 1635 4289 Tribus
1651 4212 1727 4288 Fu-

306 4337 392 4444 giis,
413 4340 546 4416 Petrus
566 4339 613 4417 de
632 4341 760 4418 Monte
780 4339 920 4447 Goyni,
942 4341 1132 4419 lohannes
1153 4341 1200 4417 de
1221 4341 1400 4449 Somayo,
1416 4344 1456 4419 P.
1476 4343 1523 4421 de
1542 4344 1726 4450 Somayo,

305 4469 428 4546 Droco
443 4470 490 4547 dc
506 4470 742 4577 Somayo,'et
755 4472 889 4549 Petrus
902 4471 949 4548 de
964 4471 1180 4550 Cathalano.
1193 4471 1273 4566 Qui
1283 4473 1518 4580 interrogati,
1535 4492 1579 4551 ut
1593 4473 1655 4551 alii
1671 4502 1727 4551 su·

304 4626 390 4703 pra,
412 4602 689 4706 responderunt
707 4602 813 4708 quod
833 4603 914 4679 sine
935 4603 1093 4680 consilio
1115 4620 1153 4680 et
1177 4631 1364 4682 consensu
1378 4606 1545 4713 Magistri
1559 4622 1598 4682 et
1616 4633 1726 4712 supe-

305 4728 450 4806 riorum
464 4759 622 4808 suorum
640 4730 790 4808 nullum
810 4731 976 4810 lacerent
993 4749 1275 4839 procuratorem
1296 4734 1344 4811 ad
1364 4733 1620 4815 defensionem
1639 4765 1725 4843 pre-

308 4856 455 4936 dictam.
477 4862 653 4968 Cumque
681 4859 950 4940 obtulissemus
975 4863 1028 4941 eis
1052 4890 1121 4941 nos
1144 4880 1294 4969 paratos
1321 4865 1483 4944 scribere
1505 4884 1542 4943 ct
1561 4868 1725 4945 dominis
