4080 6052
690 543 882 636 proces
908 560 1001 647 nes
1027 505 1329 636 indemnes.
1646 560 1715 638 ns

308 703 396 781 dere
421 703 594 779 ordinem
616 712 885 793 memoratum,
909 700 956 784 de
980 728 1058 808 quo
1082 701 1376 808 extent-publice
1397 703 1659 797 instrumenta,
1682 723 1719 781 et

306 833 392 909 ideo
411 856 488 909 non
507 830 663 907 inerunt
681 827 845 908 adducti.
914 828 918 835 ’
1356 827 1359 831 ’

310 992 314 1004 ’
360 964 471 1048 Item,
493 959 627 1037 eedem
652 958 715 1036 die
738 959 912 1049 Veneris,
934 956 1006 1036 luit
1030 959 1195 1038 exhibita
1221 977 1259 1037 et
1273 961 1410 1037 tradita
1429 959 1573 1037 ibidem
1594 985 1718 1035 coram

304 1090 415 1169 dictis
434 1088 598 1168 dominis
618 1088 882 1165 oommisseriis
906 1088 1069 1178 sedulle,
1091 1091 1199 1198 cujus
1217 1106 1327 1166 tenor
1351 1088 1507 1167 inferius
1526 1105 1583 1167 est
1601 1088 1719 1165 inser-

303 1235 382 1312 tus,
401 1248 470 1325 per
486 1218 692 1315 Colendum
710 1218 758 1294 de
778 1217 947 1295 Ebroicis
967 1213 1163 1296 custodem
1182 1244 1218 1296 xi
1238 1219 1540 1325 Templariorum
1560 1217 1716 1294 fratrum

306 1350 346 1426 in
363 1350 462 1428 dieta
479 1350 594 1427 domo
614 1349 662 1425 de
683 1348 849 1455 Leurage
871 1351 1127 1439 detentorum,
1147 1377 1191 1425 ex
1209 1366 1315 1455 psile
1334 1349 1521 1427 dictorum
1540 1350 1717 1425 undecim

306 1479 474 1567 fratrum,
501 1497 545 1557 ut
571 1479 729 1565 dicebat,
756 1480 970 1557 transmisse
997 1480 1044 1556 ed
1072 1472 1328 1557 defensionem
1359 1481 1583 1585 predictam
1611 1496 1721 1555 tenor

306 1637 393 1687 vero
414 1611 512 1689 dicte
533 1609 667 1686 cedule
685 1609 858 1716 seqnitur
877 1626 916 1687 et
934 1626 991 1688 est
1008 1610 1116 1687 talis:
1191 1630 1198 1638 ·
1624 1585 1629 1593 .

309 1778 313 1784 ·
360 1743 484 1820 ·vehi
507 1742 564 1819 les
587 1741 732 1821 reisons
752 1758 791 1819 et
809 1741 865 1818 les
884 1740 1059 1827 defenser
1077 1745 1152 1847 que
1172 1740 1198 1816 li
1218 1739 1324 1818 frere·
1342 1742 1408 1848 qui
1428 1757 1516 1818 sunt
1535 1769 1582 1818 en
1606 1742 1720 1849 garde

304 1872 433 1950 Colnrt
462 1874 510 1949 de
532 1871 661 1948 Evrei's
683 1885 906 1976 propossent
930 1877 950 1946 d
973 1865 1155 1947 delendre
1182 1871 1217 1946 la
1239 1870 1398 1977 religion
1423 1871 1478 1946 du
1501 1870 1659 1976 Temple
1684 1888 1721 1947 et

305 2002 390 2078 leur
401 2029 483 2079 cors
497 2001 544 2077 de
563 2028 621 2076 cas
636 2000 703 2106 qui
720 2016 810 2077 sunt
825 2003 985 2106 propose
999 2017 1127 2077 eontre
1141 2028 1243 2089 enus,
1260 2028 1325 2078 vos
1342 1999 1381 2108 [l]
1395 2027 1489 2106 ques
1502 2029 1561 2078 ces
1575 2028 1623 2078 ne
1636 2017 1721 2078 sont

307 2130 382 2205 mie
401 2129 590 2226 veriteble.
608 2129 639 2203 E
658 2128 715 2204 dit
730 2128 847 2206 Jehsn
865 2125 992 2218 Penet,
1011 2128 1128 2207 freres
1146 2129 1369 2235 chapellans,
1388 2128 1486 2207 frere
1503 2129 1656 2236 Mayeus
1674 2131 1720 2206 de

308 2259 466 2337 Cresson
494 2262 619 2336 Essent
644 2274 682 2335 et
705 2255 822 2335 freres
845 2256 1013 2335 Andrees
1037 2258 1064 2333 li
1085 2261 1298 2349 Mortoiers,
1319 2276 1358 2336 et
1381 2258 1467 2336 lour
1493 2287 1721 2368 compngnus

309 2391 475 2496 dusques
499 2397 580 2465 l-rr
603 2403 701 2477 tout,
714 2387 825 2463 d’une
852 2387 1098 2493 compegniet
1118 2387 1390 2468 Primerement
1408 2416 1483 2494 que
1507 2389 1543 2464 le
1562 2389 1720 2494 religion

309 2519 390 2594 deu·
404 2517 563 2623 Temple
579 2515 622 2592 fu
642 2515 717 2592 sete
737 2530 775 2591 er
793 2514 929 2592 londee
948 2542 1076 2592 enom
1093 2517 1140 2592 de
1154 2516 1256 2604 Deu,
1277 2515 1435 2591 demedn
1449 2531 1573 2592 sancta
1587 2516 1719 2608 Maria,

308 2667 347 2726 et
362 2649 403 2725 fu
424 2648 561 2725 divissa
579 2663 617 2723 et
638 2642 793 2723 establie
813 2673 884 2752 per
900 2672 1132 2754 monsegnur
1147 2661 1230 2722 sent
1246 2647 1402 2722 Bernnrt
1420 2661 1459 2722 et
1482 2646 1548 2725 des
1566 2645 1722 2751 pluseus

305 2779 526 2884 prudomes,
540 2794 584 2854 et
598 2775 640 2852 lu
653 2774 870 2853 eonfremee
888 2777 1079 2868 denostre
1098 2802 1168 2881 per
1186 2775 1222 2851 le
1243 2777 1342 2882 Pape
1359 2776 1426 2882 qui
1444 2783 1464 2852 l
1481 2775 1550 2852 che
1569 2793 1651 2852 tans
1665 2800 1722 2855 es-

305 2910 378 2986 toit
394 2927 432 2986 et
449 2910 515 2986 des
532 2916 786 3013 eutrespepes
808 2906 994 2997 ensuinns,
1015 2933 1035 2982 e
1054 2906 1122 2982 che
1140 2906 1176 2982 le
1194 2905 1354 3012 religion
1372 2934 1440 2984 nos
1457 2935 1477 2982 a
1493 2909 1573 2984 este
1593 2906 1721 2983 baillie

307 3067 328 3117 e
347 3040 465 3117 l’svon
480 3056 597 3116 tenue
619 3024 660 3114 el
678 3037 894 3115 meintenne
911 3045 932 3113 l
948 3053 1075 3114 nostre
1096 3038 1190 3145 poir,
1211 3054 1250 3114 et
1265 3052 1313 3114 en
1332 3036 1454 3115 chelle
1473 3037 1632 3146 religion
1655 3066 1721 3114 vo-

308 3169 369 3244 lus
385 3168 485 3244 vivre
502 3183 541 3243 et
557 3164 702 3242 mourir
716 3192 814 3271 pour
833 3164 868 3242 le
887 3183 1104 3243 seuvement
1123 3166 1170 3244 de
1190 3194 1259 3244 nos
1279 3194 1391 3244 emes.

364 3296 501 3386 altem,
523 3322 593 3371 nos
613 3294 742 3371 disens
758 3322 835 3401 qne
855 3321 903 3371 en
924 3294 959 3371 la
977 3293 1138 3401 religion
1157 3297 1232 3372 deu
1251 3296 1427 3402 Temple,
1447 3312 1650 3402 par-tontes
1666 3297 1720 3371 les

307 3424 475 3519 messene
491 3422 709 3530 lohepelle,
726 3424 825 3501 evoit
837 3441 981 3530 prestre
998 3439 1036 3502 et
1053 3423 1192 3515 cloreo,
1215 3441 1254 3500 et
1269 3424 1359 3530 plus
1377 3423 1444 3501 des
1463 3422 1626 3501 seculers
1645 3450 1721 3529 que

308 3558 355 3633 de
373 3556 409 3632 le
422 3553 585 3662 religion
604 3553 680 3630 deu
697 3551 872 3660 Temple,
891 3553 958 3660 qui
975 3550 1135 3630 lesoienl
1151 3552 1187 3630 le
1204 3552 1339 3630 sewise
1356 3555 1487 3630 Nostre
1505 3553 1649 3661 Segnor
1666 3551 1721 3628 les

306 3685 423 3763 heres
445 3711 614 3788 presens,
637 3699 675 3761 et
698 3682 880 3761 buroient
899 3699 937 3760 et
959 3683 1180 3790 mengoient
1198 3683 1298 3760 eviec
1321 3711 1403 3773 eus,
1430 3701 1469 3759 et
1491 3683 1650 3789 gisoient
1673 3709 1720 3756 en

306 3814 367 3891 lor
386 3812 558 3889 dordoirs
578 3828 683 3889 entre
706 3840 791 3904 eus,
814 3813 880 3890 des
903 3813 1042 3920 quiens
1061 3828 1226 3918 prestres
1249 3829 1287 3890 et
1311 3812 1406 3892 clere
1428 3840 1498 3890 nos
1517 3838 1722 3918 requerens

308 3943 364 4043 les
384 3956 592 4045 enquestes.

365 4108 379 4137 ι
395 4071 505 4159 ltem,
519 4066 599 4144 cele
611 4068 746 4145 devant
759 4071 837 4147 dite
851 4069 1011 4178 religion
1025 4071 1052 4147 li
1063 4098 1154 4177 pere
1170 4072 1182 4146 i
1199 4073 1332 4149 atreoit
1346 4071 1373 4146 li
1388 4072 1446 4162 fil,
1462 4089 1500 4149 et
1512 4072 1539 4148 li
1552 4071 1668 4150 ireres
1682 4101 1721 4148 se

310 4205 412 4280 lrere
427 4215 466 4276 et
484 4197 511 4273 li
532 4197 663 4275 onnes
679 4197 715 4275 le
740 4190 879 4290 nerem
902 4227 970 4306 per
993 4201 1050 4276 eoi
1074 4228 1173 4278 nous
1197 4186 1325 4278 disens
1348 4227 1389 4277 se
1412 4202 1448 4278 le
1472 4201 1630 4308 religion
1651 4202 1724 4279 fuit

311 4333 499 4415 maurese,
522 4326 550 4403 il
570 4354 617 4404 ne
637 4327 693 4405 les
712 4328 907 4406 etrsiss'ent
924 4329 999 4406 mie
1020 4336 1107 4406 erec
1125 4355 1203 4407 eus.

367 4461 504 4548 «ltem,
525 4485 565 4534 se
586 4485 729 4535 aucuns
748 4456 865 4539 iteres
881 4486 950 4565 prr
969 4487 1130 4537 conrous
1149 4488 1201 4537 eu
1219 4487 1288 4566 per
1306 4459 1473 4537 maulves
1492 4461 1619 4538 concel
1639 4462 1725 4538 lais-

312 4603 433 4667 sasent
447 4584 533 4664 leur
547 4587 648 4664 abiet
660 4604 699 4665 et
709 4590 871 4666 elassent
885 4618 934 4667 nu
951 4589 1078 4679 siecle,
1099 4588 1127 4667 il
1143 4591 1319 4667 venoient
1329 4618 1508 4698 requerre
1525 4591 1609 4668 leur
1625 4591 1729 4670 abiet

313 4738 350 4796 et
361 4718 458 4795 crier
471 4715 555 4795 leur
567 4718 720 4810 merchi‚
734 4746 820 4795 sens
831 4717 960 4799 lorche
973 4718 1078 4796 nnlle
1090 4707 1200 4808 ferre,
1215 4736 1253 4797 et
1266 4718 1426 4797 sesoient
1437 4721 1522 4798 leur
1531 4724 1725 4828 penenehe

312 4878 357 4925 an
372 4865 411 4926 et
419 4847 522 4954 jour,
541 4847 617 4924 tele
633 4876 716 4926 com
731 4865 859 4927 nostre
875 4849 1037 4957 religion
1053 4850 1193 4942 devise,
1218 4850 1367 4957 lequele
1385 4878 1482 4928 nous
1504 4878 1634 4928 creons
1652 4877 1726 4956 que

278 5037 280 5040 ,
395 4980 502 5045 proces
525 5001 576 5044 nes
598 5002 845 5068 renerum—1.
1583 5006 1619 5067 ¹9
