4080 6052
693 518 887 612 Procas
913 540 1005 610 ons
1032 541 1335 613 raurmaas.
1676 549 1720 618 61

363 681 488 757 Frater
508 677 556 755 de
584 677 811 756 Britinhiaco
838 678 1083 789 Lingonensis
1106 678 1265 757 diocesis
1290 678 1398 766 dixit,
1422 681 1528 785 quod
1551 684 1630 760 vult
1652 685 1726 761 def-

309 807 459 886 fendere
479 809 519 885 in
538 824 723 914 quantum
741 808 860 914 tangit
878 836 931 885 se.

361 941 489 1016 Frater
508 940 674 1016 Thomas
693 939 740 1014 de
764 939 906 1044 Casnay
924 938 1156 1015 Belvacensis
1180 938 1353 1028 diocesis,
1371 939 1549 1028 serviens,
1570 969 1725 1046 respon·

306 1069 362 1147 dit
379 1072 485 1177 quod
504 1097 699 1176 nunquam
711 1068 805 1146 vidit
818 1069 856 1144 in
872 1068 1004 1145 ordine
1024 1069 1095 1145 nisi
1112 1070 1274 1160 bonum,
1292 1070 1398 1176 quod
1416 1099 1492 1148 non
1513 1089 1640 1177 posset
1658 1103 1726 1148 nec

306 1200 418 1277 sciret
436 1229 526 1276 eum
550 1197 765 1276 deffendere
790 1198 821 1276 si
846 1198 980 1305 aliquis
1007 1198 1161 1305 aliquod
1187 1198 1330 1301 malum
1358 1199 1500 1278 diceret
1521 1200 1579 1279 vel
1606 1204 1726 1279 malus

308 1347 421 1418 esset,
442 1329 511 1407 sed
531 1359 570 1408 se
589 1330 714 1436 ipsum
732 1329 813 1406 vult
831 1328 1061 1406 deffendere.

364 1461 491 1537 Frater
512 1459 700 1536 Johannes
729 1459 776 1535 de
800 1458 910 1564 Nigra
929 1458 1031 1534 curia
1055 1456 1315 1535 Lauduncnsis
1337 1458 1495 1536 diocesis
1514 1461 1723 1565 respondit,

306 1589 411 1694 quod
434 1590 516 1666 vult
539 1589 754 1667 deffendere
779 1589 903 1666 modis
927 1589 1067 1695 quibus
1086 1589 1222 1666 melius
1241 1588 1394 1695 poterit,
1422 1607 1460 1666 et
1477 1590 1590 1696 peciit
1610 1593 1727 1668 ecclc-

306 1717 449 1798 siastica
466 1736 704 1796 sacramenta.

360 1851 488 1928 Frater
500 1851 673 1929 Nicolaus
688 1848 735 1925 de
751 1848 926 1957 Maynilio
941 1848 1201 1931 Ambianensis
1221 1849 1379 1928 diocesis
1398 1849 1606 1955 respondit,
1623 1852 1728 1958 quod

305 1972 383 2057 vult
402 1980 636 2071 deffendere,
658 1996 696 2056 et
713 1977 828 2085 peciit
851 1977 1096 2056 ecclesiastica
1120 1995 1359 2057 sacramenta.

361 2109 491 2186 Frater
513 2109 688 2188 Galterus
712 2106 760 2184 de
787 2108 899 2185 Buris
929 2108 1176 2214 Lingonensis
1202 2107 1360 2186 diocesis
1389 2109 1597 2215 respondit,
1621 2109 1727 2215 quod

306 2236 386 2314 vult
405 2238 638 2328 deffendere,
659 2238 699 2313 in
718 2254 902 2343 quantum
918 2238 1068 2343 poterit.

363 2359 493 2443 Frater
515 2368 648 2442 Petrus
679 2364 726 2440 de
750 2366 897 2466 Enapes
919 2363 1180 2443 laudunensis
1202 2365 1360 2443 diocesis
1387 2365 1495 2456 dixit,
1521 2369 1626 2472 quod
1649 2371 1729 2446 vult

307 2493 523 2572 deffendere
543 2501 742 2598 personam
762 2520 881 2568 suam.

360 2624 502 2701 Eadem
527 2623 588 2699 die
616 2622 771 2699 fuerumt
794 2621 908 2698 simul
931 2622 1083 2698 adducti
1112 2623 1152 2697 in
1180 2622 1315 2699 eodem
1337 2622 1422 2700 loco
1447 2624 1495 2699 ad
1518 2624 1637 2703 dictos
1661 2626 1728 2702 do-

306 2757 427 2833 minos
447 2753 719 2831 commissarios
736 2751 868 2829 fratres
891 2751 1106 2856 subscripti,
1123 2751 1191 2858 quai
1209 2750 1361 2829 adducti
1380 2751 1495 2831 fuisse
1511 2754 1730 2834 dicebantur

307 2887 353 2963 de
374 2886 512 2963 diocesi
531 2883 759 2976 Turonensi,
780 2882 953 2981 videlicet
977 2880 1108 2959 fratres
1132 2880 1323 2960 Gerardus
1350 2881 1397 2960 de
1421 2883 1600 2963 Cabilone
1627 2887 1730 2964 Cabi-

305 3015 470 3094 lonensis
484 3015 653 3104 diocesis,
665 3015 731 3121 qui
748 3014 796 3090 ad
805 3013 1140 3120 interrogacionem
1153 3031 1191 3090 et
1202 3012 1491 3120 requisicionem
1505 3017 1728 3094 eorumdem

307 3145 549 3223 dominorum
568 3143 909 3222 commissariorum
928 3142 1136 3247 respondit,
1158 3141 1263 3248 quod
1280 3141 1428 3221 volebat
1447 3143 1662 3224 deffendere
1678 3148 1729 3223 di-

307 3293 410 3353 ctum
430 3276 619 3368 ordinem,
643 3275 681 3350 in
704 3291 889 3381 quantum
907 3290 1035 3378 posset
1053 3290 1091 3349 et
1110 3273 1231 3350 sciret.

360 3405 488 3486 Guido
513 3406 560 3481 de
580 3408 730 3489 Tonaeo
743 3403 929 3482 Eduensis
949 3403 1107 3482 diocesis
1131 3401 1339 3509 respondit,
1364 3406 1470 3511 quod
1486 3404 1634 3483 volebat
1649 3407 1728 3483 des-

303 3535 474 3628 sendere,
495 3553 679 3642 quantum
697 3534 912 3640 pertinebat
932 3533 980 3609 ad
997 3561 1050 3610 se.

358 3665 587 3745 Guillelmus
605 3667 652 3742 de
670 3683 796 3743 sancto
812 3663 1008 3742 Leonardo
1022 3662 1209 3741 Eduensis
1223 3662 1381 3742 diocesis
1395 3664 1607 3772 respondit,
1624 3667 1728 3772 quod

304 3795 452 3873 volebat
473 3797 705 3888 deffendere,
729 3798 769 3871 in
792 3813 977 3903 quantum
999 3812 1141 3901 posset,
1163 3793 1321 3874 deberet
1342 3813 1380 3874 et
1403 3797 1522 3874 sciret.

361 3925 494 4001 Petrus
509 3925 555 4002 de
570 3926 730 4032 Pedagio
745 3925 931 4006 Eduensis
950 3926 1110 4004 diocesis
1128 3926 1324 4032 respondit
1339 3955 1377 4006 se
1393 3927 1488 4005 velle
1510 3912 1726 4004 deffendere

306 4054 343 4130 in
368 4071 555 4160 quantum
578 4054 627 4130 ad
648 4082 687 4130 se
709 4056 882 4160 pertinet.

359 4181 574 4263 Gausredus
599 4181 645 4259 de
666 4181 892 4261 Malomonte
916 4183 1148 4262 Turonensis
1172 4181 1329 4258 diocesis
1353 4184 1545 4290 respondit
1569 4214 1608 4262 se
1632 4186 1725 4264 velle

306 4312 537 4405 deffendere,
552 4313 592 4389 in
607 4330 792 4419 quantum
812 4313 913 4391 adse
927 4313 1093 4419 pertinet
1108 4311 1208 4389 etde
1222 4312 1370 4392 racione
1391 4313 1603 4396 faciendum
1619 4335 1725 4394 essct.

361 4445 493 4521 Petrus
511 4443 642 4520 Trecie
666 4443 899 4521 Turonensis
920 4443 1079 4522 diocesis
1098 4443 1293 4549 respondit
1312 4473 1352 4523 se
1372 4445 1467 4524 velle
1493 4444 1724 4536 deffendere,

305 4575 344 4651 in
364 4590 548 4681 quantum
567 4572 615 4651 ad
634 4602 675 4653 so
693 4573 873 4681 pertinet,
895 4604 984 4655 cum
1002 4574 1117 4653 nichil
1137 4575 1225 4651 mali
1246 4575 1336 4667 sciat
1353 4577 1392 4654 in
1413 4577 1557 4656 ordine.

360 4695 526 4784 Andreas
553 4706 639 4784 Beri
667 4705 876 4784 Briocensis
900 4705 1058 4786 diocesis
1087 4705 1282 4812 respondit
1309 4737 1347 4787 se
1367 4708 1461 4787 velle
1487 4706 1721 4795 deffendere,

307 4837 344 4913 in
363 4836 547 4947 quantum
567 4836 615 4915 ad
634 4867 673 4916 se
692 4837 873 4946 pertinet,
895 4856 934 4916 et
951 4865 1029 4917 non
1048 4837 1233 4919 ordinem.
