4080 6052
696 514 893 610 paeone
917 535 1012 607 aas
1038 535 1339 620 raurmaas.
1652 538 1725 614 eos

308 681 423 786 gistro
443 680 483 756 in
501 677 707 786 theologia,
727 677 775 753 de
794 674 1005 782 parentella·
1018 688 1104 769 sua,
1121 694 1160 754 et
1179 677 1272 755 dixit
1285 678 1325 753 ‚ei
1346 677 1470 779 dictus
1487 677 1600 755 lratcr
1622 683 1727 786 quod

308 811 405 916 ipse,
426 810 466 884 in
490 806 646 887 artictdo
672 806 806 887 mortis
831 821 870 883 et
890 805 1009 897 aliter,
1031 786 1493 895 audiveratconsassiones
1516 807 1726 887 multorum

307 939 465 1047 framrm
480 938 572 1016 dicti
591 937 734 1015 ordinis
753 952 791 1017 et
804 964 1001 1050 nunquam
1013 936 1254 1025 ,intellexerat
1265 918 1536 1060 -prediplaetated
1553 937 1728 1049 credebat

307 1068 412 1175 qnod
434 1069 508 1147 hoc
526 1066 703 1145 fecissent
720 1067 774 1144 ad
791 1067 1072 1172 temptandum,
1098 1069 1131 1151 si
1156 1040 1502 1177 contingereteum
1523 1069 1610 1174 capi
1628 1067 1728 1165 ultra

309 1226 412 1277 mare
437 1228 459 1275 a
477 1197 691 1284 Saracenis,
714 1224 761 1272 an
780 1196 981 1303 abnegaret
1004 1197 1142 1309 Deum.
1163 1199 1279 1288 Item,
1299 1198 1393 1279 dixit
1414 1181 1521 1304 quod
1546 1197 1729 1303 ipseerat

309 1329 348 1406 in
368 1329 580 1435 proposito,
597 1327 664 1402 illo
685 1354 783 1402 anno
803 1355 880 1432 quo
901 1327 997 1433 capti
1017 1327 1190 1420 luerunt,
1207 1328 1442 1435 ingrediendi
1460 1307 1632 1405 ordinem
1649 1328 1729 1406 Cis-

308 1460 544 1546 tersiensem,
569 1459 685 1564 petita
710 1456 867 1533 licencia
895 1486 917 1533 a
940 1458 1118 1563 Magistro
1142 1486 1229 1548 suo,
1251 1459 1357 1564 quia,
1385 1476 1540 1564 propter
1560 1459 1727 1563 predicta

306 1607 464 1696 puncta,
490 1586 711 1695 displicebat
741 1586 813 1664 sibi
843 1587 936 1663 ordo
962 1587 1135 1693 Templi,
1160 1605 1198 1667 et
1218 1588 1316 1693 <quia
1348 1605 1454 1694 pater
1481 1607 1524 1671 ct
1544 1607 1665 1669 mater
1690 1609 1728 1668 et

306 1720 438 1798 fratres
456 1718 515 1797 sui
535 1730 644 1827 erant
660 1715 799 1822 sepulti
816 1716 858 1828 in
878 1715 994 1793 domo
1014 1717 1203 1796 dictorum
1223 1717 1544 1797 Cistersiensium,
1572 1810 1576 1823 Ι
1647 1780 1649 1787 .

362 1853 476 1941 ltem,
499 1848 548 1925 de
567 1847 756 1929 contentis.
772 1845 811 1921 in
830 1872 853 1924 v
874 1862 912 1923 et
932 1845 1112 1922 omnihus
1132 1846 1213 1923 aliis
1233 1847 1479 1953 sequentibus
1498 1848 1593 1933 dixit
1610 1878 1650 1933 se
1670 1853 1728 1927 ni-

309 1979 384 2058 chil
403 1980 496 2056 scire
518 1978 716 2083 ultraque
741 1990 855 2081 supra
879 1975 1075 2080 deposuit,
1091 1974 1167 2051 hoc
1191 1993 1343 2080 excepto
1362 1978 1487 2083 quod,
1513 1977 1553 2054 in
1573 1979 1635 2055 die
1655 1981 1729 2059 Ve-

310 2109 411 2187 neris
440 2125 580 2198 sancta,
607 2106 703 2191 sidit
730 2121 952 2186 reverenter
981 2104 1094 2181 nudis
1127 2104 1290 2209 pedibus
1320 2134 1389 2212 per
1419 2105 1551 2184 fratres
1586 2108 1728 2187 ordinis

309 2237 457 2317 adorari
474 2263 640 2323 crucem,
660 2233 821 2340 eoquod
839 2232 1132 2317 benecredebat
1152 2235 1406 2313 ecclesiasticis
1419 2239 1673 2327 sacramentis,
1690 2258 1728 2315 et

310 2368 486 2446 credebat
500 2367 606 2474 quod
617 2365 678 2445 alii
690 2363 824 2445 [ratres
840 2364 985 2449 ordinis
1000 2365 1213 2457 crederent;
1235 2366 1302 2443 sed
1322 2366 1377 2442 illi
1394 2367 1460 2472 qui
1479 2387 1728 2473 preceperunt

309 2499 437 2605 eidem
457 2496 624 2603 predicta
642 2495 803 2573 nefanda
831 2522 907 2573 non
929 2511 1034 2575 erant
1053 2495 1094 2571 in
1112 2495 1185 2583 hoc
1203 2494 1294 2573 boni
1316 2494 1528 2583 Christiani.
1550 2498 1621 2574 Pro
1640 2526 1727 2604 pro-

307 2628 414 2706 lessis
442 2627 568 2705 statim
594 2627 831 2708 habebantur
863 2645 902 2704 et
927 2628 1106 2735 jurabant
1124 2656 1211 2708 ,non
1245 2629 1345 2717 exire
1383 2623 1580 2719 ordinem
1614 2627 1727 2726 clam-

308 2758 455 2837 destine
478 2755 777 2862 recipiebantur,
799 2785 938 2865 exque
965 2758 1129 2866 suspicio
1149 2775 1277 2837 contra
1306 2759 1480 2837 ordinem
1500 2758 1725 2850 habebatur,

308 2888 472 2967 cordulis
487 2887 732 2993 cingebantur
751 2917 864 2996 snper
882 2890 1157 2969 camisiascum
1172 2889 1312 2997 quibus
1328 2887 1502 2997 jacebant
1517 2889 1557 2965 in
1576 2890 1726 2995 signum
1845 2927 1852 2938 ·

308 3020 493 3130 castitatis,
510 3046 580 3096 nec
591 3019 662 3095 scit
675 3047 789 3124 quam
806 3046 942 3124 penam
957 3013 1179 3099 habuissent
1193 3020 1260 3126 qui
1276 3038 1417 3097 secreta
1429 3017 1656 3097 revelassent
1668 3019 1727 3097 vel

307 3150 374 3258 qui
393 3148 605 3226 noluissent
623 3147 743 3225 lacere
763 3148 920 3257 illaque
940 3151 980 3233 in
996 3150 1219 3260 recepcione
1239 3149 1544 3256 precipiebantur
1563 3150 1724 3249 eisdem3

306 3281 467 3359 scientes
488 3305 635 3356 errores
658 3279 848 3384 predictos
866 3280 1181 3371 malefecerunt,
1209 3280 1299 3386 quia
1318 3308 1395 3358 non
1415 3297 1638 3357 corexerunt
1656 3307 1726 3357 nec

306 3410 628 3488 denunciaverunt
642 3408 1068 3513 Ecclesia..Elemosinas
1085 3411 1125 3487 in
1142 3412 1257 3488 domo
1276 3411 1323 3486 de
1338 3409 1483 3498 Brolio,
1497 3411 1539 3485 in
1551 3425 1636 3515 quo·
1646 3438 1726 3487 mo-

305 3559 408 3619 ratus
425 3538 564 3618 fi1it'in
585 3540 728 3619 diocesi
747 3541 952 3648 Agenensi,
966 3541 1067 3619 uidit
1086 3538 1353 3619 convenienter
1371 3539 1454 3617 lieri
1476 3557 1514 3617 et
1534 3539 1726 3644 hospitali·

304 3689 420 3752 tatem
439 3672 596 3762 servari3
617 3674 656 3747 in
676 3671 759 3748 aliis
775 3671 953 3750 domibus
967 3671 1119 3775 Templi
1131 3698 1209 3746 non
1221 3669 1361 3759 fuerat,
1384 3670 1457 3748 nisi
1472 3669 1724 3759 transeundo,
1860 3698 1865 3707 ·

306 3829 376 3878 nec
394 3799 518 3879 fuerat
539 3799 574 3874 ei
594 3800 739 3876 dictum
757 3800 865 3904 quod
885 3828 954 3905 per
977 3798 1081 3876 nesas
1101 3797 1312 3904 acquireret
1330 3799 1455 3876 ordini
1478 3799 1538 3877 vel
1556 3800 1664 3906 quod
1682 3828 1724 3876 ex
1760 3795 1765 3805 ’

306 3931 380 4007 hoc
398 3928 610 4033 degereret3
627 3927 744 4005 immo
760 3927 833 4005 fuit
851 3927 886 4003 ei
906 3927 1050 4005 dictum
1066 3928 1108 4004 in
1124 3929 1343 4033 recepcione
1362 3958 1429 4006 sua
1446 3915 1554 4036 quod
1569 3958 1646 4006 non
1664 3921 1725 4007 re.-

306 4059 447 4165 ciperet
465 4086 526 4134 res
538 4056 678 4134 abenas
693 4057 735 4133 in
750 4057 974 4134 commenda
990 4087 1074 4147 sua,
1092 4087 1140 4135 ne
1160 4057 1305 4141 domini
1319 4059 1724 4166 temporalespedagiis
1741 4102 1743 4106 ·

306 4187 629 4278 defraudarentur,
641 4215 712 4265 nec
726 4185 846 4264 credit
859 4188 964 4293 quod
974 4187 1110 4294 aliquis
1119 4187 1252 4278 laicus,
1263 4187 1334 4265 nisi
1350 4188 1391 4265 in
1407 4189 1565 4268 articulo
1578 4189 1721 4278 mortis,
1774 4270 1776 4275 f

305 4318 422 4424 possit
445 4316 636 4404 absoluere
661 4347 682 4394 a
705 4318 875 4422 peccatis.
903 4318 1019 4412 Quod
1042 4344 1201 4425 magnus
1225 4318 1403 4426 Magister
1428 4349 1515 4398 cum
1539 4335 1723 4419 conventu

305 4447 503 4526 ordinabat
543 4447 758 4526 servabatur
790 4448 831 4526 in
863 4449 1014 4542 ordine,
1052 4466 1181 4527 contra
1211 4477 1327 4555 quem
1360 4451 1515 4556 grandia
1552 4450 1723 4529 scandala

304 4593 459 4683 propter
490 4578 658 4682 predicta
684 4594 775 4655 sunt
802 4597 949 4669 exorta,
979 4596 1017 4658 et
1044 4580 1165 4658 credit
1196 4580 1300 4687 quod
1330 4582 1468 4663 modus
1482 4581 1722 4687 ,recepcionis

305 4707 532 4787 confossatus
546 4738 615 4816 per
629 4739 718 4788 eum
738 4727 836 4789 esset
849 4727 963 4789 notus
977 4709 1155 4811 iratribus
1177 4711 1333 4806 ordinis,
1348 4712 1416 4799 sed
1434 4740 1511 4799 non
1525 4711 1718 4807 extraneis.

359 4839 471 4932 Item,
492 4840 695 4948 requisitus
712 4839 744 4918 si
764 4840 817 4920 sic
833 4840 1009 4946 deposuit
1024 4869 1157 4950 prece,
1179 4859 1376 4950 precepto,
1397 4842 1550 4938 timore,
1569 4871 1716 4935 amore,
