4080 6052
477 552 480 557 ·
530 544 602 615 sse
915 521 1111 616 enoch-s
1137 539 1232 611 ons
1258 536 1559 609 usnemu-ns.

529 697 682 786 excepto
712 681 820 786 quod
843 679 973 758 iratres
1002 674 1441 786 cingebanturquadam
1466 672 1621 751 cordula
1643 699 1759 778 super
1783 673 1952 750 marisiae

529 839 616 886 cum
639 808 781 915 quibus
799 809 989 917 jacebant,
1003 809 1084 887 sed
1110 809 1209 885 dicta
1232 804 1388 884 cordula
1413 833 1489 881 non
1512 803 1586 880 suit
1607 803 1680 880 sihi
1704 802 1860 891 tradita,
1886 804 1950 880 sed

529 912 663 1017 hahuit
683 967 765 1016 eam
785 969 806 1016 a
824 941 988 1047 quadam
1004 966 1134 1017 sorore
1155 965 1232 1014 sua.
1257 1003 1261 1009 .

553 1113 556 1117 ·
587 1071 700 1157 Item,
722 1071 770 1146 ad
789 1087 964 1147 contenta
983 1071 1024 1145 in
1044 1095 1113 1148 axv
1129 1084 1168 1144 et
1186 1093 1270 1144 xm
1289 1065 1538 1172 sequentihus
1561 1061 1759 1169 respondit
1779 1090 1821 1138 se
1836 1063 1950 1139 nichil

531 1199 635 1277 aliud
652 1201 744 1277 scire
769 1230 883 1307 quam
907 1227 1018 1306 supra
1040 1197 1232 1305 deposuit,
1252 1199 1326 1275 hoc
1345 1214 1499 1301 excepto
1523 1197 1630 1303 quod
1655 1220 1951 1300 per-sacramen-

529 1346 612 1407 tum
634 1330 878 1408 inhibebatur
897 1333 951 1409 eis
970 1358 1018 1408 ne
1035 1329 1257 1406 revellerent
1273 1344 1414 1406 secreta
1433 1326 1594 1415 ordinis,
1619 1343 1657 1401 et
1672 1325 1702 1401 si
1714 1323 1949 1413 revelassent,

530 1459 651 1535 credit
666 1461 773 1566 quod
791 1461 1044 1565 perdidissent
1063 1458 1302 1546 mantellum,
1325 1475 1363 1533 et
1382 1457 1485 1562 quod
1502 1454 1662 1532 luissent
1683 1454 1827 1559 expulsi
1848 1455 1953 1562 igno-

531 1589 692 1667 miniose
712 1590 934 1683 ab.ordine,-
954 1607 991 1665 et
1009 1589 1202 1665 audiverat
1220 1588 1294 1664 dici
1318 1617 1339 1663 a
1363 1588 1474 1663 fratre
1495 1587 1536 1662 P.
1558 1584 1606 1662 de
1626 1586 1743 1690 Beyse
1762 1583 1951 1689 capellano

533 1718 622 1795 dicti
644 1721 802 1810 ordinis,
824 1737 915 1797 tunc
931 1737 1061 1797 curato
1081 1717 1237 1796 ecclesie
1255 1719 1302 1796 de
1322 1716 1493 1808 Volenis,
1509 1717 1569 1793 cui
1581 1716 1660 1821 ipse
1675 1716 1780 1793 testis
1794 1715 1952 1792 confite·

532 1848 654 1940 batur,
673 1851 779 1956 quod
796 1878 872 1928 non
894 1850 1058 1928 debehat
1076 1848 1265 1936 confiteri,
1283 1849 1354 1925 nisi
1376 1847 1555 1925 fratribus
1573 1847 1733 1937 ordinis,
1750 1846 1891 1952 absque
1905 1845 1953 1921 li-

533 1981 657 2056 cencia
682 1981 924 2087 superiorum
949 2005 1124 2067 suorum,
1149 1981 1237 2086 quia
1258 1981 1445 2059 seculares
1465 1961 1724 2056 sinelicencia
1748 2006 1827 2054 non
1850 1994 1955 2084 pote·

532 2126 615 2184 rant
633 2138 697 2186 eos
716 2110 923 2199 absolvere,
941 2128 986 2188 ut
1004 2110 1114 2201 dixit,
1131 2128 1170 2187 et
1188 2110 1366 2191 credebat
1385 2110 1490 2217 quod
1510 2109 1743 2215 negligentes
1762 2108 1906 2185 luerint
1917 2111 1952 2184 in

533 2240 763 2347 corrigendis
781 2241 990 2328 erroribus,
1006 2259 1044 2319 et
1064 2242 1326 2319 denunciando
1348 2267 1412 2318 eos
1431 2240 1609 2317 Ecclesie.

588 2371 700 2458 Item,
734 2372 783 2448 ad
807 2399 902 2451 xcvu
930 2373 1126 2478 respondit
1152 2374 1258 2479 quod
1288 2373 1508 2450 ellemosine
1538 2388 1577 2448 et
1600 2349 1837 2476 hospitalitas
1859 2371 1953 2447 hene

532 2501 774 2578 servabantur
787 2504 825 2578 in
845 2502 1005 2591 ordine,
1019 2503 1057 2579 in
1077 2502 1170 2579 locis
1189 2503 1229 2578 in
1249 2503 1481 2610 quibusipse
1501 2500 1598 2593 suit,¹
1610 2502 1756 2578 scilicet
1767 2502 1807 2577 in
1822 2501 1906 2580 lsoo
1917 2502 1952 2577 in

534 2658 610 2736 quo
630 2631 702 2710 luit
722 2652 911 2740 receptus,
934 2651 972 2709 et
991 2634 1029 2709 in
1041 2634 1165 2710 ‘domo
1188 2634 1235 2711 de
1254 2634 1376 2712 Saliae
1393 2633 1556 2710 d'Ellant
1575 2632 1763 2711 Eduensis
1780 2630 1952 2713 diocesis.

534 2761 572 2835 in
594 2790 668 2866 qua
687 2761 809 2841 lucrat
825 2780 1089 2841 commoratus.

558 2943 560 2947 -
591 2892 700 2981 Item,
721 2911 896 2975 contenta
916 2895 954 2970 in
979 2921 1103 2985 xcvrn,
1123 2921 1198 2973 vrnr
1218 2911 1256 2970 et
1276 2894 1407 2971 edixit
1427 2921 1465 2970 se
1485 2923 1563 2971 non
1586 2894 1843 2970 crederem
1856 2918 1947 2967 esse.

591 3019 702 3106 Item,
731 3022 778 3097 de
804 3024 988 3100 contentis
1011 3026 1050 3100 in
1073 3052 1106 3101 cr
1127 3043 1166 3101 et
1184 3023 1363 3103 omnihus
1385 3025 1467 3102 aliis
1490 3023 1738 3130 sequentibus
1764 3021 1953 3129 respondit

536 3175 574 3223 se
596 3147 827 3253 ultraquam
850 3154 1028 3258 deposuit
1046 3154 1163 3230 nichil
1183 3156 1289 3242 scire,
1308 3156 1380 3231 nisi
1400 3155 1506 3261 quod
1523 3154 1666 3231 audivit
1688 3154 1952 3260 a'quibusdam

534 3276 685 3354 famulis
705 3278 861 3358 fratrum
881 3283 1118 3360 venientibus
1139 3284 1186 3360 de
1208 3285 1395 3389 capitulis,
1412 3286 1516 3391 quod
1532 3284 1692 3391 capitula
1709 3312 1843 3371 eorum
1862 3283 1953 3360 clam

533 3409 770 3497 tenebantur,
798 3430 835 3488 et
859 3415 979 3489 credit
1008 3416 1111 3519 quod
1131 3415 1228 3491 illud
1252 3416 1356 3520 quod
1379 3444 1536 3523 magnus
1560 3417 1735 3522 Magister
1758 3414 1952 3491 ordinabat

535 3557 743 3616 servaretur
768 3544 1020 3620 communiter
1052 3545 1090 3619 in
1118 3545 1270 3634 ordine,
1303 3563 1340 3620 et
1368 3547 1472 3650 quod
1502 3546 1729 3653 negligentes
1751 3543 1892 3618 luerint
1912 3544 1950 3615 in

535 3671 757 3774 corrigendo
779 3691 817 3748 et
836 3673 1115 3763 denunciand0,
1139 3693 1178 3751 et
1197 3676 1301 3782 quod
1330 3677 1417 3751 inde
1441 3695 1568 3753 contra
1589 3677 1760 3753 ordinem
1782 3673 1959 3750 scandala·

533 3818 621 3873 sunt
642 3819 783 3889 exorta,
805 3820 844 3878 et
862 3803 968 3908 quod
989 3805 1124 3882 modus
1146 3807 1375 3912 recepcionis
1401 3807 1630 3884 confessatus
1652 3836 1721 3911 per
1747 3834 1835 3881 eum
1861 3822 1953 3879 esset

534 3928 753 4007 manifestus
771 3933 869 4009 inter
889 3932 1020 4011 fratres
1039 3936 1197 4024 ordinis,
1217 3936 1283 4013 sed
1304 3965 1380 4011 non
1407 3936 1504 4013 inter
1525 3954 1739 4026 extraneos3
1761 3952 1799 4013 et
1820 3934 1953 4010 audivit

491 4057 507 4085 ⁶
534 4058 608 4132 dici
634 4088 813 4167 magnum
834 4064 1052 4168 Magistrum
1080 4082 1116 4141 et
1140 4067 1233 4143 alios
1253 4065 1384 4142 lratres
1406 4094 1568 4156 errores,
1589 4068 1708 4142 nescit
1735 4094 1849 4171 quos,
1871 4090 1953 4140 con·

534 4187 687 4266 l'essatos
704 4190 831 4269 luisse.

592 4319 701 4407 Item,
718 4325 921 4429 requisitus
934 4326 963 4400 si
981 4326 1033 4401 sic
1048 4326 1274 4430 deposuerat
1282 4355 1410 4432 prece,
1427 4344 1623 4433 precepto,
1638 4328 1794 4414 timore,
1814 4352 1949 4406 aurore,

536 4446 643 4537 odio,
669 4456 865 4559 temporali
894 4456 1054 4532 comodo
1080 4456 1208 4533 habito
1227 4458 1285 4533 vel
1303 4457 1496 4546 hahendo,
1520 4457 1715 4563 respondit
1737 4458 1844 4561 quod
1864 4483 1948 4539 non,

536 4577 602 4650 sed
630 4607 698 4683 pro
726 4585 878 4662 veritate
908 4585 1083 4673 dicenda3
1115 4588 1174 4662 cui
1205 4587 1276 4663 luit
1303 4587 1514 4693 injunctum
1544 4616 1612 4691 per
1640 4587 1761 4663 dictos
1784 4588 1950 4664 dominos

536 4710 821 4797 commissarios,
839 4716 877 4789 in
894 4717 1029 4792 virtute
1038 4719 1242 4824 juramenti
1258 4719 1401 4823 prestiti
1422 4748 1490 4823 per
1509 4747 1614 4808 eum,
1634 4719 1739 4825 quod
1758 4747 1836 4794 non
1858 4743 1950 4793 reve·

536 4832 630 4909 larct
646 4837 740 4912 hanc
756 4867 861 4915 suam
878 4845 1176 4947 deposicionem,
1196 4877 1394 4953 quousque
1406 4849 1665 4925 attestaciones
1681 4848 1824 4924 fuerint
1841 4846 1954 4952 publi·
