4080 6052
527 507 602 630 iu
912 534 1106 628 procas
1132 550 1227 623 ons
1253 548 1555 623 renelmus.

463 688 467 699 ⁵
526 695 680 803 grandia
703 694 873 771 scandala
893 713 1022 772 contra
1043 691 1217 770 ordinem
1241 707 1383 780 exortu,
1407 706 1445 766 et
1464 689 1536 764 fuit
1556 687 1659 763 idem
1678 686 1778 762 ordo
1798 686 1848 763 de
1868 713 1952 793 pne·

528 816 635 902 dictis
654 825 868 901 diffamatus
887 843 972 931 post
992 823 1207 927 capcionem
1228 847 1372 900 eorum.

584 954 799 1061 Requisitus
819 955 848 1031 si
869 955 960 1031 alias
978 953 1171 1030 consessus
1190 950 1312 1027 luerat
1330 951 1474 1056 aliquid
1494 966 1620 1025 contra
1643 965 1853 1054 presentem
1876 950 1946 1026 de·

502 1183 505 1187 ¹
529 1085 769 1191 posicionem,
787 1084 982 1190 respondit
996 1082 1101 1190 quod
1121 1081 1172 1157 sic
1187 1097 1344 1186 propter
1358 1079 1640 1157 vehemenciam
1655 1094 1941 1178 tormentorum¹

530 1242 604 1318 que
628 1211 782 1288 luerunt
806 1213 877 1289 sibi
900 1213 1001 1289 illata
1026 1211 1204 1296 Parisius,
1226 1210 1377 1315 quando
1403 1209 1582 1285 dominus
1603 1207 1844 1284 Nivernensis
1870 1210 1945 1313 epi-

530 1371 665 1449 scopus
687 1342 774 1419 lecit
794 1344 934 1450 inquiri
956 1344 1009 1420 ibi
1035 1359 1164 1420 contra
1183 1366 1289 1428 eum,
1313 1358 1350 1416 et
1366 1342 1454 1446 quia
1472 1357 1551 1416 tres
1569 1367 1612 1414 ex
1633 1338 1717 1445 ejus
1739 1338 1850 1416 sociis
1869 1337 1948 1416 lue-

397 1474 401 1480 ’
530 1490 621 1562 runt
639 1472 692 1549 ibi
713 1474 853 1549 mortui
874 1490 1029 1579 propter
1048 1472 1147 1583 dieta
1165 1488 1368 1559 tormenta,
1390 1488 1435 1547 ut
1453 1469 1596 1551 audivit
1617 1469 1706 1545 dici.
1734 1468 1948 1573 Requisitus

532 1604 578 1678 de
610 1601 828 1677 nominibus
856 1602 1010 1680 illorum
1043 1601 1110 1707 qui
1143 1599 1365 1677 dicebantur
1391 1600 1529 1702 obiisse
1560 1614 1716 1704 propter
1746 1597 1845 1674 dicta
1872 1615 1945 1674 tor-

531 1747 673 1816 menta,
697 1730 790 1806 dixit
809 1731 913 1836 quod
935 1758 1033 1807 unus
1047 1728 1247 1806 vocabatur
1266 1728 1380 1805 frater
1399 1728 1574 1807 Galterus
1598 1727 1840 1804 Bituriceusis
1863 1727 1943 1802 dio-

532 1862 640 1947 cesis,
668 1860 762 1937 alter
784 1860 992 1965 Chautalop
1018 1876 1056 1935 et
1079 1859 1172 1935 alter
1195 1858 1370 1950 Anticum
1398 1858 1621 1964 cognomina
1639 1875 1771 1934 tamen
1791 1856 1942 1963 ignorat,

533 2009 570 2067 et
590 1990 709 2067 credit
728 1991 831 2096 quod
856 1991 1030 2097 Magister
1053 1989 1172 2066 etalii
1192 1989 1257 2095 qui
1283 1989 1461 2067 dicuutur
1480 1989 1594 2066 fuisse
1618 1986 1782 2065 confessi
1809 1987 1948 2092 aliqum

533 2149 678 2196 errores
697 2139 824 2196 contra
844 2121 1018 2196 ordinem
1036 2119 1191 2196 fuerunt
1210 2122 1374 2206 mentiti,
1404 2138 1440 2196 et
1463 2120 1567 2227 quod
1591 2119 1639 2196 ad
1663 2122 1736 2196 boc
1755 2118 1948 2195 tormentis

532 2251 589 2327 vel
607 2250 920 2355 promissionibus
940 2249 1096 2327 luerunt
1115 2249 1272 2327 inducti.
1770 2243 1775 2250 ’

589 2380 805 2486 Requisitus
819 2380 849 2456 si
866 2382 918 2458 sic
936 2382 1162 2486 deposuerat
1178 2409 1301 2486 prece,
1319 2397 1507 2485 precepto,
1523 2381 1673 2468 timore,
1692 2407 1836 2470 amore,
1852 2379 1948 2468 odio,

532 2510 589 2586 vel
615 2509 813 2615 temporali
838 2509 999 2587 comodo
1027 2510 1157 2587 habito
1181 2510 1240 2586 vel
1269 2509 1467 2596 babendo,
1496 2509 1692 2615 respondit
1720 2509 1827 2616 quod
1857 2534 1948 2594 uon,

532 2640 599 2716 sed
623 2638 694 2747 pro
716 2641 868 2717 veritate
893 2640 1062 2718 dicenda.
1089 2641 1162 2718 Cui
1189 2638 1261 2716 fuit
1288 2640 1501 2747 injunctum
1530 2639 1636 2745 quod
1667 2666 1749 2716 non
1777 2638 1951 2716 revelaret

533 2771 628 2846 hanc
647 2799 753 2848 suam
773 2772 1054 2877 deposicionem
1079 2798 1279 2878 quousque
1305 2770 1564 2848 attestaciones
1586 2768 1732 2849 fuerint
1751 2768 1943 2877 ptrblicate.

590 3029 743 3105 Eisdem
767 3031 828 3107 die
856 3051 894 3108 et
919 3035 1002 3111 loco
1029 3034 1152 3110 dietus
1170 3032 1284 3110 frater
1307 3035 1439 3110 Petrus
1459 3033 1507 3109 de
1527 3031 1645 3109 Blesis
1670 3032 1949 3110 Claramouten-

535 3156 584 3232 sis
601 3157 770 3247 diocesis,
789 3162 994 3268 presbyter,
1011 3164 1116 3240 testis
1130 3191 1243 3268 supra
1250 3163 1415 3270 juratus,
1434 3191 1511 3240 non
1526 3162 1715 3239 defferens
1730 3160 1951 3238 mantellum

535 3287 695 3377 ordinis,
721 3292 808 3396 quia
832 3291 956 3396 ipsum
985 3294 1177 3369 dimiserat
1206 3323 1280 3370 una
1307 3325 1395 3372 cum
1424 3294 1599 3400 pluribus
1621 3294 1703 3370 aliis
1728 3295 1767 3368 iu
1796 3290 1952 3369 concilio

536 3422 758 3508 senonensi,
784 3423 1117 3532 quadragenarius,
1148 3452 1234 3499 cum
1252 3452 1329 3530 quo
1349 3426 1422 3502 luit
1442 3426 1663 3531 inquisitum
1686 3453 1754 3528 per
1778 3422 1952 3497 Predica-

533 3567 654 3636 tores,
681 3569 718 3626 et
744 3553 937 3631 absolutus
967 3573 1004 3631 et
1027 3554 1286 3631 reconciliatus
1312 3584 1379 3659 per
1403 3540 1602 3632 doininum
1628 3553 1949 3656 archiepiscopum

535 3680 803 3760 Senouensem.
825 3686 948 3763 Lectis
971 3704 1009 3762 et
1032 3686 1233 3791 diligenter
1255 3688 1430 3791 expositis
1450 3687 1519 3763 sibi
1542 3686 1717 3764 omuibus
1737 3700 1774 3758 et
1790 3679 1951 3786 singulis

534 3812 715 3900 articulis,
741 3817 936 3920 respondit
963 3816 1010 3892 ad
1035 3844 1115 3907 eos,
1144 3834 1180 3892 et
1205 3818 1329 3922 primo
1357 3820 1403 3893 ad
1424 3819 1565 3921 primos
1585 3845 1665 3909 ιιιιι,
1688 3843 1728 3892 se
1752 3813 1897 3889 nescire
1924 3813 1950 3887 si

535 3958 707 4018 contenta
730 3945 768 4019 in
795 3946 902 4023 dictis
922 3947 1086 4024 articulis
1112 3965 1218 4023 erant
1241 3975 1325 4023 vera
1350 3948 1408 4022 vel
1436 3976 1528 4037 non,
1559 3965 1597 4023 et
1622 3948 1754 4054 pocius
1780 3941 1952 4019 credebat

535 4071 638 4176 quod
660 4100 736 4148 non
762 4105 875 4179 quarn
903 4078 1007 4182 quod
1027 4078 1095 4167 sic,
1117 4079 1205 4182 quia
1229 4078 1387 4162 viderat,
1415 4105 1482 4183 per
1501 4078 1654 4153 fratrem
1678 4078 1882 4182 Hugonem
1908 4071 1950 4146 de

532 4200 702 4278 Penrado
725 4205 953 4282 visitatorem
973 4207 1143 4297 Francia,
1165 4207 1280 4312 recipi
1303 4206 1416 4284 simul
1437 4225 1475 4283 et
1499 4207 1617 4283 semel
1640 4207 1738 4282 duos
1764 4203 1952 4309 presbyte-

534 4358 611 4417 ros,
639 4333 735 4410 duos
757 4336 894 4412 milites
916 4354 953 4412 et
973 4337 1069 4414 duos
1089 4338 1309 4425 servientes,
1330 4367 1495 4443 quorum
1516 4366 1616 4413 unus
1639 4365 1682 4411 ex
1705 4333 1952 4448 sprvientibus

530 4461 726 4540 vocabatur
744 4467 924 4544 Ricardus
944 4470 1115 4556 Scortus,
1138 4468 1299 4545 aliorum
1318 4497 1405 4547 vero
1431 4470 1584 4545 nomina
1612 4471 1775 4576 ignorat,
1799 4468 1840 4542 in
1865 4493 1952 4572 quo-

532 4590 617 4665 dam
643 4594 819 4697 capitulio
842 4599 1006 4702 generali
1029 4598 1216 4692 celebrato
1241 4599 1419 4687 Parisios,
1442 4599 1598 4676 fuerunt
1624 4599 1756 4673 decem
1783 4596 1873 4672 anni
1896 4594 1950 4670 vel

532 4717 625 4793 circa
652 4722 809 4800 infesto
838 4729 1035 4806 nativitatis
1062 4730 1161 4806 beati
1187 4731 1368 4807 lobannis
1397 4731 1578 4835 Baptista,
1608 4725 1851 4834 presentibus
1883 4723 1950 4801 trs

533 4847 654 4924 tribus
674 4849 841 4929 Gerardo
863 4857 909 4933 de
925 4860 1127 4938 Villaribus
1144 4880 1180 4937 et
1197 4860 1415 4940 Guauiredo
1437 4862 1482 4937 de
1502 4860 1685 4938 Gonavala
1710 4857 1848 4951 milite,
1870 4881 1949 4966 pre·
1984 4906 1987 4911 -
