4080 6052
693 508 890 623 esoces
916 527 1012 599 oss
1038 527 1340 601 rrurrrrrrs.
1651 497 1725 608 'sss

309 680 430 755 henne
454 677 620 758 Peneon,
644 670 835 774 Stephano
858 667 905 745 de
930 666 1090 745 Divione
1109 685 1147 745 et
1171 669 1342 745 Johanne
1366 669 1413 744 de
1432 671 1549 745 Belna
1568 674 1728 749 servien-

307 806 425 889 tibus,
456 801 667 879 deffunctis.
698 802 790 878 Nam
820 827 908 876 cum
938 798 1112 904 periisset
1134 828 1155 874 a
1180 800 1281 877 dicto
1307 816 1500 904 receptore
1528 827 1662 904 panem
1693 822 1730 878 et

306 963 438 1039 equam
459 951 496 1008 et
516 931 657 1009 bonam
675 930 890 1011 sociemtem
911 929 1074 1015 ordinis,
1097 947 1135 1005 et
1155 947 1327 1035 receptor
1350 930 1604 1034 respondisset
1624 934 1727 1034 quod

304 1064 401 1143 bene
422 1061 600 1166 cogitaret
620 1060 713 1165 quid
737 1059 904 1165 petebat,
932 1060 1023 1164 quia
1045 1076 1236 1164 oporteret
1258 1087 1346 1136 eum
1373 1060 1537 1136 multum
1556 1059 1727 1165 jejunare
1823 1122 1831 1140 .

307 1213 343 1272 et
367 1193 505 1271 muitas
526 1191 759 1268 austeritates
782 1190 984 1280 sustinere,
1012 1189 1152 1294 etipse
1174 1190 1429 1294 respondisset
1453 1190 1558 1294 qnod
1580 1208 1730 1295 paratus

308 1343 386 1402 erat
402 1323 529 1400 omnin
546 1322 748 1411 sustinere,
764 1320 881 1397 traxit
898 1349 939 1396 se
961 1320 1009 1396 ad
1032 1337 1176 1427 partem
1199 1320 1321 1401 dictus
1344 1338 1516 1424 receptor
1536 1349 1623 1397 cum
1648 1321 1730 1397 aliis

306 1454 484 1532 tratribus
497 1451 694 1557 predictis,
721 1467 760 1527 et
783 1449 933 1527 locutus
952 1449 1024 1526 suit
1048 1478 1135 1527 cum
1160 1449 1214 1526 eis
1238 1451 1268 1525 si
1293 1451 1505 1554 reciperent
1529 1451 1653 1554 ipsum
1675 1470 1731 1529 te-

306 1602 425 1661 stem:
445 1600 586 1659 etcum
604 1582 909 1665 concordassent,
928 1579 1072 1685 recepit
1093 1607 1180 1656 eum
1200 1596 1239 1654 et
1254 1578 1343 1656 fecit
1362 1608 1451 1655 eum
1470 1608 1602 1655 vovere
1623 1583 1730 1657 casti-

305 1731 436 1797 tatem,
458 1712 580 1789 vivere
601 1712 683 1815 sine
702 1710 855 1819 proprio
874 1727 912 1786 et
932 1710 1206 1795 obedienciam,
1234 1728 1273 1784 et
1295 1709 1450 1785 tradidit
1473 1710 1543 1786 sibi
1572 1710 1731 1787 muntel-

306 1842 398 1918 lum.
414 1843 501 1934 Quo
518 1841 675 1925 tradito,
696 1839 784 1915 fecit
802 1868 889 1916 eum
905 1840 1033 1945 jurare
1048 1841 1153 1947 quod
1170 1856 1333 1916 servaret
1352 1857 1492 1915 secreta
1512 1841 1669 1927 ordinis,
1691 1859 1730 1916 et

307 1973 411 2076 quod
429 1970 602 2048 obediret
620 1969 926 2074 quibuscumque
943 1970 1128 2047 mandetis
1146 1969 1217 2045 sibi
1235 1968 1414 2046 faciendis
1430 1999 1500 2075 per
1518 1972 1729 2074 superiores

309 2127 396 2178 suos
414 2097 503 2175 dicti
524 2097 693 2175 ordinis:
714 2116 800 2202 post
819 2099 924 2204 quod
942 2099 1099 2203 quidem
1117 2098 1394 2204 juramentum,
1417 2100 1539 2176 dictus
1560 2117 1730 2205 receptor

310 2229 402 2306 dixit
432 2228 466 2303 ei
498 2228 604 2333 quod
632 2227 843 2303 secundum
872 2226 1184 2305 consuetudinem
1220 2229 1377 2318 ordinis,
1411 2228 1606 2333 oportebat
1640 2258 1728 2307 eum

309 2385 443 2461 negare
463 2338 606 2445 Deum,
626 2374 663 2433 et
682 2357 851 2461 precepit
865 2357 900 2431 ei
917 2357 1022 2461 quod
1035 2374 1208 2462 negaret,
1230 2375 1267 2432 et
1282 2358 1404 2435 dictus
1411 2359 1521 2434 testis
1538 2359 1731 2464 respondit

309 2488 502 2593 quomodo
523 2488 594 2563 hoc
613 2504 737 2592 posset
756 2485 894 2575 facere,
922 2502 960 2562 et
982 2485 1056 2562 fuit
1077 2487 1194 2594 magis
1217 2486 1391 2562 turbatus
1414 2503 1452 2562 et
1476 2488 1592 2564 iratus
1615 2516 1728 2594 quam

307 2617 421 2696 fuerit
434 2618 522 2693 alias
532 2616 571 2693 in
585 2633 663 2693 tota
677 2617 751 2692 rita
765 2644 849 2706 suu,
872 2633 910 2691 et
930 2616 1049 2720 magis
1069 2610 1201 2701 doluit,
1224 2634 1267 2692 ut
1287 2617 1390 2703 dixit,
1412 2619 1573 2723 quamsi
1595 2619 1729 2695 ductus

309 2747 438 2824 fuisset
453 2747 500 2824 nd
516 2746 742 2852 patibulum.
766 2748 1062 2853 verumptamen
1083 2747 1244 2850 negavit,
1266 2748 1354 2852 quia
1368 2747 1557 2852 juraverat
1574 2750 1729 2827 obedire

310 2879 612 2983 quibuscumque
640 2876 827 2982 preceptis
861 2876 1101 2981 superiorum
1130 2904 1299 2951 suorum.
1331 2879 1577 2954 Postmodum
1609 2878 1730 2956 dictus

310 3024 495 3111 receptor,
518 3023 666 3109 accepta·
688 3006 850 3111 quadarn
878 3033 987 3081 cruce
1009 3034 1119 3092 enea,
1147 3022 1189 3080 ut
1214 3005 1284 3082 sibi
1303 3006 1463 3096 videtur,
1490 3009 1538 3084 de
1561 3007 1664 3082 altari
1690 3010 1728 3084 in

310 3164 384 3240 qun
405 3152 484 3210 erat
504 3161 638 3241 ymago
663 3134 855 3223 crucifixi,
882 3134 1048 3239 precepit
1069 3133 1193 3209 eidem
1212 3137 1299 3211 testi
1321 3136 1427 3241 quod
1446 3154 1597 3242 spueret
1616 3166 1730 3243 super

311 3293 409 3352 earn,
435 3280 488 3348 et,
512 3263 697 3368 cumipse
722 3263 827 3339 testis
858 3263 999 3339 diceret
1023 3264 1127 3369 quod
1147 3264 1219 3338 hoc
1244 3282 1321 3340 erat
1350 3266 1461 3340 nimis
1486 3267 1644 3355 durum,
1672 3296 1731 3341 re·

311 3394 463 3499 spondit
481 3410 652 3498 receptor
670 3394 776 3500 quod
795 3394 846 3468 ita
859 3393 1061 3498 oportebat
1081 3422 1169 3471 eum
1185 3394 1323 3482 facere,
1339 3397 1428 3500 quie
1445 3397 1498 3472 sie
1515 3414 1592 3473 erat
1609 3397 1649 3471 in
1668 3421 1729 3472 or·

312 3523 398 3601 dine
429 3540 670 3611 consuetum
696 3540 734 3599 et
760 3523 847 3601 ideo
880 3524 1004 3599 dictus
1031 3525 1137 3601 testis
1166 3525 1267 3629 spuit
1295 3553 1371 3600 non
1401 3553 1515 3631 super
1539 3527 1604 3601 sed
1624 3528 1729 3632 juxta

313 3651 729 3731 remansionem
752 3680 829 3728 non
854 3651 1012 3729 suerunt
1031 3651 1126 3729 facta
1151 3652 1189 3727 in
1216 3653 1313 3729 dieta
1335 3655 1553 3759 recopcione
1578 3683 1660 3744 sua,
1687 3672 1731 3732 ut
1844 3691 1847 3698 ¹

313 3781 405 3858 dixit
424 3811 432 3854 :
458 3796 495 3854 et
514 3779 634 3855 credi-t
652 3780 756 3884 quod
775 3808 843 3884 per
864 3809 907 3857 ea
926 3809 1003 3885 que
1021 3781 1164 3857 audivit
1179 3797 1308 3885 postea
1328 3783 1403 3857 dici
1424 3783 1470 3858 ab
1492 3784 1566 3860 illis
1585 3786 1651 3889 qui
1672 3786 1729 3859 in—

312 3908 516 3986 terfuerant
528 3908 736 4012 reccpcioni
750 3936 833 3996 sue,
847 3910 952 4014 quod
968 3908 1089 3985 fiserat
1106 3910 1176 3985 sibi
1194 3910 1288 3986 sacta
1305 3914 1441 4017 grecia,
1461 3915 1553 4019 quie
1565 3942 1641 3990 non
1659 3914 1730 3989 fuit

314 4035 500 4115 osculatus
508 4052 741 4141 receptorem
749 4053 863 4121 retro,
874 4038 941 4113 sed
952 4036 1144 4114 dumtaxat
1151 4039 1191 4113 in
1200 4041 1377 4145 ore,quia
1387 4060 1466 4119 erat
1475 4044 1728 4122 amicussuus.

368 4167 480 4255 Item,
499 4163 582 4243 adv
601 4181 676 4243 etr
695 4142 909 4269 sequentes,
926 4167 973 4242 de
995 4167 1326 4274 dogmatiracione,
1341 4171 1628 4248 conculcacione
1647 4201 1731 4248 cru-

315 4296 366 4371 cis
387 4311 423 4369 et
442 4311 538 4384 cato,
560 4295 754 4400 respondit
770 4323 809 4370 se
830 4295 946 4371 nichil
966 4296 1058 4372 scire
1077 4297 1146 4372 nisi
1164 4315 1349 4402 qnantum
1367 4328 1477 4405 supra
1497 4302 1681 4407 deposuit.

371 4429 479 4513 Item,
500 4427 548 4503 ad
561 4454 619 4505 rvr
641 4444 678 4503 et
699 4452 747 4504 vu
765 4443 965 4531 sequentes
988 4428 1183 4534 respondit
1205 4456 1245 4505 se
1264 4430 1383 4507 nichil·
1403 4432 1512 4520 scire,
1537 4431 1608 4508 sed
1626 4433 1729 4537 quod

317 4556 394 4659 ipse
415 4554 513 4632 bene
532 4556 707 4633 credebat
726 4557 966 4632 sacrementis
984 4556 1164 4648 Ecdeme,
1190 4575 1227 4634 et
1245 4559 1365 4635 credit
1388 4561 1493 4666 quod
1516 4561 1579 4637 atii
1599 4559 1730 4638 fratres

316 4684 452 4766 codem
471 4685 585 4764 modo
606 4686 818 4779 crederent,
840 4686 909 4765 sed
929 4687 1033 4794 quod
1051 4688 1216 4764 facerent
1234 4688 1560 4768 abhominwiones
1579 4692 1627 4768 de
1647 4693 1732 4798 qui-

315 4816 387 4892 bus
407 4845 520 4922 snpra
539 4817 729 4924 deposuit,
751 4835 905 4923 propter
921 4818 1235 4896 consuetudinem
1250 4819 1403 4898 ordinis.
1526 4883 1531 4891 .
