4080 6052
484 543 682 636 rnocts
708 564 801 635 ons
826 562 1126 674 rnurnrans.
1439 571 1511 641 osr

156 703 243 779 Post
267 702 356 794 hec,
380 702 441 778 die
462 701 562 779 lovis
582 704 769 809 sequenti,
791 733 864 809 que
879 703 949 782 fuit
963 725 1095 813 quarta
1114 708 1194 784 dies
1214 707 1352 783 mensis
1366 708 1512 799 Marcii,

98 833 170 910 luit
196 833 382 909 adductus
405 833 452 909 ad
474 833 703 939 presenciam
728 835 949 911 eorumdem
974 838 1216 914 dominorum
1242 836 1515 914 commissario-

97 992 197 1054 rum,
234 963 273 1038 in
304 963 418 1039 domo
451 964 617 1068 predicta
644 962 801 1041 fratrum
826 965 1036 1057 Minorum,
1070 965 1185 1043 frater
1206 967 1438 1048 Virmundus
1468 967 1514 1044 de

97 1094 257 1172 Sanconi
285 1093 466 1185 serviens,
495 1094 772 1172 Suessionensis
804 1095 982 1188 diocesis,
1014 1098 1119 1174 testis
1146 1125 1255 1202 supra
1275 1097 1442 1203 juratus,
1473 1115 1515 1173 ut

99 1223 305 1328 deponeret
332 1224 475 1300 dictum
501 1253 631 1317 suum,
659 1225 975 1332 quadragenarius
996 1227 1057 1304 .vel
1087 1227 1199 1317 circa,
1231 1255 1306 1303 nou
1330 1225 1515 1303 defferens

98 1354 321 1431 mantellum
355 1355 516 1443 ordinis,
551 1356 640 1462 quia
668 1356 764 1432 circa
794 1354 931 1433 festum
960 1357 1238 1435 Purificacionis
1264 1357 1372 1456 beate
1400 1358 1515 1434 Marie

97 1485 267 1588 proximo
280 1486 504 1590 preteritum
516 1487 725 1562 voluntarie
739 1485 947 1577 dimiserat,
965 1505 1004 1563 et
1015 1488 1095 1562 radi
1108 1486 1245 1563 lecerat
1258 1486 1328 1562 sibi
1343 1487 1513 1579 barbam,

98 1642 183 1689 cum
200 1643 275 1718 quo
294 1612 416 1690 luerat
434 1615 676 1720 inquisitum,
696 1613 890 1692 absolutus
907 1632 945 1692 et
960 1614 1221 1693 reconciliatus
1234 1645 1301 1721 per
1318 1615 1516 1693 dominum

98 1743 417 1849 archiepiscopum
441 1747 667 1822 Remensem
687 1745 726 1821 in
750 1745 909 1821 concilio
927 1746 1120 1832 Remensi,
1148 1762 1186 1821 et
1205 1744 1276 1821 fuit
1295 1762 1517 1850 protestatus

99 1872 205 1978 quod
231 1899 308 1950 non
330 1873 497 1950 intendit
515 1872 707 1963 recedere,
738 1902 806 1978 per
827 1894 869 1949 ea
894 1903 967 1979 que
987 1874 1152 1950 intendit
1175 1873 1365 1980 deponere
1390 1903 1515 1953 coram

99 2002 207 2079 dictis
226 2001 408 2093 dominis,
430 2033 450 2078 a
469 2002 709 2107 deposicione
724 2030 791 2108 per
805 2031 891 2080 eum
912 2002 1005 2080 lacta
1019 2032 1144 2080 coram
1161 2004 1262 2080 dicto
1283 2005 1440 2081 domino
1461 2035 1517 2081 ar-

99 2132 346 2238 chiepiscopo.
370 2131 491 2208 Lectis
505 2150 630 2208 autem
647 2149 684 2207 et
699 2131 898 2240 diligenter
914 2134 1087 2239 expositis
1100 2132 1171 2210 sibi
1187 2134 1365 2210 omnibus
1385 2152 1422 2210 et
1440 2126 1516 2210 sin·

99 2262 197 2367 gulis
211 2262 391 2352 articulis,
414 2262 506 2338 dixit
525 2290 563 2338 se
587 2262 729 2339 nescire
745 2290 815 2338 nec
836 2262 989 2339 credere
1011 2292 1080 2339 uec
1098 2263 1281 2340 audivisse
1304 2264 1376 2340 dici
1398 2266 1445 2342 de
1464 2266 1517 2343 eis

101 2392 171 2469 nisi
201 2393 305 2498 quod
327 2393 506 2499 sequitur,
534 2421 620 2469 cum
649 2393 800 2470 modico
829 2409 999 2500 tempore
1030 2392 1160 2471 suisset
1188 2392 1228 2468 in
1259 2392 1414 2482 ordine,
1449 2425 1517 2473 nec

98 2523 241 2600 viderat
264 2523 429 2629 aliquem
455 2521 572 2600 alium
596 2523 711 2628 recipi
734 2523 773 2598 in
794 2523 928 2600 ordine
958 2524 1030 2601 nisi
1054 2553 1172 2600 unum
1195 2524 1330 2613 alium,
1357 2525 1421 2630 qui
1447 2525 1518 2602 luit

100 2683 184 2731 cum
206 2682 251 2730 eo
272 2671 310 2730 et
327 2683 396 2759 per
416 2654 595 2730 eumdem
621 2670 659 2730 et
679 2655 814 2732 eodem
839 2655 955 2732 modo
981 2673 1019 2732 et
1045 2655 1186 2731 eisdem
1215 2655 1276 2732 die
1307 2671 1345 2731 et
1369 2653 1451 2732 loco
1481 2674 1518 2732 et

53 2779 58 2790 ’
99 2784 242 2861 eisdem
268 2784 504 2890 presentibus
529 2801 716 2889 receptus,
745 2784 793 2861 de
818 2784 925 2892 cujus
952 2784 1105 2864 nomine
1133 2801 1170 2861 et
1194 2784 1415 2892 cognomine
1442 2813 1517 2861 non

99 2916 327 3004 recordatur,
359 2944 429 2992 nec
454 2915 674 2991 interfuerat
702 2913 872 3020 capitulis
898 2916 1133 2993 eorumdem.
1159 2916 1239 3020 lpse
1267 2932 1303 2992 et
1332 2914 1396 2991 ille
1425 2914 1518 2990 alius

99 3045 239 3151 recepti
260 3045 430 3135 suerunt,
452 3046 491 3120 in
506 3044 648 3150 vigillia
665 3045 869 3122 Natiuitatis
884 3043 1037 3123 Domini
1054 3046 1225 3151 proximo
1242 3045 1420 3150 preterita
1439 3044 1519 3119 sue-

99 3193 188 3251 runt
218 3177 386 3282 quinque
420 3176 507 3252 anni
541 3175 598 3252 vel
630 3175 743 3266 circa,
781 3175 821 3252 in
852 3175 994 3282 capella
1028 3175 1164 3253 domus
1195 3175 1344 3281 Templi
1380 3174 1518 3253 Montis

100 3306 395 3396 Suessionensis,
426 3335 494 3411 per
515 3305 668 3382 fratrem
691 3306 905 3385 Gerardum
928 3308 976 3383 de
999 3305 1202 3385 Villaribus
1230 3304 1408 3393 militem,
1430 3322 1519 3379 tunc

98 3454 356 3542 preceptorem
375 3435 526 3514 ballivie
545 3437 630 3513 Brie
647 3453 685 3513 et
706 3437 803 3515 dicte
823 3437 975 3524 domus,
993 3434 1230 3541 presentibus
1249 3432 1424 3510 fratribus
1444 3435 1519 3510 Ro-

98 3567 206 3644 berto
238 3567 479 3674 presbytero,
509 3570 616 3673 cujus
641 3594 852 3672 cognomen
876 3568 1041 3671 ignorat,
1071 3582 1109 3642 et
1135 3564 1342 3642 Guillelmo
1366 3563 1412 3639 de
1438 3562 1518 3638 Pla·

98 3714 177 3786 tea,
204 3725 315 3801 supra
344 3696 569 3786 examinato,
598 3714 636 3772 et
661 3696 799 3773 lacobo
827 3696 875 3772 de
892 3695 1121 3783 cormeliis,
1148 3711 1243 3772 teste
1269 3694 1384 3770 eciam
1410 3722 1520 3799 supra

101 3826 329 3916 exaniinato,
345 3842 391 3909 ¹et
409 3825 578 3902 lohanne
606 3825 653 3901 de
674 3825 884 3934 Margivalle
903 3826 1167 3916 servientibus,
1187 3826 1233 3902 de
1255 3826 1361 3932 cujus
1374 3824 1446 3901 vita
1461 3824 1519 3899 vel

100 3973 221 4034 morte
242 3984 318 4033 non
334 3956 448 4033 habet
463 3956 748 4047 certitudinem,
770 3956 808 4032 in
829 3958 931 4035 hunc
948 3958 1106 4034 modum
1122 3990 1131 4034 ι
1149 3984 1235 4031 nam
1254 3984 1339 4032 cum
1360 3952 1520 4059 singula·

100 4088 192 4163 riter
209 4086 409 4192 periissent
428 4115 564 4193 panem
585 4103 623 4164 et
648 4115 801 4194 aquam,
828 4089 1042 4166 societatem
1065 4105 1103 4164 et
1124 4112 1327 4193 pauperem
1345 4082 1520 4160 vestitum

100 4217 259 4310 ordinis,
287 4218 409 4296 dictus
431 4236 613 4324 receptor,
636 4219 792 4324 prestito
813 4248 881 4324 per
895 4219 1154 4325 juramentum
1171 4245 1303 4294 eorum
1323 4213 1425 4320 quod
1444 4241 1519 4289 non

100 4347 288 4426 habebant
309 4348 489 4426 latentem
515 4345 793 4440 infirmitatem,
824 4377 893 4427 nec
921 4365 1027 4425 erant
1054 4347 1295 4424 matrimonio
1322 4370 1392 4421 nec
1413 4342 1520 4420 alteri

100 4478 274 4585 religioni
292 4480 449 4570 astricti,
469 4479 557 4555 lecit
577 4508 642 4557 eos
653 4507 786 4556 vovere
806 4496 844 4555 et
853 4479 981 4586 jurare
998 4478 1224 4568 castitatem,
1242 4473 1517 4565 obedienciam,

101 4609 220 4685 vivere
240 4609 319 4686 sine
344 4609 515 4715 proprio,
536 4638 680 4686 servare
702 4609 824 4687 bonos
843 4638 933 4686 usus
959 4626 997 4686 et
1017 4609 1136 4686 bonas
1151 4604 1459 4690 consuetudines,
1483 4619 1521 4677 et

15 4797 19 4803 .
104 4739 290 4816 custodire
311 4739 476 4817 fideliter
499 4739 599 4816 bona
624 4740 768 4817 ordinis
790 4756 829 4818 et
853 4740 1094 4830 elemosinam
1122 4756 1159 4816 et
1178 4737 1421 4843 postmodum
1449 4734 1520 4809 im-

101 4866 226 4973 posuit
246 4870 299 4947 eis
319 4868 538 4958 mantellos,
562 4886 600 4946 et
618 4869 721 4946 idem
741 4886 912 4976 receptor
927 4887 963 4946 et
976 4886 1136 4948 astantes
1156 4867 1311 4946 luerunt
1329 4896 1393 4946 eos
1414 4891 1520 4942 oscu-
