4080 6052
693 524 888 618 esocis
914 542 1010 615 nss
1036 539 1336 618 TEMPLIERS.
1648 548 1721 623 sss

307 690 495 767 Johsnnes
514 685 561 762 de
580 701 704 762 sancta
725 683 867 763 Gensis
881 682 1115 770 Leodieusis,
1134 686 1174 760 P.
1200 685 1248 763 de
1277 685 1514 796 Grumeniiio
1530 684 1723 791 presbyter

305 815 550 907 Belvaoensis,
584 816 624 892 P.
660 815 709 892 de
742 814 862 893 Blesis
894 812 1089 921 presbyter
1119 815 1374 903 Camotensis,
1405 812 1640 894 Christianus
1674 816 1722 893 de

305 950 391 1026 Bice
410 946 675 1057 lingonensis,
692 947 731 1023 P.
748 946 783 1023 le
806 946 927 1022 Picart
949 946 997 1022 de
1016 944 1125 1022 Ruris
1143 946 1406 1055 lingonensis,
1422 944 1583 1022 Jacobus
1600 944 1723 1024 dictus

304 1068 450 1184 Vergus
460 1076 677 1165 Meldessis,
688 1074 880 1155 Gerardus
894 1076 940 1152 de
951 1073 1067 1152 Belua
1079 1075 1277 1169 Eduensis,
1290 1078 1479 1155 Johannes
1491 1076 1538 1151 de
1551 1074 1721 1152 Corvella

262 1217 265 1222 ’
305 1208 600 1300 suessionensis,
617 1206 779 1285 Abertm
799 1207 847 1283 de
866 1205 1034 1284 Comelia
1049 1205 1346 1308 Cathalonensis‚
1362 1205 1662 1284 Bartholomaeus
1673 1207 1720 1284 de

306 1344 451 1432 Trecis,
467 1338 761 1420 Guihelmus‘de
778 1337 825 1417 Gi
845 1338 1047 1424 bisuntin„
1073 1337 1319 1416 Theobaldus
1343 1339 1391 1415 de
1415 1340 1613 1415 basmonte
1633 1337 1722 1414 Car-

307 1472 487 1562 notensis,
502 1474 718 1548 Touzsanus
733 1469 781 1546 de
801 1468 1008 1547 Lenhivilla
1019 1469 1266 1555 saracensis,
1281 1471 1469 1545 Johannes
1489 1469 1537 1544 de
1556 1467 1722 1544 Ellemo-

305 1603 384 1678 sina
409 1601 638 1691 Parisiensis,
662 1600 884 1707 Radulphus
905 1601 953 1676 de
974 1598 1158 1677 Salicibus
1179 1600 1456 1686 Laudunensis,
1478 1592 1649 1674 Nicolsus
1674 1598 1720 1674 de

305 1732 340 1808 la
367 1731 473 1809 Gella
501 1731 777 1817 Laudamus,
808 1731 1012 1838 Raynerius
1043 1731 1091 1807 de
1124 1731 1330 1834 Larehamp
1358 1728 1602 1825 Senonensis,
1631 1729 1723 1833 Ray-

305 1862 453 1938 naudus
478 1859 525 1937 de
549 1861 775 1967 Tremplayo
798 1861 993 1968 presbyter
1015 1861 1246 1951 parisiensis,
1283 1861 1495 1965 Stephanus
1518 1858 1564 1933 de
1591 1859 1722 1933 Turno

306 1992 538 2081 Parisiensis,
564 1992 793 2093 Gmldelmus
815 1991 955 2070 Bocelli
979 1992 1229 2080 Ebroicensis,
1248 1992 1456 2069 Richardus
1480 1989 1527 2065 de
1544 1988 1723 2092 Caprasia

307 2121 539 2214 Parisiensis,
558 2123 746 2198 lohannes
768 2122 818 2198 de
842 2139 966 2198 sancto
987 2123 1094 2227 Lupo
1125 2139 1162 2198 et
1186 2123 1224 2198 P.
1252 2123 1300 2200 de
1324 2121 1483 2228 Arbdeya
1509 2119 1723 2195 Parisiensis

309 2249 527 2326 diocesium.

364 2380 454 2455 Acta
472 2378 628 2456 fuerunt
644 2381 715 2457 hcc
735 2379 911 2484 predictis
935 2378 997 2453 die
1023 2396 1061 2455 et
1084 2380 1183 2465 loco,
1204 2406 1272 2483 per
1293 2381 1410 2478 dictos
1430 2380 1604 2454 dominos
1624 2404 1725 2453 com-

308 2508 511 2599 missarios,
532 2507 771 2613 presentibus
789 2535 851 2583 me
871 2508 1121 2585 Floriamonte
1141 2506 1357 2598 Dondedei,
1384 2509 1542 2613 Hugone
1565 2506 1721 2595 Nicolai,

307 2639 513 2716 Guillehno
534 2634 732 2743 Raduipho
752 2654 792 2713 et
808 2637 891 2714 aliis
910 2637 1064 2713 notariis
1083 2629 1311 2713 memoratis.

362 2902 555 2990 Posthac,
577 2897 638 2974 die
664 2896 790 2975 Sabaei
816 2913 901 3001 post
920 2895 1185 2973 Ascensionem
1205 2898 1376 2988 Domini,
1397 2898 1570 2974 videlicet
1589 2862 1723 3002 penui·

308 3028 399 3104 tima
423 3028 504 3104 dies
529 3026 669 3104 mensis
693 3027 797 3116 Maii,
830 3044 1085 3107 convenerunt
1108 3026 1147 3102 in
1172 3028 1270 3104 dicta
1294 3027 1434 3133 capella
1460 3029 1575 3105 sancti
1599 3027 1722 3134 Essigii

312 3158 399 3232 dicti
425 3156 570 3232 domini
594 3157 818 3261 stocensis‚
840 3157 1071 3235 Mimatensis
1090 3174 1128 3232 et
1149 3157 1422 3234 Lemovicensis
1441 3157 1619 3263 episcopi,
1646 3160 1725 3236 Ma-

309 3287 422 3362 theus
441 3288 488 3363 de
511 3285 665 3391 Neapoli
690 3303 728 3363 et
747 3286 1028 3364 archidiaconus
1051 3287 1336 3394 Magaionensis,
1364 3289 1519 3365 domino
1544 3289 1725 3394 archiepi-

310 3445 422 3522 scopo
439 3415 669 3496 Narbonensi
687 3416 839 3494 absente
853 3446 873 3493 a
885 3417 1028 3495 civitate
1046 3418 1260 3510 Parisiensi,
1273 3419 1340 3524 qui
1357 3446 1467 3524 supra
1487 3419 1671 3495 excusavit
1686 3420 1725 3494 in

309 3574 486 3650 processu
504 3548 684 3653 quociens
702 3534 926 3655 confingerit
941 3575 1030 3625 eum
1043 3548 1172 3626 'abesse
1192 3567 1231 3626 et
1247 3547 1368 3658 voluit
1381 3548 1484 3654 quod
1504 3549 1724 3654 procedere-

309 3695 372 3752 tur
392 3679 431 3754 in
450 3679 605 3785 negocio
624 3679 708 3785 ejus
727 3679 898 3756 absencia
916 3707 994 3756 non
1013 3678 1202 3767 obstante,
1224 3696 1263 3756 et
1286 3680 1545 3757 archidiacono
1565 3680 1725 3755 Triden-

311 3807 390 3880 tino
404 3804 568 3894 absente
581 3824 736 3912 propter
749 3808 1005 3886 infirmitatem
1017 3838 1132 3915 vam
1144 3810 1377 3887 asserebatur
1391 3808 1529 3887 habere
1546 3825 1584 3886 et
1598 3837 1643 3886 ex
1655 3810 1726 3885 hoc

312 3935 509 4011 convenire
530 3936 724 4057 cumoaliis
746 3965 824 4014 non
847 3966 972 4043 posse,
998 3957 1112 4045 prout
1136 3941 1324 4017 Johannes
1347 3940 1505 4018 clericus
1530 3938 1726 4017 Calitensis
1800 3978 1802 3982 ·

311 4064 620 4170 Rothomagensis
633 4064 807 4153 diocesis,
823 4066 1015 4177 familiaris
1031 4069 1204 4175 ejusdem
1220 4070 1364 4146 domini
1381 4069 1628 4146 archidiaconi
1642 4070 1726 4145 Tri-

312 4195 457 4273 dentini
480 4197 616 4274 missus
636 4196 774 4275 adhoc
791 4196 938 4303 abipso
952 4199 1228 4290 archidiacono,
1251 4217 1294 4276 ut
1313 4200 1475 4286 dicebat,
1496 4200 1667 4291 asseruit,
1690 4218 1728 4277 et

313 4325 522 4404 excusando
544 4327 721 4404 eundem.
742 4327 840 4406 Cum
860 4345 987 4406 autem
1007 4331 1046 4406 in
1060 4330 1122 4407 dic
1139 4331 1314 4408 Mercurii
1331 4347 1455 4408 sancta
1472 4330 1725 4436 superlapsa,

247 4492 249 4496 ·
312 4455 443 4532 fuisset
462 4457 728 4534 concordatum
752 4457 980 4537 unanimiter
998 4441 1096 4537 inter
1114 4461 1302 4566 predictos
1327 4461 1501 4538 dominos
1520 4459 1731 4537 Narbonen-

313 4613 392 4661 sem
424 4587 759 4693 archiepiscopum‚
787 4590 1044 4696 Bajocensem,
1069 4592 1330 4671 Mimatensem
1360 4610 1398 4669 et
1427 4593 1729 4669 Lemoviccnsem

312 4716 511 4820 episcopos
526 4746 567 4793 ac
587 4718 778 4796 Matheum
796 4720 847 4798 de
866 4722 1039 4836 Neapoli,
1054 4739 1092 4799 et
1110 4722 1390 4803 archidiaconos
1406 4722 1672 4801 Tridentinum
1692 4738 1731 4798 et

312 4846 639 4950 Magalonensem,
658 4867 814 4956 propter
842 4853 981 4930 multas
1009 4880 1139 4932 causas
1167 4855 1265 4932 inter
1294 4857 1394 4962 ipsos
1422 4870 1534 4945 actas,
1564 4853 1670 4959 quod
1699 4854 1729 4927 si

1572 4988 1620 5049 36.
