4080 6052
386 580 458 651 sis
775 554 967 647 procus
992 571 1087 643 nus
1111 570 1409 644 rnurmms.

312 775 315 781 .
382 718 559 794 vestitum
576 713 749 805 ·ordinis;
767 731 805 790 et
824 713 946 790 dictus
961 711 1075 789 irater
1096 711 1206 817 Hugo
1224 711 1422 817 respondit
1445 711 1488 787 ei·
1500 707 1616 815 qnod
1634 707 1742 787 bene
1760 706 1819 784 de

384 848 575 938 liberaret,
594 844 682 950 quia
694 843 845 950 juvenis
865 855 961 933 erat,
982 857 1022 917 et
1040 838 1234 946 oporteret
1249 865 1338 917 eum
1351 839 1514 948 abjicere
1525 862 1604 917 ase
1619 837 1814 943 propriam

383 976 634 1062 voluntatem,
662 991 701 1050 et
724 972 859 1081 subjici
875 971 1014 1065 aliene,
1032 998 1111 1048 esse
1131 970 1172 1047 in
1192 997 1271 1056 uno
1286 971 1391 1059 loco,
1413 966 1569 1077 qnando
1590 967 1708 1045 vellet
1728 995 1810 1045 esse

386 1107 424 1181 in
447 1105 537 1194 alio,
557 1119 596 1179 et
615 1100 736 1179 multa
755 1100 826 1177 alia
846 1101 938 1178 dura
961 1117 1000 1177 et
1020 1127 1150 1206 aspera
1163 1101 1362 1178 sustinere.
1378 1101 1531 1176 Etcum
1551 1097 1810 1204 respondisset

386 1235 489 1340 quod
509 1231 638 1310 omnia
659 1230 875 1322 sustineret,
892 1229 1060 1337 precepit
1079 1229 1115 1306 ei
1133 1229 1239 1336 quod
1259 1230 1377 1307 exiret
1391 1245 1429 1306 et
1448 1225 1702 1317 deliberarem
1725 1255 1809 1305 curn

382 1381 512 1441 autem
542 1361 691 1439 exiisset
720 1360 900 1466 capellam
928 1377 968 1437 et
991 1359 1259 1451 deliberasset,
1288 1356 1553 1437 veneruntad
1592 1383 1686 1434 enm
1720 1355 1810 1434 dieti

384 1491 637 1571 thesaurarius
655 1506 694 1566 et
705 1489 911 1568 avunculus
926 1518 1036 1578 suus,
1049 1505 1088 1568 et
1103 1489 1301 1596 pecierunt
1316 1489 1362 1566 ab
1377 1515 1422 1566 eo
1438 1487 1474 1565 si
1493 1503 1577 1564 erat
1593 1513 1811 1564 exeommu-

385 1623 546 1707 nicatus,
563 1618 705 1699 servilis
719 1620 972 1711 condicionis,
989 1619 1231 1697 matrimonio
1250 1620 1310 1697 vel
1325 1617 1433 1695 alteri
1452 1615 1647 1724 religioni,
1663 1616 1722 1693 vel
1737 1617 1805 1694 de·

370 1753 474 1829 ¹bitis
487 1779 561 1858 que
577 1777 656 1829 non
673 1766 800 1857 posset
824 1750 985 1840 solvere,
1010 1747 1213 1858 obligatus,
1238 1748 1269 1826 si
1293 1745 1727 1829 habebatinfinnitatem
1746 1746 1803 1823 la-

371 1882 548 1972 tentem,
577 1897 615 1957 et
641 1881 672 1958 si
699 1879 842 1986 aliquid
858 1879 1020 1956 dederat
1039 1878 1098 1956 vel
1128 1879 1351 1984 promiserat
1375 1877 1738 1985 qnod-«reciperetur
1763 1878 1804 1953 in

389 2015 489 2090 dicto
517 2012 670 2098 ordine;
694 2038 771 2116 quo
797 2010 1050 2115 respondente
1077 2010 1181 2116 qnod
1202 2036 1298 2100 non,
1326 2009 1502 2086 dixerunt
1528 2006 1639 2113 quod
1660 2035 1729 2113 per
1752 2036 1808 2084 sa-

386 2158 621 2219 cramentum
645 2141 838 2245 oporteret
855 2165 945 2215 eum
959 2139 1186 2245 respondere
1203 2139 1250 2216 de
1269 2138 1465 2246 predictis,
1486 2165 1618 2215 coram
1638 2137 1806 2242 predicto

386 2273 498 2348 fratre
516 2273 691 2379 Hugone,
711 2296 824 2377 aquo
838 2270 1023 2347 reintrans
1037 2268 1235 2377 capellam,
1252 2270 1390 2347 iterum
1406 2282 1554 2374 peteret
1568 2267 1612 2344 id
1625 2267 1735 2372 quod
1748 2296 1807 2345 su·

386 2431 468 2508 pra,
495 2418 537 2478 ⁴et
552 2429 642 2477 cum
669 2400 743 2478 hoc
768 2398 956 2505 periisset,
974 2415 1013 2477 et
1036 2399 1159 2477 dictus
1178 2398 1293 2476 frater
1312 2401 1421 2507 Hugn
1441 2427 1511 2504 per
1529 2414 1805 2475 sacramentum

387 2532 550 2610 scivisset
580 2530 685 2638 quod
716 2529 866 2606 nullum
894 2529 1060 2608 habebat
1089 2530 1138 2608 de
1170 2528 1453 2634 impedimentis
1483 2529 1689 2634 predictis,
1722 2527 1806 2605 lecit

384 2691 475 2739 eum
488 2687 620 2739 vovere
637 2675 675 2736 et
688 2659 818 2766 jurare
840 2658 1068 2750 castitatem,
1088 2658 1367 2749 obedienciam,
1386 2657 1507 2735 vivere
1529 2658 1614 2735 sine
1632 2659 1803 2764 proprio,

383 2810 425 2867 et
444 2793 564 2898 quod,
584 2820 654 2899 pro
673 2818 784 2896 posse
807 2817 893 2881 suo,
910 2789 1060 2898 juvaret
1078 2790 1126 2867 ad
1149 2791 1430 2898 acquirendum‘
1446 2790 1609 2865 Terram
1627 2804 1799 2865 sanctam.

387 2922 632 2998 Postmodum
665 2921 848 3027 imposuit
874 2918 947 2997 sibi
974 2919 1214 3009 mantellum,
1243 2937 1282 2996 et
1307 2920 1387 3026 ipse
1416 2935 1456 2995 et
1482 2917 1616 2996 fratres
1644 2933 1802 2993 astantes

386 3048 541 3125 fuerunt
570 3077 659 3126 eum
692 3050 846 3127 osculati
876 3051 917 3127 in
952 3078 1029 3129 ore.
1067 3050 1214 3131 Deinde
1250 3050 1425 3127 instruxit
1455 3076 1546 3126 enm
1578 3064 1674 3156 quot
1696 3047 1806 3126 Pater

388 3195 502 3256 noster
519 3168 662 3254 diceret
682 3206 749 3281 pro
769 3178 873 3257 horis
892 3179 985 3272 suis,
1005 3181 1111 3288 qnod
1125 3183 1268 3289 jaceret
1289 3209 1374 3257 cum
1398 3178 1542 3286 caligis,
1561 3177 1805 3255 femoralibus

388 3325 426 3384 et
448 3308 596 3384 camisia
626 3307 752 3398 lineis,
777 3336 853 3384 una
874 3310 1029 3387 cordula
1047 3312 1208 3403 cinctus,
1227 3329 1265 3388 et
1279 3310 1442 3417 qualiter
1456 3325 1604 3416 regeret
1625 3323 1665 3403 se
1686 3309 1726 3384 in
1747 3338 1807 3387 or·

388 3439 491 3546 dine,
505 3467 694 3544 exponens
705 3438 739 3514 ei
750 3439 891 3517 multos
904 3469 1009 3518 casus
1021 3459 1174 3547 propter
1192 3470 1287 3547 quos
1300 3458 1449 3547 poterat
1458 3440 1612 3547 perdere
1626 3438 1804 3514 habitum

387 3587 424 3644 et
445 3570 648 3644 incurrere·
663 3569 824 3646 diversas
844 3568 934 3646 alias
951 3598 1076 3676 penas.
1098 3572 1344 3648 Postmodum
1373 3571 1462 3647 dieti
1488 3570 1560 3645 duo
1581 3568 1713 3643 fratres
1732 3570 1801 3672 qui

385 3698 539 3775 aderant
564 3698 794 3802 recepcioni,
819 3728 981 3805 quorum
1005 3702 1159 3778 nomina
1185 3719 1223 3778 et
1249 3702 1473 3808 cognomina
1498 3699 1662 3807 ignorat,
1684 3697 1803 3774 duxe-

386 3848 474 3906 runt
495 3831 618 3935 ipsum
636 3845 770 3904 testem
787 3830 835 3906 ad
850 3831 1053 3936 quamdam
1073 3859 1275 3917 cameram,
1296 3848 1339 3908 ut
1355 3845 1566 3910 assumeret
1581 3844 1704 3904 vestes
1721 3829 1806 3905 reli·

385 3960 522 4066 gionis,
550 3977 588 4036 et
614 3960 739 4036 clauso
767 3960 880 4047 ostio,
916 3989 1014 4039 unus
1043 3988 1175 4039 eornm
1206 3961 1374 4067 precepit
1399 3961 1434 4037 ei
1467 3961 1589 4066 qnod·
1606 3958 1805 4066 abnegaret

385 4090 530 4173 Deum;
560 4108 597 4166 et
621 4119 709 4167 cum
732 4089 811 4195 ipse
829 4090 933 4168 testis
952 4108 1099 4196 peteret
1116 4092 1163 4169 ab
1181 4120 1226 4168 eo
1242 4093 1273 4168 si
1293 4093 1371 4198 ipse
1391 4091 1618 4168 truffabatur
1640 4091 1689 4166 de
1710 4091 1801 4195 ipso.

384 4222 583 4324 respondit
613 4222 716 4341 qugd
747 4245 844 4307 non,
872 4220 949 4296 imo
986 4222 1185 4326 oportebat
1217 4222 1320 4326 quod
1355 4221 1558 4328 abnegaret
1591 4222 1741 4310 Deum;
1772 4237 1803 4294 et

385 4365 476 4424 tunc
502 4352 581 4456 ipse
606 4350 711 4427 testis
733 4349 868 4425 timore
893 4351 1043 4439 ductus,
1069 4351 1156 4457 quia
1182 4367 1259 4426 erat
1278 4351 1426 4457 juvenis
1455 4368 1495 4427 et
1514 4350 1588 4456 ipsi
1612 4367 1724 4427 erant
1751 4377 1803 4426 ro

386 4479 572 4558 bustiores
593 4499 632 4557 et
647 4480 825 4559 forciores
847 4479 946 4585 ipso,
973 4497 1011 4556 et
1035 4509 1181 4558 camera
1195 4498 1275 4557 erat
1285 4481 1447 4571 firmata,
1469 4465 1673 4589 abnegavit
1686 4484 1800 4560 Deum

388 4634 451 4683 ore
483 4637 557 4687 non
593 4611 722 4700 corde,
755 4627 798 4685 ut
830 4608 934 4685 dixit.
966 4610 1098 4687 Postea
1124 4610 1278 4686 extraxit
1307 4611 1429 4688 dictus
1457 4612 1572 4689 frater
1602 4611 1800 4717 quamdam

388 4763 535 4812 crucem
552 4740 730 4843 ligneam,
759 4740 797 4815 in
817 4769 892 4846 qua
911 4741 1016 4818 nulla
1033 4757 1111 4817 erat
1125 4769 1258 4849 ymago
1274 4741 1466 4832 Crucifixi,
1491 4741 1680 4820 desubtus
1704 4769 1799 4818 man·

387 4865 598 4956 tellum,et
619 4870 784 4972 precepit
807 4869 841 4945 ei
865 4872 969 4974 quod
994 4890 1147 4978 spueret
1168 4900 1281 4977 super
1306 4900 1402 4961 eam,
1425 4891 1567 4951 etcum
1595 4873 1678 4979 ipse
1704 4872 1797 4950 testis
