<?xml version="1.0" encoding="UTF-8"?>
<!DOCTYPE html PUBLIC "-//W3C//DTD XHTML 1.0 Transitional//EN"
    "http://www.w3.org/TR/xhtml1/DTD/xhtml1-transitional.dtd">
<html xmlns="http://www.w3.org/1999/xhtml" xml:lang="en" lang="en">
 <head>
  <title>
</title>
<meta http-equiv="Content-Type" content="text/html;charset=utf-8" />
  <meta name='ocr-system' content='tesseract 3.04.00' />
  <meta name='ocr-capabilities' content='ocr_page ocr_carea ocr_par ocr_line ocrx_word'/>
</head>
<body>
  <div class='ocr_page' id='page_1' title='image "./procsdestemplie02defegoog/procsdestemplie02defegoog_0553.png"; bbox 0 0 4080 6052; ppageno 0'>
   <div class='ocr_carea' id='block_1_1' title="bbox 485 520 1512 612">
    <p class='ocr_par' dir='ltr' id='par_1_1' title="bbox 485 520 1512 612">
     <span class='ocr_line' id='line_1_1' title="bbox 485 520 1512 612; baseline -0.004 -2"><span class='ocrx_word' id='word_1_1' title='bbox 485 520 680 612; x_wconf 79' lang='lat' dir='ltr'><strong>rnoots</strong></span> <span class='ocrx_word' id='word_1_2' title='bbox 706 535 798 609; x_wconf 80' lang='lat' dir='ltr'><strong>ons</strong></span> <span class='ocrx_word' id='word_1_3' title='bbox 823 533 1125 607; x_wconf 74' lang='lat' dir='ltr'><strong>Taurumue.</strong></span> <span class='ocrx_word' id='word_1_4' title='bbox 1439 536 1512 607; x_wconf 77' lang='lat' dir='ltr'><strong>sss</strong></span> 
     </span>
    </p>
   </div>
   <div class='ocr_carea' id='block_1_2' title="bbox 17 674 1623 4044">
    <p class='ocr_par' dir='ltr' id='par_1_2' title="bbox 17 674 1623 4044">
     <span class='ocr_line' id='line_1_2' title="bbox 151 674 1509 788; baseline -0.005 -29"><span class='ocrx_word' id='word_1_5' title='bbox 151 686 239 759; x_wconf 90' lang='lat' dir='ltr'><strong>Post</strong></span> <span class='ocrx_word' id='word_1_6' title='bbox 252 684 342 769; x_wconf 90' lang='lat' dir='ltr'><strong>hec,</strong></span> <span class='ocrx_word' id='word_1_7' title='bbox 358 679 419 756; x_wconf 91' lang='lat' dir='ltr'><strong>die</strong></span> <span class='ocrx_word' id='word_1_8' title='bbox 435 679 594 758; x_wconf 89' lang='lat' dir='ltr'><strong>Veneris</strong></span> <span class='ocrx_word' id='word_1_9' title='bbox 616 679 806 785; x_wconf 80' lang='lat' dir='ltr'><strong>sequenti,</strong></span> <span class='ocrx_word' id='word_1_10' title='bbox 828 703 902 785; x_wconf 90' lang='lat' dir='ltr'><strong>que</strong></span> <span class='ocrx_word' id='word_1_11' title='bbox 922 676 996 788; x_wconf 84' lang='lat' dir='ltr'><strong>suit</strong></span> <span class='ocrx_word' id='word_1_12' title='bbox 1018 702 1070 778; x_wconf 85' lang='lat' dir='ltr'><strong>xu</strong></span> <span class='ocrx_word' id='word_1_13' title='bbox 1087 674 1168 752; x_wconf 90' lang='lat' dir='ltr'><strong>dies</strong></span> <span class='ocrx_word' id='word_1_14' title='bbox 1183 675 1272 751; x_wconf 88' lang='lat' dir='ltr'><strong>dicti</strong></span> <span class='ocrx_word' id='word_1_15' title='bbox 1287 676 1427 750; x_wconf 86' lang='lat' dir='ltr'><strong>mensis</strong></span> <span class='ocrx_word' id='word_1_16' title='bbox 1441 679 1469 750; x_wconf 93' lang='lat' dir='ltr'>F</span> <span class='ocrx_word' id='word_1_17' title='bbox 1473 705 1509 753; x_wconf 92' lang='lat' dir='ltr'><strong>e·</strong></span> 
     </span>
     <span class='ocr_line' id='line_1_3' title="bbox 94 804 1514 914; baseline -0.008 -23"><span class='ocrx_word' id='word_1_18' title='bbox 94 813 252 899; x_wconf 86' lang='lat' dir='ltr'><strong>bruarii,</strong></span> <span class='ocrx_word' id='word_1_19' title='bbox 278 811 352 888; x_wconf 84' lang='lat' dir='ltr'><strong>luit</strong></span> <span class='ocrx_word' id='word_1_20' title='bbox 371 811 557 891; x_wconf 86' lang='lat' dir='ltr'><strong>adductus</strong></span> <span class='ocrx_word' id='word_1_21' title='bbox 577 810 624 886; x_wconf 92' lang='lat' dir='ltr'><strong>ad</strong></span> <span class='ocrx_word' id='word_1_22' title='bbox 646 807 876 914; x_wconf 85' lang='lat' dir='ltr'><strong>presenciam</strong></span> <span class='ocrx_word' id='word_1_23' title='bbox 899 806 1123 884; x_wconf 89' lang='lat' dir='ltr'><strong>eorumdem</strong></span> <span class='ocrx_word' id='word_1_24' title='bbox 1147 804 1391 882; x_wconf 89' lang='lat' dir='ltr'><strong>dominorum</strong></span> <span class='ocrx_word' id='word_1_25' title='bbox 1418 833 1514 881; x_wconf 92' lang='lat' dir='ltr'><strong>com-</strong></span> 
     </span>
     <span class='ocr_line' id='line_1_4' title="bbox 95 935 1513 1046; baseline -0.006 -28"><span class='ocrx_word' id='word_1_26' title='bbox 95 944 370 1033; x_wconf 87' lang='lat' dir='ltr'><strong>missariorum,</strong></span> <span class='ocrx_word' id='word_1_27' title='bbox 398 943 437 1017; x_wconf 95' lang='lat' dir='ltr'><strong>in</strong></span> <span class='ocrx_word' id='word_1_28' title='bbox 465 941 769 1046; x_wconf 88' lang='lat' dir='ltr'><strong>domopredicta</strong></span> <span class='ocrx_word' id='word_1_29' title='bbox 796 937 952 1016; x_wconf 80' lang='lat' dir='ltr'><strong>fratmm</strong></span> <span class='ocrx_word' id='word_1_30' title='bbox 972 939 1179 1026; x_wconf 81' lang='lat' dir='ltr'><strong>Minorem,</strong></span> <span class='ocrx_word' id='word_1_31' title='bbox 1203 935 1316 1012; x_wconf 82' lang='lat' dir='ltr'><strong>frater</strong></span> <span class='ocrx_word' id='word_1_32' title='bbox 1340 937 1513 1012; x_wconf 89' lang='lat' dir='ltr'><strong>Matheus</strong></span> 
     </span>
     <span class='ocr_line' id='line_1_5' title="bbox 17 1067 1514 1172; baseline -0.005 -23"><span class='ocrx_word' id='word_1_33' title='bbox 17 1074 20 1078; x_wconf 57' lang='lat'><em>&#39;</em></span> <span class='ocrx_word' id='word_1_34' title='bbox 94 1073 141 1150; x_wconf 91' lang='lat' dir='ltr'><strong>de</strong></span> <span class='ocrx_word' id='word_1_35' title='bbox 159 1075 320 1151; x_wconf 87' lang='lat' dir='ltr'><strong>Cresson</strong></span> <span class='ocrx_word' id='word_1_36' title='bbox 345 1075 469 1150; x_wconf 88' lang='lat' dir='ltr'><strong>Essart</strong></span> <span class='ocrx_word' id='word_1_37' title='bbox 491 1071 670 1158; x_wconf 83' lang='lat' dir='ltr'><strong>serviens,</strong></span> <span class='ocrx_word' id='word_1_38' title='bbox 689 1070 923 1148; x_wconf 86' lang='lat' dir='ltr'><strong>Belvacensis</strong></span> <span class='ocrx_word' id='word_1_39' title='bbox 950 1068 1125 1154; x_wconf 90' lang='lat' dir='ltr'><strong>diocesis,</strong></span> <span class='ocrx_word' id='word_1_40' title='bbox 1152 1084 1349 1172; x_wconf 80' lang='lat' dir='ltr'>preceptor</span> <span class='ocrx_word' id='word_1_41' title='bbox 1377 1067 1514 1142; x_wconf 91' lang='lat' dir='ltr'><strong>domus</strong></span> 
     </span>
     <span class='ocr_line' id='line_1_6' title="bbox 94 1199 1514 1309; baseline -0.006 -29"><span class='ocrx_word' id='word_1_42' title='bbox 94 1205 141 1280; x_wconf 91' lang='lat' dir='ltr'><strong>de</strong></span> <span class='ocrx_word' id='word_1_43' title='bbox 170 1204 371 1309; x_wconf 80' lang='lat' dir='ltr'><strong>Belleyvial</strong></span> <span class='ocrx_word' id='word_1_44' title='bbox 391 1202 654 1290; x_wconf 80' lang='lat' dir='ltr'><strong>Ambianensi&#39;s</strong></span> <span class='ocrx_word' id='word_1_45' title='bbox 675 1201 851 1293; x_wconf 85' lang='lat' dir='ltr'><strong>diocesis,</strong></span> <span class='ocrx_word' id='word_1_46' title='bbox 879 1201 984 1279; x_wconf 88' lang='lat' dir='ltr'><strong>testis</strong></span> <span class='ocrx_word' id='word_1_47' title='bbox 1004 1226 1114 1306; x_wconf 88' lang='lat' dir='ltr'><strong>supra</strong></span> <span class='ocrx_word' id='word_1_48' title='bbox 1136 1199 1303 1307; x_wconf 89' lang='lat' dir='ltr'><strong>juratus,</strong></span> <span class='ocrx_word' id='word_1_49' title='bbox 1330 1216 1372 1274; x_wconf 87' lang='lat' dir='ltr'><strong>ut</strong></span> <span class='ocrx_word' id='word_1_50' title='bbox 1404 1200 1514 1302; x_wconf 90' lang='lat' dir='ltr'><strong>depo-</strong></span> 
     </span>
     <span class='ocr_line' id='line_1_7' title="bbox 94 1329 1514 1442; baseline -0.004 -33"><span class='ocrx_word' id='word_1_51' title='bbox 94 1349 201 1411; x_wconf 85' lang='lat' dir='ltr'><strong>neret</strong></span> <span class='ocrx_word' id='word_1_52' title='bbox 226 1336 368 1413; x_wconf 90' lang='lat' dir='ltr'><strong>dietum</strong></span> <span class='ocrx_word' id='word_1_53' title='bbox 394 1362 525 1425; x_wconf 89' lang='lat' dir='ltr'><strong>suum,</strong></span> <span class='ocrx_word' id='word_1_54' title='bbox 547 1333 699 1442; x_wconf 89' lang='lat' dir='ltr'><strong>triginta</strong></span> <span class='ocrx_word' id='word_1_55' title='bbox 722 1357 994 1410; x_wconf 75' lang='lat' dir='ltr'><strong>serranorum</strong></span> <span class='ocrx_word' id='word_1_56' title='bbox 1020 1331 1078 1409; x_wconf 86' lang='lat' dir='ltr'><strong>vel</strong></span> <span class='ocrx_word' id='word_1_57' title='bbox 1105 1331 1218 1419; x_wconf 89' lang='lat' dir='ltr'><strong>circa,</strong></span> <span class='ocrx_word' id='word_1_58' title='bbox 1243 1358 1320 1439; x_wconf 80' lang='lat' dir='ltr'><strong>non</strong></span> <span class='ocrx_word' id='word_1_59' title='bbox 1342 1329 1514 1406; x_wconf 82' lang='lat' dir='ltr'><strong>deferens</strong></span> 
     </span>
     <span class='ocr_line' id='line_1_8' title="bbox 94 1461 1515 1569; baseline -0.003 -31"><span class='ocrx_word' id='word_1_60' title='bbox 94 1463 318 1542; x_wconf 90' lang='lat' dir='ltr'><strong>mantellum</strong></span> <span class='ocrx_word' id='word_1_61' title='bbox 343 1463 506 1552; x_wconf 83' lang='lat' dir='ltr'>ordinis,</span> <span class='ocrx_word' id='word_1_62' title='bbox 527 1464 615 1569; x_wconf 90' lang='lat' dir='ltr'><strong>quie</strong></span> <span class='ocrx_word' id='word_1_63' title='bbox 639 1465 761 1567; x_wconf 88' lang='lat' dir='ltr'><strong>ipsum</strong></span> <span class='ocrx_word' id='word_1_64' title='bbox 788 1462 982 1539; x_wconf 72' lang='lat' dir='ltr'><strong>dimiserat</strong></span> <span class='ocrx_word' id='word_1_65' title='bbox 1001 1461 1210 1537; x_wconf 76' lang='lat' dir='ltr'><strong>voluntarie</strong></span> <span class='ocrx_word' id='word_1_66' title='bbox 1229 1475 1410 1536; x_wconf 82' lang='lat' dir='ltr'><strong>vetustate</strong></span> <span class='ocrx_word' id='word_1_67' title='bbox 1431 1477 1515 1537; x_wconf 88' lang='lat' dir='ltr'><strong>con-</strong></span> 
     </span>
     <span class='ocr_line' id='line_1_9' title="bbox 93 1590 1514 1700; baseline -0.001 -32"><span class='ocrx_word' id='word_1_68' title='bbox 93 1613 304 1700; x_wconf 89' lang='lat' dir='ltr'><strong>sumptum,</strong></span> <span class='ocrx_word' id='word_1_69' title='bbox 327 1623 397 1675; x_wconf 88' lang='lat' dir='ltr'><strong>nec</strong></span> <span class='ocrx_word' id='word_1_70' title='bbox 417 1592 571 1669; x_wconf 89' lang='lat' dir='ltr'><strong>curabat</strong></span> <span class='ocrx_word' id='word_1_71' title='bbox 591 1591 752 1669; x_wconf 88' lang='lat' dir='ltr'><strong>ulterius</strong></span> <span class='ocrx_word' id='word_1_72' title='bbox 771 1593 893 1697; x_wconf 85' lang='lat' dir='ltr'><strong>ipsum</strong></span> <span class='ocrx_word' id='word_1_73' title='bbox 913 1607 1075 1697; x_wconf 88' lang='lat' dir='ltr'><strong>portare.</strong></span> <span class='ocrx_word' id='word_1_74' title='bbox 1093 1590 1340 1674; x_wconf 83' lang='lat' dir='ltr'>Postmodum</span> <span class='ocrx_word' id='word_1_75' title='bbox 1361 1592 1440 1667; x_wconf 90' lang='lat' dir='ltr'><strong>radi</strong></span> <span class='ocrx_word' id='word_1_76' title='bbox 1462 1593 1514 1666; x_wconf 82' lang='lat' dir='ltr'><strong>le-</strong></span> 
     </span>
     <span class='ocr_line' id='line_1_10' title="bbox 92 1718 1554 1831; baseline -0.001 -33"><span class='ocrx_word' id='word_1_77' title='bbox 92 1742 192 1801; x_wconf 85' lang='lat' dir='ltr'><strong>cerat</strong></span> <span class='ocrx_word' id='word_1_78' title='bbox 209 1724 282 1802; x_wconf 89' lang='lat' dir='ltr'><strong>sibi</strong></span> <span class='ocrx_word' id='word_1_79' title='bbox 299 1724 471 1815; x_wconf 88' lang='lat' dir='ltr'><strong>barbam,</strong></span> <span class='ocrx_word' id='word_1_80' title='bbox 491 1751 578 1802; x_wconf 89' lang='lat' dir='ltr'><strong>cum</strong></span> <span class='ocrx_word' id='word_1_81' title='bbox 596 1750 672 1831; x_wconf 92' lang='lat' dir='ltr'><strong>quo</strong></span> <span class='ocrx_word' id='word_1_82' title='bbox 692 1723 815 1800; x_wconf 86' lang='lat' dir='ltr'><strong>fuerat</strong></span> <span class='ocrx_word' id='word_1_83' title='bbox 831 1720 1072 1828; x_wconf 87' lang='lat' dir='ltr'><strong>inquisitum,</strong></span> <span class='ocrx_word' id='word_1_84' title='bbox 1099 1718 1294 1797; x_wconf 89' lang='lat' dir='ltr'><strong>absolutus</strong></span> <span class='ocrx_word' id='word_1_85' title='bbox 1321 1736 1359 1794; x_wconf 91' lang='lat' dir='ltr'><strong>et</strong></span> <span class='ocrx_word' id='word_1_86' title='bbox 1385 1749 1515 1796; x_wconf 87' lang='lat' dir='ltr'><strong>recon-</strong></span> <span class='ocrx_word' id='word_1_87' title='bbox 1553 1782 1554 1785; x_wconf 63' lang='lat'><strong>,</strong></span> 
     </span>
     <span class='ocr_line' id='line_1_11' title="bbox 91 1852 1515 1958; baseline -0.001 -31"><span class='ocrx_word' id='word_1_88' title='bbox 91 1853 239 1932; x_wconf 85' lang='lat' dir='ltr'><strong>ciliatus</strong></span> <span class='ocrx_word' id='word_1_89' title='bbox 256 1856 294 1930; x_wconf 89' lang='lat' dir='ltr'><strong>in</strong></span> <span class='ocrx_word' id='word_1_90' title='bbox 314 1855 472 1932; x_wconf 87' lang='lat' dir='ltr'><strong>concilio</strong></span> <span class='ocrx_word' id='word_1_91' title='bbox 497 1855 693 1946; x_wconf 85' lang='lat' dir='ltr'><strong>Remensi,</strong></span> <span class='ocrx_word' id='word_1_92' title='bbox 712 1880 780 1958; x_wconf 87' lang='lat' dir='ltr'><strong>per</strong></span> <span class='ocrx_word' id='word_1_93' title='bbox 802 1852 998 1930; x_wconf 90' lang='lat' dir='ltr'><strong>dominum</strong></span> <span class='ocrx_word' id='word_1_94' title='bbox 1014 1852 1335 1957; x_wconf 88' lang='lat' dir='ltr'><strong>archiepiscopum</strong></span> <span class='ocrx_word' id='word_1_95' title='bbox 1353 1854 1515 1927; x_wconf 87' lang='lat' dir='ltr'><strong>Remen-</strong></span> 
     </span>
     <span class='ocr_line' id='line_1_12' title="bbox 94 1980 1514 2092; baseline 0.001 -34"><span class='ocrx_word' id='word_1_96' title='bbox 94 2011 185 2059; x_wconf 90' lang='lat' dir='ltr'><strong>sem.</strong></span> <span class='ocrx_word' id='word_1_97' title='bbox 206 1984 327 2062; x_wconf 84' lang='lat' dir='ltr'><strong>Lectis</strong></span> <span class='ocrx_word' id='word_1_98' title='bbox 354 2003 479 2062; x_wconf 89' lang='lat' dir='ltr'><strong>autem</strong></span> <span class='ocrx_word' id='word_1_99' title='bbox 508 2004 546 2062; x_wconf 89' lang='lat' dir='ltr'><strong>et</strong></span> <span class='ocrx_word' id='word_1_100' title='bbox 568 1984 769 2092; x_wconf 85' lang='lat' dir='ltr'><strong>diligenter</strong></span> <span class='ocrx_word' id='word_1_101' title='bbox 795 1981 968 2089; x_wconf 84' lang='lat' dir='ltr'><strong>expositis</strong></span> <span class='ocrx_word' id='word_1_102' title='bbox 996 1982 1067 2060; x_wconf 90' lang='lat' dir='ltr'><strong>sibi</strong></span> <span class='ocrx_word' id='word_1_103' title='bbox 1088 1980 1265 2059; x_wconf 87' lang='lat' dir='ltr'><strong>omnibus</strong></span> <span class='ocrx_word' id='word_1_104' title='bbox 1292 2000 1330 2057; x_wconf 89' lang='lat' dir='ltr'><strong>ct</strong></span> <span class='ocrx_word' id='word_1_105' title='bbox 1358 1983 1514 2090; x_wconf 87' lang='lat' dir='ltr'><strong>singulis</strong></span> 
     </span>
     <span class='ocr_line' id='line_1_13' title="bbox 30 2114 1516 2222; baseline 0.003 -34"><span class='ocrx_word' id='word_1_106' title='bbox 30 2205 33 2210; x_wconf 18' lang='lat'>³</span> <span class='ocrx_word' id='word_1_107' title='bbox 93 2115 270 2202; x_wconf 83' lang='lat' dir='ltr'><strong>articulis,</strong></span> <span class='ocrx_word' id='word_1_108' title='bbox 285 2116 480 2221; x_wconf 88' lang='lat' dir='ltr'><strong>respondit</strong></span> <span class='ocrx_word' id='word_1_109' title='bbox 494 2117 542 2192; x_wconf 86' lang='lat' dir='ltr'><strong>ad</strong></span> <span class='ocrx_word' id='word_1_110' title='bbox 559 2143 640 2202; x_wconf 89' lang='lat' dir='ltr'><strong>eos,</strong></span> <span class='ocrx_word' id='word_1_111' title='bbox 658 2134 696 2192; x_wconf 89' lang='lat' dir='ltr'><strong>et</strong></span> <span class='ocrx_word' id='word_1_112' title='bbox 714 2116 838 2222; x_wconf 89' lang='lat' dir='ltr'><strong>primo</strong></span> <span class='ocrx_word' id='word_1_113' title='bbox 852 2117 899 2193; x_wconf 92' lang='lat' dir='ltr'><strong>ad</strong></span> <span class='ocrx_word' id='word_1_114' title='bbox 913 2115 1057 2221; x_wconf 88' lang='lat' dir='ltr'><strong>primos</strong></span> <span class='ocrx_word' id='word_1_115' title='bbox 1071 2140 1152 2205; x_wconf 78' lang='lat' dir='ltr'><strong>nu,</strong></span> <span class='ocrx_word' id='word_1_116' title='bbox 1174 2140 1213 2191; x_wconf 89' lang='lat' dir='ltr'><strong>se</strong></span> <span class='ocrx_word' id='word_1_117' title='bbox 1227 2114 1371 2190; x_wconf 89' lang='lat' dir='ltr'><strong>nescire</strong></span> <span class='ocrx_word' id='word_1_118' title='bbox 1391 2115 1420 2189; x_wconf 87' lang='lat' dir='ltr'><strong>si</strong></span> <span class='ocrx_word' id='word_1_119' title='bbox 1433 2144 1516 2192; x_wconf 90' lang='lat' dir='ltr'><strong>con-</strong></span> 
     </span>
     <span class='ocr_line' id='line_1_14' title="bbox 93 2244 1515 2350; baseline 0.002 -31"><span class='ocrx_word' id='word_1_120' title='bbox 93 2261 196 2321; x_wconf 87' lang='lat' dir='ltr'><strong>tenta</strong></span> <span class='ocrx_word' id='word_1_121' title='bbox 222 2247 262 2321; x_wconf 94' lang='lat' dir='ltr'><strong>in</strong></span> <span class='ocrx_word' id='word_1_122' title='bbox 297 2246 406 2324; x_wconf 91' lang='lat' dir='ltr'><strong>dictis</strong></span> <span class='ocrx_word' id='word_1_123' title='bbox 436 2246 602 2324; x_wconf 85' lang='lat' dir='ltr'><strong>articulis</strong></span> <span class='ocrx_word' id='word_1_124' title='bbox 627 2264 731 2323; x_wconf 90' lang='lat' dir='ltr'><strong>erant</strong></span> <span class='ocrx_word' id='word_1_125' title='bbox 757 2272 842 2322; x_wconf 80' lang='lat' dir='ltr'><strong>vera</strong></span> <span class='ocrx_word' id='word_1_126' title='bbox 867 2245 923 2322; x_wconf 88' lang='lat' dir='ltr'><strong>vel</strong></span> <span class='ocrx_word' id='word_1_127' title='bbox 952 2272 1050 2336; x_wconf 91' lang='lat' dir='ltr'><strong>non,</strong></span> <span class='ocrx_word' id='word_1_128' title='bbox 1077 2244 1267 2350; x_wconf 90' lang='lat' dir='ltr'><strong>quianon</strong></span> <span class='ocrx_word' id='word_1_129' title='bbox 1297 2244 1515 2323; x_wconf 79' lang='lat' dir='ltr'><strong>interfuerat</strong></span> 
     </span>
     <span class='ocr_line' id='line_1_15' title="bbox 66 2347 1623 2485; baseline 0.001 -35"><span class='ocrx_word' id='word_1_130' title='bbox 66 2376 268 2479; x_wconf 80' lang='lat' dir='ltr'><strong>‘capitulis</strong></span> <span class='ocrx_word' id='word_1_131' title='bbox 292 2377 547 2485; x_wconf 83' lang='lat' dir='ltr'><strong>generalibus,</strong></span> <span class='ocrx_word' id='word_1_132' title='bbox 579 2406 648 2455; x_wconf 88' lang='lat' dir='ltr'><strong>nea</strong></span> <span class='ocrx_word' id='word_1_133' title='bbox 676 2379 820 2455; x_wconf 86' lang='lat' dir='ltr'><strong>viderat</strong></span> <span class='ocrx_word' id='word_1_134' title='bbox 847 2377 965 2485; x_wconf 82' lang='lat' dir='ltr'><strong>recipi</strong></span> <span class='ocrx_word' id='word_1_135' title='bbox 998 2376 1163 2484; x_wconf 89' lang='lat' dir='ltr'><strong>aliquem</strong></span> <span class='ocrx_word' id='word_1_136' title='bbox 1191 2373 1309 2451; x_wconf 89' lang='lat' dir='ltr'><strong>alium</strong></span> <span class='ocrx_word' id='word_1_137' title='bbox 1344 2375 1512 2466; x_wconf 79' lang='lat' dir='ltr'><strong>fratrem,</strong></span> <span class='ocrx_word' id='word_1_138' title='bbox 1617 2347 1623 2358; x_wconf 24' lang='grc' dir='ltr'>α</span> 
     </span>
     <span class='ocr_line' id='line_1_16' title="bbox 94 2506 1513 2616; baseline 0.004 -36"><span class='ocrx_word' id='word_1_139' title='bbox 94 2506 165 2582; x_wconf 89' lang='lat' dir='ltr'><strong>nisi</strong></span> <span class='ocrx_word' id='word_1_140' title='bbox 191 2506 342 2585; x_wconf 81' lang='lat' dir='ltr'><strong>fratrem</strong></span> <span class='ocrx_word' id='word_1_141' title='bbox 362 2507 560 2587; x_wconf 87' lang='lat' dir='ltr'><strong>Galterum</strong></span> <span class='ocrx_word' id='word_1_142' title='bbox 590 2509 684 2587; x_wconf 85' lang='lat' dir='ltr'><strong>infra</strong></span> <span class='ocrx_word' id='word_1_143' title='bbox 704 2509 896 2616; x_wconf 88' lang='lat' dir='ltr'><strong>scriptum.</strong></span> <span class='ocrx_word' id='word_1_144' title='bbox 920 2510 1001 2614; x_wconf 88' lang='lat' dir='ltr'><strong>lpse</strong></span> <span class='ocrx_word' id='word_1_145' title='bbox 1030 2525 1162 2585; x_wconf 90' lang='lat' dir='ltr'><strong>autem.</strong></span> <span class='ocrx_word' id='word_1_146' title='bbox 1179 2523 1352 2612; x_wconf 89' lang='lat' dir='ltr'><strong>receptus</strong></span> <span class='ocrx_word' id='word_1_147' title='bbox 1377 2507 1513 2598; x_wconf 84' lang='lat' dir='ltr'><strong>luerat,</strong></span> 
     </span>
     <span class='ocr_line' id='line_1_17' title="bbox 94 2635 1516 2747; baseline 0.003 -36"><span class='ocrx_word' id='word_1_148' title='bbox 94 2665 161 2739; x_wconf 91' lang='lat' dir='ltr'><strong>per</strong></span> <span class='ocrx_word' id='word_1_149' title='bbox 178 2635 331 2716; x_wconf 82' lang='lat' dir='ltr'><strong>fratrem</strong></span> <span class='ocrx_word' id='word_1_150' title='bbox 351 2641 550 2747; x_wconf 86' lang='lat' dir='ltr'><strong>Hugonem</strong></span> <span class='ocrx_word' id='word_1_151' title='bbox 579 2641 626 2717; x_wconf 92' lang='lat' dir='ltr'><strong>de</strong></span> <span class='ocrx_word' id='word_1_152' title='bbox 650 2638 848 2718; x_wconf 90' lang='lat' dir='ltr'><strong>Penrando</strong></span> <span class='ocrx_word' id='word_1_153' title='bbox 871 2640 1098 2731; x_wconf 75' lang='lat' dir='ltr'><strong>visitatorem</strong></span> <span class='ocrx_word' id='word_1_154' title='bbox 1121 2639 1295 2731; x_wconf 80' lang='lat' dir='ltr'><strong>Francis,</strong></span> <span class='ocrx_word' id='word_1_155' title='bbox 1324 2640 1363 2714; x_wconf 93' lang='lat' dir='ltr'><strong>in</strong></span> <span class='ocrx_word' id='word_1_156' title='bbox 1383 2641 1516 2745; x_wconf 84' lang='lat' dir='ltr'><strong>majori</strong></span> 
     </span>
     <span class='ocr_line' id='line_1_18' title="bbox 94 2767 1516 2878; baseline 0.003 -35"><span class='ocrx_word' id='word_1_157' title='bbox 94 2767 235 2871; x_wconf 85' lang='lat' dir='ltr'><strong>capella</strong></span> <span class='ocrx_word' id='word_1_158' title='bbox 259 2770 397 2847; x_wconf 71' lang='lat' dir='ltr'><strong>densus</strong></span> <span class='ocrx_word' id='word_1_159' title='bbox 416 2770 567 2877; x_wconf 85' lang='lat' dir='ltr'><strong>Templi</strong></span> <span class='ocrx_word' id='word_1_160' title='bbox 583 2771 815 2859; x_wconf 89' lang='lat' dir='ltr'><strong>Parisiensis,</strong></span> <span class='ocrx_word' id='word_1_161' title='bbox 840 2771 903 2848; x_wconf 90' lang='lat' dir='ltr'><strong>die</strong></span> <span class='ocrx_word' id='word_1_162' title='bbox 928 2772 1056 2849; x_wconf 90' lang='lat' dir='ltr'><strong>Martis</strong></span> <span class='ocrx_word' id='word_1_163' title='bbox 1085 2791 1169 2878; x_wconf 92' lang='lat' dir='ltr'><strong>post</strong></span> <span class='ocrx_word' id='word_1_164' title='bbox 1198 2769 1334 2849; x_wconf 81' lang='lat' dir='ltr'><strong>festum</strong></span> <span class='ocrx_word' id='word_1_165' title='bbox 1369 2787 1516 2875; x_wconf 88' lang='lat' dir='ltr'><strong>aposto-</strong></span> 
     </span>
     <span class='ocr_line' id='line_1_19' title="bbox 95 2896 1516 3009; baseline 0.004 -38"><span class='ocrx_word' id='word_1_166' title='bbox 95 2896 217 2974; x_wconf 90' lang='lat' dir='ltr'><strong>lorum</strong></span> <span class='ocrx_word' id='word_1_167' title='bbox 244 2901 343 2976; x_wconf 89' lang='lat' dir='ltr'><strong>Petri</strong></span> <span class='ocrx_word' id='word_1_168' title='bbox 364 2918 402 2977; x_wconf 89' lang='lat' dir='ltr'><strong>et</strong></span> <span class='ocrx_word' id='word_1_169' title='bbox 421 2902 527 2978; x_wconf 88' lang='lat' dir='ltr'><strong>Pauli</strong></span> <span class='ocrx_word' id='word_1_170' title='bbox 555 2921 668 2980; x_wconf 89' lang='lat' dir='ltr'><strong>erunt</strong></span> <span class='ocrx_word' id='word_1_171' title='bbox 684 2930 757 2981; x_wconf 81' lang='lat' dir='ltr'><strong>xvn</strong></span> <span class='ocrx_word' id='word_1_172' title='bbox 781 2902 868 2979; x_wconf 93' lang='lat' dir='ltr'><strong>anni</strong></span> <span class='ocrx_word' id='word_1_173' title='bbox 893 2902 950 2978; x_wconf 87' lang='lat' dir='ltr'><strong>vel</strong></span> <span class='ocrx_word' id='word_1_174' title='bbox 974 2904 1089 2995; x_wconf 88' lang='lat' dir='ltr'><strong>circa,</strong></span> <span class='ocrx_word' id='word_1_175' title='bbox 1110 2918 1196 3009; x_wconf 87' lang='lat' dir='ltr'><strong>post</strong></span> <span class='ocrx_word' id='word_1_176' title='bbox 1219 2900 1424 3008; x_wconf 88' lang='lat' dir='ltr'><strong>capitulum</strong></span> <span class='ocrx_word' id='word_1_177' title='bbox 1452 2930 1516 3007; x_wconf 82' lang='lat' dir='ltr'><strong>ge·</strong></span> 
     </span>
     <span class='ocr_line' id='line_1_20' title="bbox 94 3026 1514 3139; baseline 0.004 -38"><span class='ocrx_word' id='word_1_178' title='bbox 94 3029 238 3118; x_wconf 85' lang='lat' dir='ltr'><strong>nerale,</strong></span> <span class='ocrx_word' id='word_1_179' title='bbox 263 3031 500 3137; x_wconf 89' lang='lat' dir='ltr'><strong>presentibus</strong></span> <span class='ocrx_word' id='word_1_180' title='bbox 520 3031 696 3113; x_wconf 80' lang='lat' dir='ltr'><strong>iratribus</strong></span> <span class='ocrx_word' id='word_1_181' title='bbox 718 3035 883 3113; x_wconf 87' lang='lat' dir='ltr'><strong>Roberto</strong></span> <span class='ocrx_word' id='word_1_182' title='bbox 906 3034 954 3111; x_wconf 88' lang='lat' dir='ltr'><strong>de</strong></span> <span class='ocrx_word' id='word_1_183' title='bbox 978 3034 1135 3112; x_wconf 86' lang='lat' dir='ltr'><strong>Belvaco</strong></span> <span class='ocrx_word' id='word_1_184' title='bbox 1163 3031 1401 3139; x_wconf 82' lang='lat' dir='ltr'><strong>presbytero,</strong></span> <span class='ocrx_word' id='word_1_185' title='bbox 1422 3026 1514 3109; x_wconf 83' lang='lat' dir='ltr'><strong>tunc</strong></span> 
     </span>
     <span class='ocr_line' id='line_1_21' title="bbox 94 3163 1554 3269; baseline 0.003 -35"><span class='ocrx_word' id='word_1_186' title='bbox 94 3177 335 3261; x_wconf 82' lang='lat' dir='ltr'><strong>procuratore</strong></span> <span class='ocrx_word' id='word_1_187' title='bbox 359 3164 525 3269; x_wconf 85' lang='lat' dir='ltr'><strong>generali</strong></span> <span class='ocrx_word' id='word_1_188' title='bbox 556 3166 700 3243; x_wconf 89' lang='lat' dir='ltr'><strong>ordinis</strong></span> <span class='ocrx_word' id='word_1_189' title='bbox 720 3166 761 3242; x_wconf 93' lang='lat' dir='ltr'><strong>in</strong></span> <span class='ocrx_word' id='word_1_190' title='bbox 783 3165 956 3254; x_wconf 82' lang='lat' dir='ltr'><strong>Francia,</strong></span> <span class='ocrx_word' id='word_1_191' title='bbox 975 3167 1117 3245; x_wconf 84' lang='lat' dir='ltr'><strong>Garine</strong></span> <span class='ocrx_word' id='word_1_192' title='bbox 1140 3165 1189 3241; x_wconf 89' lang='lat' dir='ltr'><strong>de</strong></span> <span class='ocrx_word' id='word_1_193' title='bbox 1209 3163 1350 3242; x_wconf 88' lang='lat' dir='ltr'><strong>Grandi</strong></span> <span class='ocrx_word' id='word_1_194' title='bbox 1370 3163 1515 3241; x_wconf 88' lang='lat' dir='ltr'><strong>Villarii</strong></span> <span class='ocrx_word' id='word_1_195' title='bbox 1547 3164 1554 3175; x_wconf 83' lang='lat'>&#39;</span> 
     </span>
     <span class='ocr_line' id='line_1_22' title="bbox 94 3291 1516 3405; baseline 0.001 -40"><span class='ocrx_word' id='word_1_196' title='bbox 94 3308 312 3395; x_wconf 89' lang='lat' dir='ltr'><strong>preceptore</strong></span> <span class='ocrx_word' id='word_1_197' title='bbox 323 3291 821 3385; x_wconf 88' lang='lat' dir='ltr'><strong>baillivieViromendensis,</strong></span> <span class='ocrx_word' id='word_1_198' title='bbox 840 3298 1047 3405; x_wconf 77' lang='lat' dir='ltr'><strong>Baudoyno</strong></span> <span class='ocrx_word' id='word_1_199' title='bbox 1058 3297 1106 3375; x_wconf 89' lang='lat' dir='ltr'><strong>de</strong></span> <span class='ocrx_word' id='word_1_200' title='bbox 1116 3295 1227 3376; x_wconf 89' lang='lat' dir='ltr'><strong>Cheli</strong></span> <span class='ocrx_word' id='word_1_201' title='bbox 1238 3294 1374 3382; x_wconf 89' lang='lat' dir='ltr'><strong>milite,</strong></span> <span class='ocrx_word' id='word_1_202' title='bbox 1388 3311 1425 3369; x_wconf 88' lang='lat' dir='ltr'><strong>et</strong></span> <span class='ocrx_word' id='word_1_203' title='bbox 1434 3294 1516 3368; x_wconf 87' lang='lat' dir='ltr'><strong>aliis</strong></span> 
     </span>
     <span class='ocr_line' id='line_1_23' title="bbox 93 3418 1517 3535; baseline 0.006 -42"><span class='ocrx_word' id='word_1_204' title='bbox 93 3418 239 3496; x_wconf 90' lang='lat' dir='ltr'><strong>circiter</strong></span> <span class='ocrx_word' id='word_1_205' title='bbox 256 3427 502 3535; x_wconf 85' lang='lat' dir='ltr'><strong>septuaginta,</strong></span> <span class='ocrx_word' id='word_1_206' title='bbox 518 3428 556 3503; x_wconf 92' lang='lat' dir='ltr'><strong>in</strong></span> <span class='ocrx_word' id='word_1_207' title='bbox 577 3429 680 3505; x_wconf 89' lang='lat' dir='ltr'><strong>hunc</strong></span> <span class='ocrx_word' id='word_1_208' title='bbox 695 3430 854 3508; x_wconf 90' lang='lat' dir='ltr'><strong>modum</strong></span> <span class='ocrx_word' id='word_1_209' title='bbox 882 3459 891 3506; x_wconf 77' lang='lat' dir='ltr'><strong>t</strong></span> <span class='ocrx_word' id='word_1_210' title='bbox 921 3456 1008 3506; x_wconf 87' lang='lat' dir='ltr'><strong>nam</strong></span> <span class='ocrx_word' id='word_1_211' title='bbox 1033 3429 1112 3535; x_wconf 88' lang='lat' dir='ltr'><strong>ipse</strong></span> <span class='ocrx_word' id='word_1_212' title='bbox 1131 3426 1237 3505; x_wconf 85' lang='lat' dir='ltr'><strong>testis</strong></span> <span class='ocrx_word' id='word_1_213' title='bbox 1261 3443 1299 3503; x_wconf 92' lang='lat' dir='ltr'><strong>et</strong></span> <span class='ocrx_word' id='word_1_214' title='bbox 1326 3425 1517 3530; x_wconf 89' lang='lat' dir='ltr'><strong>predictus</strong></span> 
     </span>
     <span class='ocr_line' id='line_1_24' title="bbox 93 3548 1516 3663; baseline 0.005 -40"><span class='ocrx_word' id='word_1_215' title='bbox 93 3548 205 3626; x_wconf 82' lang='lat' dir='ltr'><strong>frater</strong></span> <span class='ocrx_word' id='word_1_216' title='bbox 229 3552 403 3634; x_wconf 87' lang='lat' dir='ltr'><strong>Galterus</strong></span> <span class='ocrx_word' id='word_1_217' title='bbox 420 3558 468 3635; x_wconf 90' lang='lat' dir='ltr'><strong>de</strong></span> <span class='ocrx_word' id='word_1_218' title='bbox 492 3560 647 3638; x_wconf 89' lang='lat' dir='ltr'><strong>Bullens</strong></span> <span class='ocrx_word' id='word_1_219' title='bbox 673 3561 934 3639; x_wconf 81' lang='lat' dir='ltr'><strong>Ambianensis</strong></span> <span class='ocrx_word' id='word_1_220' title='bbox 958 3559 1084 3644; x_wconf 88' lang='lat' dir='ltr'><strong>miles,</strong></span> <span class='ocrx_word' id='word_1_221' title='bbox 1115 3558 1181 3663; x_wconf 89' lang='lat' dir='ltr'><strong>qui</strong></span> <span class='ocrx_word' id='word_1_222' title='bbox 1205 3554 1278 3633; x_wconf 84' lang='lat' dir='ltr'><strong>fuit</strong></span> <span class='ocrx_word' id='word_1_223' title='bbox 1298 3554 1516 3633; x_wconf 89' lang='lat' dir='ltr'><strong>combustus</strong></span> 
     </span>
     <span class='ocr_line' id='line_1_25' title="bbox 92 3679 1516 3797; baseline 0.007 -45"><span class='ocrx_word' id='word_1_224' title='bbox 92 3679 272 3772; x_wconf 81' lang='lat' dir='ltr'><strong>Parisios,</strong></span> <span class='ocrx_word' id='word_1_225' title='bbox 297 3702 335 3760; x_wconf 89' lang='lat' dir='ltr'><strong>et</strong></span> <span class='ocrx_word' id='word_1_226' title='bbox 357 3707 530 3791; x_wconf 80' lang='lat' dir='ltr'><strong>receptus</strong></span> <span class='ocrx_word' id='word_1_227' title='bbox 550 3718 634 3766; x_wconf 88' lang='lat' dir='ltr'><strong>cum</strong></span> <span class='ocrx_word' id='word_1_228' title='bbox 661 3720 724 3778; x_wconf 90' lang='lat' dir='ltr'><strong>eo,</strong></span> <span class='ocrx_word' id='word_1_229' title='bbox 746 3691 943 3797; x_wconf 75' lang='lat' dir='ltr'><strong>pecierunt</strong></span> <span class='ocrx_word' id='word_1_230' title='bbox 960 3716 1096 3793; x_wconf 90' lang='lat' dir='ltr'><strong>panem</strong></span> <span class='ocrx_word' id='word_1_231' title='bbox 1116 3706 1155 3765; x_wconf 88' lang='lat' dir='ltr'><strong>et</strong></span> <span class='ocrx_word' id='word_1_232' title='bbox 1173 3715 1308 3795; x_wconf 87' lang='lat' dir='ltr'><strong>aquam</strong></span> <span class='ocrx_word' id='word_1_233' title='bbox 1330 3686 1434 3762; x_wconf 84' lang='lat' dir='ltr'><strong>flexis</strong></span> <span class='ocrx_word' id='word_1_234' title='bbox 1454 3716 1516 3793; x_wconf 90' lang='lat' dir='ltr'><strong>ge-</strong></span> 
     </span>
     <span class='ocr_line' id='line_1_26' title="bbox 31 3808 1516 3927; baseline 0.001 -37"><span class='ocrx_word' id='word_1_235' title='bbox 31 3881 36 3890; x_wconf 93' lang='lat'><em>.</em></span> <span class='ocrx_word' id='word_1_236' title='bbox 94 3808 223 3898; x_wconf 90' lang='lat' dir='ltr'><strong>nibus,</strong></span> <span class='ocrx_word' id='word_1_237' title='bbox 244 3842 264 3887; x_wconf 91' lang='lat' dir='ltr'><strong>a</strong></span> <span class='ocrx_word' id='word_1_238' title='bbox 286 3813 386 3890; x_wconf 90' lang='lat' dir='ltr'><strong>dicto</strong></span> <span class='ocrx_word' id='word_1_239' title='bbox 407 3816 519 3894; x_wconf 79' lang='lat' dir='ltr'><strong>fratre</strong></span> <span class='ocrx_word' id='word_1_240' title='bbox 540 3821 714 3927; x_wconf 86' lang='lat' dir='ltr'><strong>Hugone,</strong></span> <span class='ocrx_word' id='word_1_241' title='bbox 738 3839 775 3898; x_wconf 89' lang='lat' dir='ltr'><strong>et</strong></span> <span class='ocrx_word' id='word_1_242' title='bbox 788 3822 962 3900; x_wconf 85' lang='lat' dir='ltr'><strong>vestitum</strong></span> <span class='ocrx_word' id='word_1_243' title='bbox 988 3821 1148 3912; x_wconf 86' lang='lat' dir='ltr'><strong>ordinis,</strong></span> <span class='ocrx_word' id='word_1_244' title='bbox 1176 3838 1214 3899; x_wconf 92' lang='lat' dir='ltr'><strong>et</strong></span> <span class='ocrx_word' id='word_1_245' title='bbox 1231 3818 1454 3899; x_wconf 86' lang='lat' dir='ltr'><strong>obtulerunt</strong></span> <span class='ocrx_word' id='word_1_246' title='bbox 1478 3844 1516 3892; x_wconf 93' lang='lat' dir='ltr'><strong>se</strong></span> 
     </span>
     <span class='ocr_line' id='line_1_27' title="bbox 94 3932 1516 4044; baseline 0.008 -31"><span class='ocrx_word' id='word_1_247' title='bbox 94 3939 189 4016; x_wconf 87' lang='lat' dir='ltr'><strong>velle</strong></span> <span class='ocrx_word' id='word_1_248' title='bbox 208 3941 289 4018; x_wconf 86' lang='lat' dir='ltr'><strong>fieri</strong></span> <span class='ocrx_word' id='word_1_249' title='bbox 310 3972 435 4022; x_wconf 87' lang='lat' dir='ltr'><strong>servos</strong></span> <span class='ocrx_word' id='word_1_250' title='bbox 455 3949 617 4026; x_wconf 81' lang='lat' dir='ltr'><strong>esclavos</strong></span> <span class='ocrx_word' id='word_1_251' title='bbox 632 3951 701 4026; x_wconf 88' lang='lat' dir='ltr'><strong>Dei</strong></span> <span class='ocrx_word' id='word_1_252' title='bbox 730 3968 768 4026; x_wconf 92' lang='lat' dir='ltr'><strong>et</strong></span> <span class='ocrx_word' id='word_1_253' title='bbox 791 3951 900 4030; x_wconf 86' lang='lat' dir='ltr'><strong>beate</strong></span> <span class='ocrx_word' id='word_1_254' title='bbox 909 3932 1049 4044; x_wconf 76' lang='lat' dir='ltr'><strong>Marie,</strong></span> <span class='ocrx_word' id='word_1_255' title='bbox 1069 3971 1108 4030; x_wconf 89' lang='lat' dir='ltr'><strong>et</strong></span> <span class='ocrx_word' id='word_1_256' title='bbox 1131 3954 1248 4030; x_wconf 90' lang='lat' dir='ltr'><strong>Terre</strong></span> <span class='ocrx_word' id='word_1_257' title='bbox 1272 3969 1396 4029; x_wconf 87' lang='lat' dir='ltr'><strong>sancte</strong></span> <span class='ocrx_word' id='word_1_258' title='bbox 1418 3949 1516 4025; x_wconf 87' lang='lat' dir='ltr'><strong>ultra</strong></span> 
     </span>
    </p>
   </div>
   <div class='ocr_carea' id='block_1_3' title="bbox 93 4060 1619 4970">
    <p class='ocr_par' dir='ltr' id='par_1_3' title="bbox 93 4060 1619 4970">
     <span class='ocr_line' id='line_1_28' title="bbox 95 4060 1515 4189; baseline 0.008 -46"><span class='ocrx_word' id='word_1_259' title='bbox 95 4071 255 4162; x_wconf 67' lang='lat' dir='ltr'><strong>rumines</strong></span> <span class='ocrx_word' id='word_1_260' title='bbox 274 4092 313 4151; x_wconf 91' lang='lat' dir='ltr'><strong>et</strong></span> <span class='ocrx_word' id='word_1_261' title='bbox 327 4076 451 4154; x_wconf 89' lang='lat' dir='ltr'><strong>dictus</strong></span> <span class='ocrx_word' id='word_1_262' title='bbox 466 4097 638 4184; x_wconf 87' lang='lat' dir='ltr'><strong>receptor</strong></span> <span class='ocrx_word' id='word_1_263' title='bbox 655 4080 748 4159; x_wconf 79' lang='lat' dir='ltr'><strong>dixit</strong></span> <span class='ocrx_word' id='word_1_264' title='bbox 764 4060 871 4188; x_wconf 85' lang='lat' dir='ltr'><strong>quod</strong></span> <span class='ocrx_word' id='word_1_265' title='bbox 884 4085 1079 4162; x_wconf 88' lang='lat' dir='ltr'><strong>traherent</strong></span> <span class='ocrx_word' id='word_1_266' title='bbox 1095 4112 1133 4161; x_wconf 90' lang='lat' dir='ltr'><strong>se</strong></span> <span class='ocrx_word' id='word_1_267' title='bbox 1150 4083 1198 4160; x_wconf 91' lang='lat' dir='ltr'><strong>ad</strong></span> <span class='ocrx_word' id='word_1_268' title='bbox 1210 4101 1370 4189; x_wconf 89' lang='lat' dir='ltr'><strong>partem,</strong></span> <span class='ocrx_word' id='word_1_269' title='bbox 1388 4080 1515 4185; x_wconf 86' lang='lat' dir='ltr'><strong>etipse</strong></span> 
     </span>
     <span class='ocr_line' id='line_1_29' title="bbox 95 4199 1517 4322; baseline 0.009 -48"><span class='ocrx_word' id='word_1_270' title='bbox 95 4199 322 4283; x_wconf 87' lang='lat' dir='ltr'><strong>deliberaret</strong></span> <span class='ocrx_word' id='word_1_271' title='bbox 350 4234 434 4282; x_wconf 87' lang='lat' dir='ltr'><strong>cum</strong></span> <span class='ocrx_word' id='word_1_272' title='bbox 466 4207 658 4299; x_wconf 82' lang='lat' dir='ltr'><strong>fratribus;</strong></span> <span class='ocrx_word' id='word_1_273' title='bbox 687 4229 834 4290; x_wconf 85' lang='lat' dir='ltr'><strong>etcum</strong></span> <span class='ocrx_word' id='word_1_274' title='bbox 861 4213 1131 4293; x_wconf 87' lang='lat' dir='ltr'><strong>deliberassent</strong></span> <span class='ocrx_word' id='word_1_275' title='bbox 1161 4235 1199 4293; x_wconf 91' lang='lat' dir='ltr'><strong>et</strong></span> <span class='ocrx_word' id='word_1_276' title='bbox 1224 4214 1293 4322; x_wconf 91' lang='lat' dir='ltr'><strong>ipsi</strong></span> <span class='ocrx_word' id='word_1_277' title='bbox 1318 4213 1517 4291; x_wconf 89' lang='lat' dir='ltr'><strong>rediissent</strong></span> 
     </span>
     <span class='ocr_line' id='line_1_30' title="bbox 94 4337 1515 4456; baseline 0.011 -52"><span class='ocrx_word' id='word_1_278' title='bbox 94 4358 218 4407; x_wconf 88' lang='lat' dir='ltr'><strong>coram</strong></span> <span class='ocrx_word' id='word_1_279' title='bbox 249 4362 312 4425; x_wconf 91' lang='lat' dir='ltr'><strong>eo,</strong></span> <span class='ocrx_word' id='word_1_280' title='bbox 327 4352 366 4410; x_wconf 88' lang='lat' dir='ltr'><strong>et</strong></span> <span class='ocrx_word' id='word_1_281' title='bbox 379 4337 522 4414; x_wconf 89' lang='lat' dir='ltr'><strong>iterum</strong></span> <span class='ocrx_word' id='word_1_282' title='bbox 551 4357 723 4445; x_wconf 88' lang='lat' dir='ltr'><strong>peterent</strong></span> <span class='ocrx_word' id='word_1_283' title='bbox 750 4361 793 4421; x_wconf 90' lang='lat' dir='ltr'><strong>ut</strong></span> <span class='ocrx_word' id='word_1_284' title='bbox 819 4368 949 4451; x_wconf 83' lang='lat' dir='ltr'><strong>supra,</strong></span> <span class='ocrx_word' id='word_1_285' title='bbox 978 4346 1071 4424; x_wconf 80' lang='lat' dir='ltr'><strong>dixit</strong></span> <span class='ocrx_word' id='word_1_286' title='bbox 1097 4346 1203 4454; x_wconf 87' lang='lat' dir='ltr'><strong>quod</strong></span> <span class='ocrx_word' id='word_1_287' title='bbox 1230 4347 1410 4456; x_wconf 81' lang='lat' dir='ltr'><strong>grandem</strong></span> <span class='ocrx_word' id='word_1_288' title='bbox 1436 4373 1515 4421; x_wconf 90' lang='lat' dir='ltr'><strong>rem</strong></span> 
     </span>
     <span class='ocr_line' id='line_1_31' title="bbox 93 4460 1576 4584; baseline 0.014 -49"><span class='ocrx_word' id='word_1_289' title='bbox 93 4460 293 4564; x_wconf 86' lang='lat' dir='ltr'><strong>petebant,</strong></span> <span class='ocrx_word' id='word_1_290' title='bbox 316 4467 404 4571; x_wconf 90' lang='lat' dir='ltr'><strong>quia</strong></span> <span class='ocrx_word' id='word_1_291' title='bbox 424 4487 615 4573; x_wconf 88' lang='lat' dir='ltr'><strong>oporteret</strong></span> <span class='ocrx_word' id='word_1_292' title='bbox 639 4501 705 4550; x_wconf 90' lang='lat' dir='ltr'><strong>eos</strong></span> <span class='ocrx_word' id='word_1_293' title='bbox 727 4473 937 4554; x_wconf 78' lang='lat' dir='ltr'><strong>abdicarer</strong></span> <span class='ocrx_word' id='word_1_294' title='bbox 964 4505 1004 4555; x_wconf 89' lang='lat' dir='ltr'><strong>se</strong></span> <span class='ocrx_word' id='word_1_295' title='bbox 1017 4478 1207 4584; x_wconf 90' lang='lat' dir='ltr'><strong>propriam</strong></span> <span class='ocrx_word' id='word_1_296' title='bbox 1227 4477 1459 4556; x_wconf 87' lang='lat' dir='ltr'><strong>voluntatem</strong></span> <span class='ocrx_word' id='word_1_297' title='bbox 1479 4497 1517 4555; x_wconf 91' lang='lat' dir='ltr'><strong>et</strong></span> <span class='ocrx_word' id='word_1_298' title='bbox 1570 4489 1576 4501; x_wconf 89' lang='lat'>&#39;</span> 
     </span>
     <span class='ocr_line' id='line_1_32' title="bbox 94 4590 1520 4711; baseline 0.013 -46"><span class='ocrx_word' id='word_1_299' title='bbox 94 4590 230 4697; x_wconf 86' lang='lat' dir='ltr'><strong>subjici</strong></span> <span class='ocrx_word' id='word_1_300' title='bbox 248 4594 390 4687; x_wconf 88' lang='lat' dir='ltr'><strong>aliene,</strong></span> <span class='ocrx_word' id='word_1_301' title='bbox 404 4594 451 4674; x_wconf 65' lang='lat' dir='ltr'><strong>&#39;et</strong></span> <span class='ocrx_word' id='word_1_302' title='bbox 467 4599 587 4676; x_wconf 86' lang='lat' dir='ltr'><strong>multa</strong></span> <span class='ocrx_word' id='word_1_303' title='bbox 607 4602 702 4680; x_wconf 85' lang='lat' dir='ltr'><strong>dura</strong></span> <span class='ocrx_word' id='word_1_304' title='bbox 721 4623 759 4681; x_wconf 92' lang='lat' dir='ltr'><strong>et</strong></span> <span class='ocrx_word' id='word_1_305' title='bbox 783 4632 911 4711; x_wconf 81' lang='lat' dir='ltr'><strong>aspera</strong></span> <span class='ocrx_word' id='word_1_306' title='bbox 924 4608 1126 4696; x_wconf 84' lang='lat' dir='ltr'><strong>sustinere,</strong></span> <span class='ocrx_word' id='word_1_307' title='bbox 1153 4628 1190 4689; x_wconf 92' lang='lat' dir='ltr'><strong>et</strong></span> <span class='ocrx_word' id='word_1_308' title='bbox 1204 4611 1292 4689; x_wconf 90' lang='lat' dir='ltr'><strong>ideo</strong></span> <span class='ocrx_word' id='word_1_309' title='bbox 1317 4611 1415 4690; x_wconf 90' lang='lat' dir='ltr'><strong>bene</strong></span> <span class='ocrx_word' id='word_1_310' title='bbox 1431 4607 1520 4686; x_wconf 89' lang='lat' dir='ltr'><strong>deli-</strong></span> 
     </span>
     <span class='ocr_line' id='line_1_33' title="bbox 93 4721 1520 4839; baseline 0.018 -41"><span class='ocrx_word' id='word_1_311' title='bbox 93 4721 286 4812; x_wconf 75' lang='lat' dir='ltr'><strong>berarent3</strong></span> <span class='ocrx_word' id='word_1_312' title='bbox 313 4756 401 4804; x_wconf 86' lang='lat' dir='ltr'><strong>aum</strong></span> <span class='ocrx_word' id='word_1_313' title='bbox 433 4748 558 4837; x_wconf 86' lang='lat' dir='ltr'><strong>autem</strong></span> <span class='ocrx_word' id='word_1_314' title='bbox 583 4735 864 4839; x_wconf 81' lang='lat' dir='ltr'><strong>respondissent</strong></span> <span class='ocrx_word' id='word_1_315' title='bbox 888 4764 929 4815; x_wconf 87' lang='lat' dir='ltr'><strong>se</strong></span> <span class='ocrx_word' id='word_1_316' title='bbox 959 4737 1057 4817; x_wconf 87' lang='lat' dir='ltr'><strong>bene</strong></span> <span class='ocrx_word' id='word_1_317' title='bbox 1087 4740 1330 4835; x_wconf 81' lang='lat' dir='ltr'><strong>deliberasse,</strong></span> <span class='ocrx_word' id='word_1_318' title='bbox 1356 4746 1520 4825; x_wconf 85' lang='lat' dir='ltr'><strong>finaliter</strong></span> 
     </span>
     <span class='ocr_line' id='line_1_34' title="bbox 94 4852 1619 4970; baseline 0.018 -42"><span class='ocrx_word' id='word_1_319' title='bbox 94 4852 213 4931; x_wconf 85' lang='lat' dir='ltr'><strong>voluit</strong></span> <span class='ocrx_word' id='word_1_320' title='bbox 239 4857 332 4934; x_wconf 87' lang='lat' dir='ltr'><strong>scire</strong></span> <span class='ocrx_word' id='word_1_321' title='bbox 366 4886 433 4964; x_wconf 88' lang='lat' dir='ltr'><strong>per</strong></span> <span class='ocrx_word' id='word_1_322' title='bbox 456 4881 729 4943; x_wconf 86' lang='lat' dir='ltr'><strong>sacramentum</strong></span> <span class='ocrx_word' id='word_1_323' title='bbox 754 4866 802 4944; x_wconf 89' lang='lat' dir='ltr'><strong>ab</strong></span> <span class='ocrx_word' id='word_1_324' title='bbox 826 4867 880 4945; x_wconf 88' lang='lat' dir='ltr'><strong>eis</strong></span> <span class='ocrx_word' id='word_1_325' title='bbox 908 4869 939 4947; x_wconf 90' lang='lat' dir='ltr'><strong>si</strong></span> <span class='ocrx_word' id='word_1_326' title='bbox 964 4889 1071 4948; x_wconf 89' lang='lat' dir='ltr'><strong>erant</strong></span> <span class='ocrx_word' id='word_1_327' title='bbox 1097 4873 1238 4952; x_wconf 85' lang='lat' dir='ltr'><strong>servilis</strong></span> <span class='ocrx_word' id='word_1_328' title='bbox 1263 4878 1516 4970; x_wconf 84' lang='lat' dir='ltr'><strong>condicionis,</strong></span> <span class='ocrx_word' id='word_1_329' title='bbox 1613 4937 1619 4950; x_wconf 74' lang='grc'><em>.</em></span> 
     </span>
    </p>
   </div>
   <div class='ocr_carea' id='block_1_4' title="bbox 0 0 2046 6052">
    <p class='ocr_par' dir='ltr' id='par_1_4' title="bbox 0 0 2046 6052">
     <span class='ocr_line' id='line_1_35' title="bbox 0 0 2046 6052; baseline 0 0"><span class='ocrx_word' id='word_1_330' title='bbox 0 0 2046 6052; x_wconf 95' lang='lat' dir='ltr'><strong> </strong></span> 
     </span>
    </p>
   </div>
  </div>
 </body>
</html>
