4080 6052
505 541 700 636 ruocts
726 560 821 634 nss
847 559 1149 636 TEMPLIERS.
1462 568 1535 644 sor

118 728 177 782 xvv
193 701 279 779 anni
299 699 357 777 vel
374 699 488 791 cirea,
509 728 578 806 per
595 701 749 779 fratrem
764 701 803 777 P.
822 700 870 779 de
883 702 1009 793 Buris,
1030 700 1225 807 quondam
1241 719 1332 779 tunc
1343 727 1539 813 precepto-

116 860 197 909 rem
211 832 257 909 de
269 831 390 920 Buris,
406 831 643 937 presentibus
651 830 828 910 fratribus
837 831 1036 938 Radulpho
1045 833 1208 912 deBuris
1225 834 1409 912 avunculo
1421 837 1537 943 ipsius

115 963 236 1053 testis,
257 963 368 1040 Petro
399 962 448 1039 de
471 962 740 1041 Castellioneto
761 962 1028 1055 servientibus,
1050 980 1091 1042 et
1110 965 1220 1042 Petro
1243 965 1291 1042 de
1313 966 1454 1046 Seneto
1472 969 1536 1049 Ca·

114 1108 191 1171 stro
209 1092 448 1200 presbytero,
469 1092 690 1183 deffitnctis,
716 1111 760 1171 ut
781 1092 917 1182 credit,
939 1099 979 1171 in
1003 1094 1107 1171 hunc
1131 1095 1318 1172 modum:
1339 1125 1425 1173 nam
1447 1128 1533 1177 cum

114 1222 298 1329 peciisset‚
306 1223 411 1302 flexis
421 1223 780 1331 genibus,panemet
788 1253 922 1331 aquam
934 1224 1078 1303 ordinis
1090 1225 1350 1303 etsocietatem
1360 1226 1530 1316 fratrum,

71 1444 74 1450 Ι
114 1352 239 1432 dictus
258 1371 430 1459 receptor
450 1354 543 1431 dixit
565 1355 724 1462 siquod
739 1354 921 1464 grandem
934 1383 1014 1432 rem
1035 1355 1202 1461 petebat,
1221 1372 1259 1432 et
1275 1356 1380 1463 quod
1394 1358 1533 1438 multis

115 1485 329 1590 asperitates
358 1500 550 1589 oporteret
578 1511 668 1562 eum
699 1485 909 1573 sustinere,
943 1484 1171 1561 dimittendo
1201 1513 1310 1562 suam
1341 1490 1532 1593 propriam

114 1616 360 1703 voluntatem,
389 1631 425 1692 et
446 1613 605 1693 obedire
633 1615 820 1693 mandatis
846 1631 885 1691 et
913 1616 1099 1726 preceptis
1122 1615 1284 1692 aliorum
1310 1645 1408 1724 qnos
1435 1618 1531 1697 forte

112 1773 188 1824 non
211 1746 382 1823 crederet
402 1762 550 1823 tantum
572 1746 712 1834 valere,
734 1763 918 1853 quantum
944 1747 1023 1851 ipse
1043 1744 1204 1836 valebat,
1226 1764 1265 1822 et
1285 1748 1390 1851 quod
1412 1750 1531 1827 exiret

111 1894 213 1951 extra
232 1874 432 1980 capellam,
450 1875 548 1954 bene
569 1875 815 1963 deliberareu
834 1892 873 1951 et
886 1903 975 1951 crim
988 1874 1173 1960 exivisset,
1194 1890 1236 1951 et
1251 1874 1529 1955 deliberacione

58 2104 62 2109 Ι
113 2004 238 2082 habita
260 2023 413 2083 voratus
438 2005 590 2083 rediens
611 2006 746 2082 eadem
765 2004 955 2111 peciisset,
980 2005 1073 2082 dixit
1093 2005 1127 2082 ei
1147 2023 1321 2112 receptor
1343 2008 1448 2112 quod
1473 2037 1530 2087 se-

112 2136 280 2213 cundum
297 2163 431 2213 eorum
452 2153 586 2233 statuta
602 2135 729 2215 statim
748 2151 846 2214 esset
871 2133 1076 2240 professus,
1100 2152 1299 2242 postquam
1315 2164 1402 2213 eurn
1424 2166 1529 2215 rece·

112 2267 242 2372 pisset,
270 2295 339 2344 nec
361 2283 498 2344 extunc
526 2266 657 2344 liceret
677 2267 712 2344 ei
733 2266 861 2376 egredi
883 2265 1028 2343 dictum
1047 2266 1238 2356 ordinem,
1261 2285 1299 2344 et
1312 2267 1401 2345 ideo
1416 2269 1526 2372 plene

113 2398 339 2476 deliberaret
372 2413 459 2473 ante
492 2397 722 2505 ingressum
750 2397 831 2504 ipso
861 2411 988 2472 autem
1014 2413 1108 2474 teste
1142 2396 1393 2503 respondente
1422 2401 1527 2503 quod

110 2529 209 2607 bene
229 2527 499 2606 deliberaverat
514 2545 552 2606 et
567 2556 637 2635 pro
652 2528 874 2635 reoepcione
888 2553 955 2603 sue
973 2527 1155 2619 instante,
1176 2527 1370 2634 requisivit
1383 2556 1453 2635 per
1465 2529 1528 2635 ju·

111 2676 324 2736 ramentum
350 2659 548 2765 prestitum
572 2657 619 2736 ab
644 2660 725 2766 ipso
754 2675 850 2737 teste
871 2659 1062 2765 tangendo
1086 2658 1292 2766 quemdam
1318 2657 1477 2752 librum,
1495 2662 1527 2738 si

109 2806 188 2868 erat
204 2789 348 2867 servilis
357 2789 607 2879 condicionis,
629 2789 890 2879 matrimonio,
909 2789 1085 2897 religioni
1109 2789 1168 2866 vel
1181 2788 1320 2867 debitis
1338 2789 1527 2897 obligatus

109 2920 167 2997 vel
195 2920 555 3010 excommunicatus,
581 2938 620 2998 et
645 2921 676 2997 si
704 2919 869 3001 habebat
894 2919 1152 2998 infirmitatem
1179 2919 1359 2998 latentem
1384 2949 1428 2998 ex
1452 2950 1525 3026 qua

111 3069 206 3129 esset
230 3053 419 3158 impotens
447 3068 489 3128 et
509 3051 687 3130 inhabilis
712 3053 759 3130 ad
777 3052 1014 3130 serviendum
1035 3051 1180 3142 ordini3
1199 3069 1237 3128 et
1256 3079 1344 3129 cum
1368 3079 1526 3158 respon-

112 3182 226 3260 disset
240 3210 309 3288 pcr
320 3184 580 3290 juramentum
594 3210 707 3260 suum
722 3183 830 3291 quod
848 3211 938 3272 non,
955 3182 1122 3289 precepit
1136 3181 1241 3288 quod
1252 3182 1393 3260 iterum
1409 3182 1525 3261 exiret

111 3312 307 3420 capellam,
331 3329 369 3391 et
385 3312 628 3407 deliberarem
648 3331 686 3391 et
700 3313 779 3420 ipse
793 3331 966 3421 receptor
979 3313 1128 3391 locutus
1145 3311 1218 3390 fuit
1233 3311 1522 3390 cumfratribus.

108 3446 196 3539 Post
211 3472 284 3552 qne
304 3442 456 3521 rediens
474 3441 554 3549 ipse
569 3443 675 3521 testis
695 3443 810 3551 peciit
829 3443 871 3520 id
886 3445 991 3550 quod
1008 3472 1142 3550 supra3
1161 3459 1200 3519 et
1218 3460 1312 3519 tunc
1328 3442 1450 3519 dictus
1466 3471 1526 3520 re-

109 3592 237 3683 ceptor
261 3574 355 3653 dixit
376 3573 482 3681 quod
500 3591 694 3680 oporteret
715 3602 805 3652 eum
828 3574 995 3653 nultum
1014 3574 1201 3681 jejunare,
1230 3589 1268 3650 et
1285 3573 1411 3680 jacere
1433 3602 1523 3650 cum

108 3705 234 3813 caligis
261 3721 300 3781 et
320 3732 407 3779 cum
430 3703 596 3795 camisia,
616 3720 655 3780 et
676 3705 778 3811 cingi
798 3731 886 3781 una-
902 3703 1074 3795 cordula3
1095 3720 1133 3781 et
1156 3703 1251 3781 dixit
1269 3703 1304 3780 ei
1324 3704 1428 3809 quod
1444 3730 1522 3781 non

107 3834 272 3914 debebat
286 3833 464 3911 interesse
479 3832 564 3910 loeo
585 3834 625 3909 in
646 3861 724 3939 quo
747 3833 827 3941 ejus
843 3835 973 3912 studio
994 3834 1147 3912 daretur
1162 3832 1298 3912 falsum
1313 3832 1520 3940 judicium,

108 3966 168 4044 rel
190 3962 328 4042 nobilis
354 3963 469 4040 homo
484 3961 544 4041 vel
568 3962 708 4041 nobilis
721 3963 861 4043 mulier
875 3964 1167 4042 exheredaretur
1186 3964 1344 4074 injuste3
1362 3982 1400 4041 et
1417 3966 1521 4071 quod

108 4112 271 4174 servaret
286 4094 409 4193 bonos
427 4121 520 4171 usus
547 4110 586 4171 et
605 4093 724 4172 bonas
745 4095 1042 4173 consuetudines
1068 4095 1229 4187 ordinis,
1252 4111 1290 4172 et
1308 4094 1429 4173 malos
1452 4123 1520 4173 suo

108 4254 218 4334 posse
240 4225 477 4331 reprobarem
503 4224 610 4330 quod
628 4248 706 4302 non
724 4226 930 4305 devastaret
944 4225 1170 4304 elemosinas
1189 4242 1227 4303 et
1240 4225 1342 4303 bons
1355 4224 1519 4311 ordinis,

109 4374 147 4434 et
168 4357 272 4463 quod
291 4355 486 4464 religiosos
500 4371 541 4433 et
560 4339 682 4432 botros
699 4355 873 4435 homines
889 4357 1121 4435 declinantes
1139 4358 1190 4435 ad
1206 4357 1340 4434 domos
1361 4354 1522 4442 ordinis,

108 4485 313 4594 inquibus
336 4487 417 4591 ipse
445 4503 556 4573 esset,
580 4482 680 4562 bene
699 4485 936 4595 recolligeret
958 4487 1170 4567 secundnm
1195 4514 1303 4592 posse
1325 4513 1459 4576 suum,
1487 4500 1525 4562 et

106 4618 207 4694 bona
218 4615 362 4694 ordinis
377 4615 433 4692 eis
445 4613 688 4693 distribueret
703 4618 985 4710 convenientem
1006 4635 1047 4698 et
1067 4618 1172 4726 quod
1190 4633 1354 4696 servaret
1376 4615 1521 4694 castiu-

107 4766 201 4836 tem,
223 4746 500 4836 obedienciam,
518 4763 560 4827 et
582 4745 720 4823 viveret
736 4746 818 4824 sine
839 4742 1012 4856 proprio,
1035 4766 1074 4827 ‘et
1094 4749 1124 4826 si
1146 4749 1328 4827 intererat
1347 4745 1430 4856 [sic]
1453 4744 1522 4824 ali·

106 4878 191 4985 quis
211 4878 259 4954 de
279 4876 456 4956 fratribus
474 4876 619 4956 ordinis
638 4873 849 4971 defficiens,
867 4880 972 4986 quod
992 4879 1050 4959 bis
1074 4879 1133 4957 vel
1153 4896 1213 4958 ter
1235 4896 1376 4958 secrete
1393 4904 1520 4956 corre·

649 5036 651 5040 “
1368 5013 1420 5082 (tlt.
