4080 6052
479 528 677 625 esocis
703 548 796 621 ons
822 538 1122 620 rsnenrnas.
1432 546 1506 620 res

148 696 258 785 Item,
280 690 483 796 requisitus
503 716 617 795 super
634 716 712 767 xurr
730 705 768 764 et
784 687 966 767 omnibus.
977 686 1239 794 sequentibus,
1261 687 1455 791 respondit
1468 716 1508 764 se

93 824 208 900 nichil
227 823 320 898 scire
345 821 444 898 ultra
459 849 573 928 quam
588 848 701 926 supra
715 817 908 924 deposuit,
928 818 1003 895 hoc
1020 833 1173 922 excepto
1193 817 1297 921 quod
1317 815 1396 922 ipse
1411 814 1509 892 bene

93 952 226 1040 credit,
257 968 295 1028 et
324 950 444 1027 credit
470 951 575 1056 quod
603 949 666 1025 alii
693 947 825 1025 fratres
856 947 999 1023 ordinis
1030 946 1227 1023 crederent
1257 943 1513 1023 ecclesiasticis

93 1081 348 1169 sacramentis,
372 1097 411 1157 et
428 1078 533 1186 quod
553 1106 686 1157 eorum
706 1077 917 1157 sacerdotes
930 1076 1056 1154 debite
1077 1075 1328 1164 celebrarent,
1349 1103 1419 1151 nec
1434 1103 1512 1152 cre-

93 1213 150 1289 dit
170 1213 275 1319 quod
300 1239 433 1288 eorum
459 1209 558 1287 laici¹
575 1228 612 1288 et
639 1211 701 1287 alii
720 1238 835 1317 qnam
855 1207 1242 1312 sacerdotes-possent
1273 1204 1463 1282 absolvere
1491 1233 1512 1281 a

94 1342 264 1446 peccatis.
280 1340 484 1419 Dicebatur
504 1341 558 1417 eis
577 1341 689 1447 quod.
696 1341 821 1418 statim
835 1366 905 1445 pro
922 1336 1097 1444 professis
1116 1336 1370 1422 habebantur3
1387 1336 1514 1442 januis

95 1472 244 1564 clausis,
284 1471 399 1548 nullis
418 1470 672 1575 presentibus
706 1471 777 1547 nisi
809 1468 984 1545 fratribus
1017 1467 1181 1553 ordinis,
1216 1466 1512 1571 recipiebantur,

95 1601 259 1678 cordulis
274 1598 531 1709 cingebantur,
554 1600 767 1709 insignum
779 1598 970 1684 castitatis,
991 1624 1103 1702 supra
1117 1596 1285 1673 camisias
1297 1624 1401 1682 suas,
1423 1625 1514 1702 quas

95 1731 334 1810 assumebant
361 1729 687 1817 undesolebant,
720 1757 790 1804 nec
817 1728 900 1819 scit,
927 1755 998 1803 nec
1021 1727 1164 1803 audivit
1186 1727 1293 1832 quod
1320 1743 1516 1832 tangerent

95 1863 213 1966 capita
230 1860 442 1970 ydolorum.
464 1857 735 1964 lnjungebatur
755 1855 928 1960 eis-quod
948 1883 1027 1931 non
1044 1855 1253 1931 revelarent
1272 1872 1411 1931 secreta
1426 1856 1517 1961 capi·

95 1989 282 2078 tulorum,
300 1991 384 2067 etsi
401 1989 643 2077 revelassent,
661 1985 821 2063 luissent
833 1985 973 2092 puniti,
991 1986 1108 2063 nescit
1122 1985 1299 2090 qualiter;
1317 2002 1353 2061 et
1373 1985 1443 2063 sub
1458 2013 1516 2062 se—

97 2134 197 2194 creto
218 2117 486 2222 capitulorum,
509 2118 630 2194 credit
647 2115 752 2222 quod
772 2133 869 2193 esset
887 2132 1073 2194 secretum
1087 2115 1328 2221 recepcionis.
1349 2116 1431 2192 Non
1445 2114 1518 2191 fuit

96 2249 131 2323 ei
160 2247 366 2325 inhibitum
394 2247 501 2354 quod
525 2274 603 2323 non
635 2246 891 2337 confiteretur,
917 2246 991 2322 nisi
1016 2245 1272 2323 sacerdotibus
1298 2246 1456 2334 ordinis3
1481 2263 1518 2322 et

97 2375 194 2452 infra
216 2393 299 2452 octo
325 2376 405 2453 dies
432 2376 542 2463 adie
573 2376 803 2482 recepcionis
829 2404 917 2466 sue,
949 2392 1033 2451 ante
1063 2374 1281 2480 prandium,
1308 2375 1387 2481 ipse
1414 2376 1519 2451 testis

98 2504 288 2581 confessus
312 2503 383 2581 luit
407 2504 454 2581 de
484 2506 661 2610 predictis
686 2504 895 2596 erroribus,
924 2505 964 2580 in
996 2504 1150 2581 ecclesia
1179 2503 1318 2608 inqua
1349 2520 1520 2608 receptus

97 2634 234 2722 fuerat,
257 2634 407 2712 cuidam
423 2635 526 2712 fratri
542 2635 781 2727 Carmeliste,
803 2635 870 2742 qui
891 2634 1225 2742 cognominabatur
1240 2634 1286 2710 de
1306 2632 1518 2721 Ambianis,

97 2765 204 2871 cujus
228 2792 368 2842 nomen
387 2766 547 2872 ignorat,
570 2767 636 2872 qui
656 2765 729 2842 fuit
748 2764 918 2842 multum
939 2763 1168 2871 stupefactus
1188 2766 1235 2842 de
1262 2765 1358 2841 dicta
1380 2763 1522 2842 confes-

97 2897 219 2981 sione,
237 2911 275 2971 et
293 2895 450 3002 signavit
470 2923 527 2987 se,
550 2914 589 2973 et
609 2895 724 3001 peciit
743 2896 774 2973 si
796 2912 1000 2973 recesserat
1018 2924 1038 2971 a
1059 2895 1153 2984 fide,
1176 2913 1215 2972 et
1233 2896 1264 2972 si
1285 2894 1452 3002 predicta
1466 2892 1522 2969 le·

98 3041 198 3100 cerat
215 3053 259 3099 ex
278 3024 390 3101 corde
412 3055 419 3098 :
439 3052 516 3129 quo
536 3026 789 3131 respondente
809 3026 915 3132 quod
933 3054 1026 3114 non,
1049 3024 1208 3101 absolvit
1222 3051 1326 3116 eum,
1349 3024 1522 3128 imposita

99 3154 310 3259 penitencia
319 3153 617 3261 quodjejunaret
635 3182 704 3263 per
719 3182 860 3232 annum
881 3155 993 3233 sextis
1007 3154 1128 3243 seriis,
1150 3155 1254 3261 quod
1275 3171 1313 3230 et
1325 3151 1429 3242 secit3
1448 3181 1523 3230 cre·

101 3283 156 3359 dit
179 3284 285 3389 quod
316 3284 548 3391 negligentes
574 3284 744 3377 fuerunt,
773 3285 863 3392 quia
890 3314 966 3363 non
993 3303 1237 3362 correxerunt
1262 3311 1423 3370 errores,
1453 3312 1523 3360 nec

100 3413 421 3492 denunciaverunt
444 3414 619 3493 Ecclesie.
650 3414 884 3494 Elemosinas
912 3433 971 3493 ter
994 3415 1033 3492 in
1061 3414 1271 3493 ebdomada
1299 3414 1391 3490 vidit
1421 3413 1524 3491 suffi-

100 3543 243 3620 cienter
259 3541 358 3637 lieri,
375 3546 414 3623 in
436 3545 613 3623 domibus
632 3545 777 3624 ordinis
797 3547 836 3622 in
856 3545 996 3652 quibus
1016 3544 1089 3620 luit
1102 3560 1288 3635 moratus,
1311 3561 1348 3619 et
1361 3543 1525 3649 hospita-

100 3672 247 3751 litatem
267 3675 531 3752 convenienter
552 3676 701 3753 servari.
724 3676 872 3753 Cleusis
891 3675 1036 3780 januis,
1063 3674 1177 3751 nullis
1196 3672 1434 3780 presentibus
1453 3675 1523 3750 nisi

102 3801 280 3880 fratribus
296 3804 456 3896 ordinis,
475 3804 635 3911 capitula
649 3804 887 3913 tenebantur.
910 3803 1133 3881 Servabatnr
1152 3805 1243 3881 citra
1264 3833 1381 3892 mare,
1404 3805 1443 3880 in
1464 3832 1525 3881 or-

104 3932 209 4023 dine,
231 3930 337 4036 quod
357 3960 515 4038 magnus
534 3933 712 4040 Magister
729 3934 828 4011 ultra
848 3962 935 4009 cum
951 3949 1137 4010 conventu
1157 3934 1356 4012 ordinabat
1376 3966 1385 4010 ε
1407 3934 1526 4011 credit

105 4063 210 4169 quod
229 4062 401 4141 scandala
421 4080 550 4140 contra
570 4064 744 4141 ordinem
763 4082 853 4142 sunt
877 4081 1004 4142 exorta
1022 4080 1176 4171 propter
1192 4064 1359 4171 predicta
1378 4064 1522 4171 illicita,

105 4209 143 4268 et
162 4193 267 4297 quod
292 4210 417 4270 essent
440 4192 619 4270 fratribus
643 4193 804 4288 ordinis,
829 4194 898 4272 sed
921 4222 998 4271 non
1014 4194 1215 4282 extraneis,
1236 4212 1339 4283 nota,
1360 4212 1399 4272 et
1421 4197 1526 4302 quod

105 4321 281 4427 Magister
308 4338 347 4397 et
373 4321 435 4399 alii
460 4323 537 4399 sint
565 4323 712 4429 aliquos
736 4352 898 4413 errores,
924 4325 1043 4401 nescit
1063 4352 1175 4431 quos,
1200 4341 1328 4400 contra
1352 4325 1526 4403 ordinem

107 4449 281 4539 confessi,
305 4468 341 4527 et
360 4480 438 4528 non
459 4454 648 4533 obtulerat
660 4482 699 4531 se
719 4454 808 4532 alias
828 4455 1051 4533 deffensioni
1072 4455 1227 4532 ordinis.

162 4581 378 4684 Requisitus
398 4582 428 4659 si
451 4583 504 4660 sic
524 4582 699 4690 deposuit
722 4603 1066 4694 prece,precepto,
1088 4586 1241 4674 timore,
1262 4613 1405 4675 amore,
1420 4586 1525 4679 odio,

106 4711 164 4787 vel
188 4711 387 4815 temporali
412 4714 571 4792 comodo
601 4715 731 4794 habito
762 4717 822 4795 vel
848 4717 1041 4809 babendo,
1070 4718 1266 4825 respondit
1294 4718 1400 4825 quod
1429 4745 1524 4807 non,

106 4842 175 4918 sed
198 4869 267 4947 pro
294 4842 446 4922 veritate
462 4843 644 4924 dicenda.
673 4846 746 4926 Cui
770 4845 843 4928 tuit
867 4848 1081 4960 injunctum
1108 4875 1176 4955 per
1205 4849 1324 4928 dictos
1354 4848 1528 4927 dominos
