4080 6052
307 541 379 614 aaa
690 521 885 614 esoces
912 540 1005 611 nes
1031 538 1334 611 rennuens.

303 681 419 787 plices
437 697 476 755 et
496 679 675 784 imperiti,
693 696 732 757 et
745 681 785 756 in
799 708 839 757 se
859 679 950 785 ipsis
967 677 1161 782 stupefacti
1182 695 1221 754 et
1237 677 1396 767 turbati,
1411 677 1463 752 ita
1479 677 1590 783 quod
1608 680 1729 758 nichil

305 811 471 888 sciebant
488 812 663 888 ordinare
685 811 887 915 etdictare
909 838 979 916 pro
1004 807 1233 886 deffensione
1260 809 1350 885 dieti
1369 806 1516 886 ordinis
1534 808 1617 885 sine
1638 810 1728 889 &eti

307 941 428 1019 fratris
453 943 553 1021 Petri
583 940 751 1035 consilio.
772 943 899 1035 Quare
919 939 1221 1046 supplicaverunt
1241 939 1345 1046 quod
1364 939 1436 1047 ipsi
1454 939 1605 1017 domini
1624 968 1729 1019 omn-

307 1073 464 1151 missarii
484 1100 573 1149 eum
597 1074 772 1151 aid-suam
786 1072 1020 1179 presenciam
1038 1088 1234 1151 evocarent
1257 1088 1296 1147 et
1314 1071 1504 1158 audirent,
1527 1086 1568 1146 et
1591 1073 1728 1152 scirem

308 1205 468 1310 qualiter
485 1222 523 1281 et
541 1232 656 1312 quare
677 1205 724 1281 ab
744 1204 799 1282 eis
816 1221 1034 1295 recesserat,
1056 1221 1095 1280 et
1112 1231 1159 1280 an
1177 1202 1293 1279 vellet
1310 1202 1480 1279 insistere
1500 1200 1724 1281 deffensioni

308 1336 451 1413 ordinis
470 1337 631 1443 predicti
646 1336 707 1413 vel
727 1335 905 1412 desistere
925 1334 974 1412 ab
993 1335 1142 1426 eadem,
1160 1350 1200 1411 et
1213 1333 1301 1410 dicti
1319 1332 1464 1411 domini
1482 1334 1726 1413 commissarii

307 1485 558 1571 preceperunt
570 1466 682 1542 dictis
693 1465 884 1571 preposito
898 1465 1101 1543 Pietavensi
1114 1483 1152 1542 et
1162 1465 1323 1543 lohanni
1339 1464 1386 1542 de
1400 1462 1589 1553 Jemsills,
1604 1467 1724 1571 quod,

310 1595 371 1673 die
389 1598 545 1674 crastina
556 1598 605 1673 in
624 1624 752 1687 mane,
773 1595 939 1672 eundem
954 1595 1107 1674 fratrem
1122 1598 1162 1672 P.
1179 1595 1411 1673 adducerent
1426 1595 1475 1672 ad
1495 1595 1725 1699 presenciam

309 1727 542 1804 eorumdem.

333 1859 455 1934 ·Aeta
480 1857 636 1935 fueram
657 1858 728 1934 hec
755 1856 934 1962 predictis
963 1857 1024 1934 die
1047 1875 1086 1934 et
1113 1857 1215 1945 loco,
1234 1854 1475 1962 presentibus
1499 1881 1562 1932 me
1582 1853 1727 1931 Floria-

290 2036 294 2043 ·
311 2005 439 2064 monte
454 1988 671 2075 Dondedei‚
684 1989 843 2092 Hugone
861 1988 1016 2078 Nicolsi,
1028 1986 1240 2067 Guillelmo
1252 1986 1453 2091 liudulpho
1472 2003 1513 2063 et
1530 1985 1618 2063 aliis
1631 2002 1728 2062 nou

227 2141 234 2155 ·
311 2117 377 2192 riis
396 2147 508 2225 supra
526 2120 698 2226 proximo
717 2117 930 2194 nominatis

367 2373 455 2450 Post
476 2373 567 2463 hec,
588 2372 649 2449 die
673 2303 802 2451 Mariis
821 2379 1009 2482 sequenti,
1031 2405 1106 2484 que
1130 2356 1340 2455 fuissene·
1357 2375 1440 2453 dies
1462 2376 1606 2454 mensis
1625 2378 1724 2463 Maii,

312 2520 568 2580 convenerunt
586 2501 625 2578 in
644 2504 812 2608 predicta
830 2506 980 2612 capella·
994 2509 1109 2587 sandi
1128 2507 1253 2614 Elligii
1275 2506 1364 2593 dicti
1386 2505 1530 2583 domini
1555 2508 1728 2584 commis

312 2634 415 2719 sarii,
443 2633 603 2739 exceptis
628 2631 793 2711 dominis
810 2635 1043 2715 Narbonensi
1061 2655 1101 2715 et
1118 2636 1330 2743 Bajooensi,
1351 2663 1464 2741 supra
1478 2637 1678 2722 amotis,
1693 2654 1729 2713 et

314 2764 468 2840 fuerimt
484 2763 635 2841 adducti
652 2762 702 2838 ad
721 2768 945 2843 eorumdem
961 2768 1203 2845 dominorum
1218 2766 1560 2844 commissariorum
1577 2792 1728 2873 presen-

315 2893 409 2967 ciam
433 2893 565 2970 fratres
593 2893 829 3001 infrascripti,
854 2898 921 3003 qui
950 2897 1141 3005 sigillatim
1165 2898 1336 3004 requisiti
1355 2926 1377 2973 a
1397 2896 1546 3003 prefatis
1564 2895 1727 2972 dominis

315 3024 577 3099 commissoriis
592 3025 639 3100 ad
659 3025 754 3128 quid
772 3045 966 3121 venerant,
979 3030 1257 3135 respondenmt
1271 3028 1434 3134 quilibet
1448 3055 1517 3134 per
1533 3054 1589 3118 se,
1604 3027 1726 3133 (prod,

316 3180 404 3227 cum
424 3180 544 3257 nuper
564 3153 634 3258 ipsi
658 3179 697 3227 se
716 3154 941 3234 obtulissent
960 3187 1085 3236 coram
1104 3160 1193 3264 ipsis
1218 3159 1382 3235 dominis
1401 3157 1666 3235 commissoriis
1684 3158 1728 3232 ad

316 3280 573 3360 defensionem
589 3282 732 3359 ordinis
747 3288 912 3393 Templi,
932 3290 1047 3366 modo
1064 3292 1241 3366 desistere
1256 3288 1432 3366 volebant
1444 3306 1484 3365 et
1503 3288 1729 3364 desistebant

315 3442 333 3486 a
348 3414 566 3491 defensione
577 3413 744 3520 predicta
757 3435 795 3494 et
806 3419 1073 3496 renonciabaut
1087 3422 1210 3498 eidem
1229 3419 1450 3496 defensioni.
1467 3417 1624 3493 Nomina
1638 3445 1727 3491 vero

316 3545 502 3621 dictorum
518 3544 674 3624 fratrum
695 3565 783 3624 sunt
801 3548 886 3636 hec,
908 3549 1082 3653 videlicet
1095 3550 1253 3628 fratres:
1282 3549 1506 3626 Humbertus
1525 3546 1574 3621 de
1595 3565 1726 3622 sancto

313 3677 455 3782 Jorgio,
478 3677 686 3756 Ancherius
706 3695 744 3756 et
760 3680 895 3776 Petrus
914 3681 962 3756 de
987 3680 1099 3787 Syare
1124 3682 1264 3756 milites
1281 3682 1496 3766 Vienenses,
1511 3675 1650 3751 Petrus
1678 3679 1725 3752 de

314 3824 439 3883 sancta
454 3807 587 3885 Gressa
612 3810 887 3901 Ambianensis,
902 3812 1091 3888 lohannes
1116 3813 1164 3888 de
1183 3814 1300 3888 Ponte
1316 3808 1488 3915 Episcopi
1504 3806 1727 3884 Noviomen-

313 3937 378 4024 sis,
407 3938 446 4012 P.
470 3937 517 4013 de
541 3938 628 4015 Jans
652 3941 897 4027 Belvacensis,
925 3941 1121 4047 Philippus
1149 3941 1196 4018 de
1215 3940 1313 4018 Villa
1330 3939 1438 4017 Selva
1455 3937 1722 4021 Noviomensis.

313 4065 467 4172 Egidius
488 4068 535 4144 de
549 4071 717 4148 Cheruto
740 4071 983 4157 senonensis,
997 4071 1104 4149 Otho
1124 4070 1171 4146 de
1189 4070 1320 4148 duona
1339 4067 1605 4176 Lingonensis,
1624 4069 1664 4144 P.
1681 4069 1723 4144 de

314 4196 481 4275 Cheruto
513 4201 755 4289 Senonensis,
787 4202 906 4306 Aymo
936 4201 984 4277 de
1015 4201 1184 4278 Perbona
1216 4201 1431 4286 Troesmis,
1459 4197 1648 4276 Robertus
1679 4197 1721 4271 da

312 4326 494 4406 Monboin
524 4331 768 4443 senonensis,
799 4329 965 4406 Thomas
991 4331 1039 4406 de
1071 4331 1314 4408 Martinhiaoo
1347 4329 1543 4436 presbyter
1574 4327 1719 4404 laudu-

310 4459 453 4546 nensis,
476 4461 616 4567 Symon
641 4461 689 4538 de
714 4459 959 4537 Cormissiaco
983 4461 1192 4551 Remensis,
1213 4461 1373 4537 Poncius
1398 4461 1446 4537 de
1471 4460 1579 4535 Bono
1603 4457 1718 4562 Opere

311 4588 571 4692 Lingonensis,
594 4592 783 4667 lohannes
808 4590 856 4667 de
885 4591 1081 4679 Noriomo,
1102 4592 1275 4669 Nicolaus
1299 4590 1348 4666 de
1371 4589 1515 4674 Trecis,
1538 4589 1719 4666 lohannes

312 4713 359 4787 de
374 4715 476 4790 Bersi
497 4717 546 4792 de
568 4738 695 4796 sumto
708 4719 895 4799 Genuano
915 4721 1212 4809 suessionensis,
1233 4720 1466 4798 Guillelmus
1481 4717 1636 4796 Ardoiui
1653 4715 1718 4791 Au-

309 4842 543 4933 relianensis,
561 4847 726 4926 Thomas
742 4850 915 4941 Quintini
930 4851 1158 4956 Bajooensis,
1173 4853 1214 4928 P.
1232 4850 1279 4928 de
1299 4850 1473 4928 Saroellis
1490 4844 1712 4927 Parisiemis
