4080 6052
640 553 1340 659 ,nnocusnnsruurursas
1569 598 1572 605 ·
1656 574 1725 648 rso

315 709 411 795 sitis,
425 734 494 786 nec
510 736 553 785 er
570 736 647 815 quo
661 707 735 788 fuit
747 711 787 788 in
801 710 934 790 ordine
947 710 1091 788 viderat
1104 737 1174 787 nec
1186 710 1378 787 audiverat
1389 710 1474 787 illos
1487 736 1632 787 errores
1646 736 1725 789 esse

314 839 353 914 in
377 838 508 916 ordine
527 839 760 946 supradicto,
784 842 913 920 dicens
930 842 1036 949 quod
1054 868 1131 919 non
1150 840 1304 919 curabat
1323 841 1370 918 de
1389 838 1546 916 consilio
1566 835 1725 916 aliorum
1877 934 1882 943 Ι

311 966 569 1071 predictorum
595 968 753 1047 frauum
777 971 817 1046 in
841 971 976 1049 eadem
1002 970 1118 1048 domo
1147 968 1392 1049 existencium
1419 993 1729 1073 super-procura·

311 1096 458 1174 toribus
477 1096 525 1174 ad
542 1097 799 1178 defensionem
812 1100 903 1178 dicti
927 1093 1076 1179 ordinis'
1092 1097 1378 1186 constituendis,
1404 1096 1463 1174 vel
1484 1095 1729 1203 quibuscum·

311 1253 386 1330 que
407 1227 489 1305 aliis
508 1227 557 1305 ad
576 1229 712 1307 dictam
730 1230 989 1324 defensionem
1006 1257 1077 1337 per
1093 1256 1161 1308 eos
1179 1228 1398 1307 ordinandis
1418 1244 1456 1305 et
1474 1226 1728 1305 deliberandis

239 1427 242 1441 ,
313 1371 353 1431 et
365 1354 559 1447 faciendis,
577 1358 645 1435 sed
658 1361 926 1469 petebatquod
942 1361 1222 1468 permitteretur
1235 1359 1371 1436 dictam
1383 1341 1605 1463 religionem
1614 1359 1728 1434 Tem-

311 1483 365 1588 pli
385 1486 505 1574 exire,
526 1502 565 1564 et
589 1484 629 1563 in
654 1490 783 1568 seculo
808 1515 1003 1568 remanere
1024 1489 1084 1567 vel
1106 1489 1269 1594 aliquam
1296 1486 1406 1563 aliam
1426 1484 1647 1591 religionem
1670 1488 1727 1562 in-

311 1631 427 1703 trare,
447 1642 534 1692 cum
556 1616 619 1694 illa
637 1617 678 1694 in
697 1637 871 1725 quaerat
891 1646 968 1698 non
989 1619 1153 1726 placeret
1179 1616 1324 1706 eidem,
1346 1615 1463 1692 nichil
1482 1612 1587 1691 aliud
1609 1642 1725 1721 quare

309 1743 381 1820 sibi
401 1771 478 1821 non
499 1725 670 1852 placebat
693 1749 932 1854 pretendens.
960 1745 1168 1855 Requisivit
1190 1747 1307 1824 eciam
1327 1741 1586 1826 dictunfrater
1606 1745 1726 1851 slymo

311 1872 446 1950 adduci
462 1875 510 1951 ad
523 1878 755 1981 presenciam
771 1878 1013 1956 dominorum
1028 1876 1370 1956 commissariorum
1382 1874 1652 1980 predictorum,
1667 1875 1727 1951 vel

311 2001 441 2079 saltem
458 2003 507 2081 ad
525 2004 723 2083 dominum
742 2008 1059 2086 Lemovioensem.

367 2130 456 2207 Acta
483 2130 638 2210 fuerunt
662 2136 734 2212 bec
750 2136 931 2241 predictis
956 2136 1019 2215 die
1049 2153 1087 2213 et
1104 2136 1213 2224 locis,
1232 2124 1471 2241 presentibus
1496 2159 1558 2208 me
1584 2131 1726 2208 Floria·

310 2275 440 2336 monte
459 2261 656 2339 Dondedei
672 2263 720 2339 dc
736 2265 907 2353 Mantua,
926 2283 966 2342 et
979 2264 1061 2342 aliis
1074 2264 1228 2342 notariis
1243 2291 1356 2369 supra
1369 2261 1583 2341 nominatis.

364 2517 454 2594 Post
467 2520 554 2610 hec,
572 2521 634 2597 die
648 2522 806 2600 Veneris
820 2523 992 2630 sequenti
1006 2539 1091 2630 post
1102 2520 1254 2600 octabas
1271 2518 1584 2598 Annunciacr'onis
1598 2520 1728 2599 Domi·
1852 2514 1858 2523 ’

309 2648 409 2736 nice,
429 2673 504 2752 que
519 2646 592 2724 fuit
608 2651 724 2726 tercia
739 2651 821 2728 dies
841 2652 982 2729 mensis
1001 2650 1158 2758 Aprilis,
1173 2665 1360 2727 venerunt
1377 2665 1417 2726 et
1435 2664 1728 2755 comparuerunt

308 2803 432 2854 coram
451 2778 560 2854 dictis
580 2779 743 2857 dominis
760 2781 1041 2872 commissoriis,
1058 2781 1098 2857 in
1116 2780 1257 2886 capella
1269 2779 1453 2886 predicta,
1469 2778 1601 2855 fratres
1610 2771 1725 2855 'fem-

308 2907 415 3011 plarii
450 2904 687 3015 infrascripti,
718 2911 892 2989 videlicet
915 2911 1047 2988 fratres
1074 2909 1304 2990 Guillelmus
1331 2911 1382 2986 de
1401 2893 1721 3014 Somayo'miles,

307 3062 376 3141 pro
396 3063 436 3113 se
458 3053 496 3113 et
513 3037 596 3114 aliis
614 3027 793 3144 predictis
811 3066 864 3117 xrr
882 3040 1061 3118 fratribus
1082 3039 1173 3117 dicti
1199 3038 1343 3117 ordinis
1358 3039 1427 3145 qui
1445 3065 1533 3116 curn
1553 3064 1600 3115 eo
1617 3054 1733 3114 tene--

306 3162 445 3241 buntur
463 3165 503 3242 in
523 3166 620 3243 dicta
636 3168 750 3245 domo
770 3167 911 3247 blavoti
931 3197 1048 3277 prope
1068 3185 1216 3275 portam
1238 3168 1353 3245 sancti
1372 3167 1568 3255 Anthonii,
1592 3183 1630 3243 ct
1652 3164 1724 3242 fra-

306 3310 383 3370 tres
401 3293 622 3401 Radulpbus
641 3297 691 3374 de
703 3296 944 3404 Compendio
964 3316 1003 3396 et
1018 3300 1209 3377 lohannes
1227 3299 1277 3376 de
1297 3296 1529 3376 Fontanvilla
1541 3323 1611 3402 pro
1626 3323 1665 3373 se
1685 3314 1724 3373 et

304 3421 386 3500 aliis
406 3450 442 3501 rr
462 3423 638 3502 fratribus
665 3427 844 3532 predictis
868 3429 958 3506 dicti
978 3430 1122 3508 ordinis
1140 3429 1207 3535 qui
1237 3452 1323 3506 cum
1346 3427 1402 3504 eis
1429 3425 1655 3529 tenebantur
1684 3425 1721 3500 in

305 3554 402 3631 dictu
422 3555 536 3633 domo
557 3555 605 3632 de
619 3555 739 3634 Ocres
757 3581 877 3664 prope
895 3582 1046 3637 crucem
1068 3559 1116 3636 de
1141 3558 1292 3645 Timut,
1315 3575 1354 3634 et
1371 3555 1485 3634 frater
1501 3553 1723 3661 Radulphus

303 3683 351 3762 de
371 3685 596 3762 Taveruiaco
615 3710 684 3790 pro
702 3713 744 3764 se
770 3704 808 3764 et
832 3687 914 3766 aliis
938 3713 974 3768 vr
992 3687 1170 3766 frutribus
1186 3687 1367 3794 predictis
1380 3685 1475 3763 dicti
1495 3685 1638 3763 ordinis
1656 3685 1722 3789 qui

304 3836 393 3888 cum
417 3839 463 3889 eo
488 3813 716 3892 tenebantur
735 3816 774 3893 in
795 3815 893 3894 dictu
921 3817 1036 3895 domo
1062 3817 1217 3895 Roberti
1244 3816 1411 3894 Anuerdi
1431 3815 1470 3892 in
1489 3815 1570 3892 vico
1588 3811 1724 3889 veteris
1754 3853 1757 3859 ·

305 3938 427 4045 platee
447 3942 668 4032 Porcorum3
688 3945 780 4021 item
797 3944 933 4024 fratres
946 3948 1119 4026 Nioolaus
1134 3948 1182 4024 de
1194 3947 1370 4024 Romanis
1384 3962 1424 4022 et
1435 3942 1656 4024 Dominicus
1675 3942 1722 4018 de

304 4069 501 4158 Ver-duno.
523 4090 592 4176 pro
611 4092 652 4146 se
667 4088 709 4148 et
726 4072 809 4150 aliis
826 4100 877 4154 ur
895 4074 1075 4153 fratribus
1094 4075 1272 4182 predictis
1290 4075 1357 4181 qui
1377 4073 1533 4150 cumeis
1551 4071 1724 4149 teneban-

248 4195 249 4198 ‘
303 4217 366 4278 tur
376 4199 415 4276 in
428 4199 527 4276 dicta
539 4200 860 4281 domoGuillelmi
875 4204 923 4281 de
932 4204 1171 4282 Marcilhiuco
1182 4227 1301 4309 prope
1311 4218 1462 4308 portam
1476 4201 1591 4279 sancti
1606 4201 1723 4280 Anto

304 4328 374 4419 nii,
395 4329 486 4407 item
505 4328 621 4408 frater
639 4330 786 4409 Addam
801 4332 850 4410 de
870 4331 1129 4440 Inferno,pro
1145 4361 1188 4411 se
1207 4349 1248 4410 et
1266 4333 1349 4412 aliis
1362 4356 1439 4412 surr
1452 4330 1628 4411 fratribus
1638 4358 1724 4439 pre·

306 4458 414 4558 dictis
432 4460 497 4566 qui
515 4486 606 4537 curn
617 4487 673 4538 ⁴eo
688 4461 920 4540 tenebantur
941 4463 981 4541 in
1001 4464 1116 4541 domo
1136 4462 1284 4542 Nicolae
1302 4462 1431 4542 Ordoe
1449 4462 1491 4538 in
1503 4461 1582 4540 vico
1594 4461 1723 4538 Predi—

306 4605 473 4666 catorum
492 4591 671 4681 Parisiusr
687 4591 780 4670 itam
797 4591 912 4671 frater
928 4595 1123 4674 lohannes
1141 4594 1189 4670 de
1208 4592 1422 4684 vilhelm,
1440 4619 1512 4699 pm
1525 4619 1565 4669 se
1585 4589 1723 4670 studiis

307 4740 341 4798 tr
365 4718 542 4799 fratribus
563 4718 745 4828 predictis
768 4723 839 4830 qui
862 4744 952 4801 cum
974 4746 1021 4803 eo
1040 4723 1267 4802 tenebuntur
1284 4723 1325 4800 in
1343 4723 1460 4801 domo
1475 4722 1660 4802 lobannis
1671 4721 1722 4799 de

307 4848 459 4929 curma
479 4850 517 4927 rs
531 4852 612 4931 vrso
632 4852 679 4931 ae
693 4858 810 4964 ,aas
823 4853 1004 4945 natast,
1031 4855 1122 4947 rtem
1145 4829 1289 4932 rasa
1304 4851 1533 4932 uouemus
1552 4853 1600 4931 ae
1620 4853 1722 4928 roso

1568 4989 1615 5050 18.
