4080 6052
313 544 389 619 ott
700 523 893 616 Pttocbs
918 539 1015 613 DES
1041 540 1340 613 TEMPLlEllS.
1526 644 1528 649 ,

27 683 28 686 '
159 698 161 703 ’
313 687 451 765 dictam
475 710 626 761 crucem
649 682 787 772 semel,
814 710 908 767 ore,
922 707 1001 758 non
1020 678 1154 773 corde,
1180 697 1225 757 ut
1245 679 1352 768 dixit,
1379 695 1417 755 et
1440 679 1542 784 spuit
1562 679 1602 754 in
1627 680 1731 759 dicto

313 815 492 893 mantello
506 799 614 921 juxta
630 815 747 921 ipsam
767 797 937 901 crucem,
956 838 1035 888 non
1051 796 1180 918 tamen
1193 839 1307 917 supra
1327 838 1425 899 eam,
1447 826 1488 887 et
1504 808 1657 890 calcavit
1673 812 1732 889 di-

312 965 422 1023 ctum·
444 944 665 1022 mantellum
677 973 690 1034 ,·
717 943 786 1021 sed
813 969 892 1020 uon
920 968 1088 1018 crucem..
1109 939 1226 1019 Unda
1243 967 1287 1018 ex
1310 938 1493 1048 predictis
1516 939 1732 1030 aredium

199 1137 207 1185 ,-
313 1052 425 1166 diris,
456 1075 565 1183 quod-
586 1072 671 1152 talis
699 1073 838 1152 modus
864 1062 1097 1178 recapcionis
1121 1070 1573 1155 smveturoommuniter:
1587 1071 1635 1148 in·
1651 1090 1732 1151 toto
1787 1166 1790 1170 ι

313 1207 411 1284 dicto
435 1205 594 1289 ordine„
611 1205 828 1312 Requisitus
850 1204 890 1281 si·
911 1202 981 1280 ille·
1002 1203 1068 1311 qui
1094 1203 1235 1308 recepit
1257 1230 1369 1299 eum,
1395 1201 1492 1279 dixit·
1510 1201 1582 1279 sibi
1608 1201 1735 1311 aliqnn

311 1336 423 1413 verba
441 1335 676 1442 persuasoria
694 1334 753 1411 vel
771 1333 928 1411 illectiva
947 1312 1170 1411 ssunliasax
1188 1331 1328 1439 qtn'bus
1347 1331 1674 1439 deboretmoreri.
1685 1336 1731 1412 ml

311 1465 530 1543 laciendum
538 1464 707 1570 predicta
720 1481 758 1541 et
774 1463 942 1571 aliquam:
953 1463 1154 1542 utilitatem
1167 1462 1399 1570 spiritualem
1412 1463 1471 1541 vel
1483 1444 1732 1570 tempornlom

311 1611 587 1704 consecuturus
601 1624 645 1672 ex
666 1593 859 1702 prodistis,
883 1588 1081 1702 respondit
1097 1595 1203 1702 quod
1223 1622 1320 1684 noo,
1345 1595 1414 1700 sed
1435 1594 1544 1702 quod
1564 1595 1731 1702 predicte

313 1727 474 1805 debebat
498 1725 637 1834 lacere,
662 1725 855 1833 quiahoc·
875 1724 1029 1830 eretrde
1054 1725 1205 1832 punctis
1225 1742 1265 1802 et
1286 1723 1420 1803 usibus
1448 1722 1594 1802 ordinis
1620 1710 1732 1832 supra

312 1856 413 1933 dicti.
439 1856 655 1963 Requisitus
680 1854 727 1931 de
752 1852 926 1960 'tempore
953 1853 1050 1931 dicte
1072 1855 1302 1962 reccpcionis
1327 1837 1374 1935 ob
1394 1852 1447 1932 de·
1468 1854 1727 1961 presentibus,

311 1987 509 2092 respondit
529 1970 634 2092 quod
657 2002 763 2062 emm
782 1984 928 2062 circiter
945 2009 1030 2064 ιω
1054 1985 1161 2078 enni,
1181 2002 1220 2064 et
1238 1986 1344 2093 quod
1367 1984 1518 2063 luerunt
1537 2004 1730 2092 presentes

311 2116 350 2190 in
369 2095 453 2220 ipse
464 2114 835 2222 recepeione··lratras
847 2113 1040 2193 llobertus
1056 2115 1110 2192 de
1122 2112 1259 2223 'ludet
1281 2115 1406 2205 miles,
1423 2132 1464 2193 et
1476 2115 1729 2197 lohannesdo

311 2259 437 2324 sancto
460 2245 600 2323 Hilario
624 2246 804 2334 serviens,
824 2262 917 2347 tunc
939 2262 1137 2352 preceptor
1160 2246 1213 2323 de
1227 2246 1429 2337 Paulham,
1451 2262 1492 2322 et
1507 2240 1729 2325 Penus-'fle

310 2375 448 2481 gionldi
477 2376 661 2468 serviens,
695 2374 809 2453 frater
837 2373 993 2452 carnalis
1024 2374 1183 2481 predicti
1212 2376 1655 2483 Johannispreceptoris
1682 2377 1727 2455 de

309 2506 520 2595 Paulhaco,
540 2524 585 2583 et·
598 2503 711 2616 buter
734 2507 845 2612 Hugo
864 2504 913 2583 de
935 2503 1141 2611 Dompubo
1153 2504 1344 2596 seruent,
1365 2533 1462 2611 quos
1480 2532 1623 2603 omnes,
1639 2506 1728 2585 dlrit

311 2665 398 2714 esso.
412 2653 604 2727 mortuone
630 2636 669 2712 in
692 2635 860 2741 presenti
883 2633 932 2711 dc
952 2633 1182 2712 nominibus
1203 2633 1369 2738 aliorum
1390 2635 1458 2742 qui
1482 2622 1732 2715 inseruerant

311 2767 409 2843 dicte
428 2766 639 2871 recepcioni
656 2792 723 2844 erre
749 2763 846 2850 dixit
861 2788 998 2842 senon
1016 2759 1217 2842 recordari
1236 2763 1461 2871 Requiaitus
1471 2765 1516 2843 in
1531 2793 1604 2873 qaia
1621 2783 1725 2872 parte

311 2896 409 2970 dicta
437 2894 574 2971 domus
602 2892 681 2971 fnit
702 2910 875 3000 moepors
909 2910 948 2971 et
977 2921 1059 3002 qua·
1082 2880 1205 2987 hora,
1223 2891 1422 3001 respondit
1443 2893 1551 3001 quod
1578 2895 1618 2972 in
1643 2894 1727 2973 mla

311 3023 428 3128 ipsius
447 3021 584 3099 domus
603 3017 701 3098 intra
716 3025 856 3101 horam·
869 3024 997 3128 prime,
1010 3041 1049 3101 et
1065 3024 1207 3101 tercie,

366 3151 477 3240 Item,
507 3152 603 3228 dixit
629 3151 738 3258 quod
759 3152 803 3228 in
818 3138 993 3258 predicta⁸
1006 3154 1225 3261 recepcione
1250 3182 1320 3253 sue
1341 3152 1423 3231 tuit.
1434 3155 1470 3232 ei
1497 3153 1647 3243 dictum
1661 3184 1726 3262 per

311 3281 459 3358 dictum
479 3299 712 3388 receptorem
740 3282 853 3359 suum
881 3282 987 3389 quod
1012 3264 1223 3362 secundum
1245 3301 1387 3390 ptmcta·
1405 3283 1550 3362 ordinis
1565 3284 1728 3377 debebat

311 3441 399 3488 enm
422 3413 583 3490 osculari
607 3399 657 3489 ins
676 3440 741 3489 ore
767 3429 805 3490 et
833 3412 877 3489 iu
896 3405 1099 3501 umbilico,
1124 3407 1358 3520 et'precepit'
1368 3412 1473 3520 quod
1493 3412 1725 3489 oscularetur

198 3610 201 3614 r
310 3570 398 3618 eum
412 3542 576 3620 indictis
592 3543 700 3631 locis,
723 3560 764 3621 et
778 3543 858 3648 ipse
878 3543 1066 3621 osculatus
1081 3541 1153 3620 fuit
1168 3573 1256 3622 eum
1276 3545 1398 3622 inore
1417 3545 1723 3646 etsuperlvestes

311 3674 508 3750 existentes
527 3701 641 3784 super
657 3673 900 3763 umbilicum,
920 3673 1081 3753 sednon
1098 3703 1212 3780 super
1232 3702 1380 3762 carnem
1400 3671 1551 3750 nudam.

364 3781 484 3892 ltem,
503 3804 598 3880 dixit
621 3803 728 3910 quod
748 3804 871 3881 dictus
889 3821 1060 3910 receptor
1079 3805 1175 3885 dixit
1189 3779 1224 3882 ei
1244 3804 1349 3911 quod
1368 3831 1444 3882 non
1464 3800 1629 3880 debebat
1646 3832 1725 3881 esse

263 3969 267 3975 ·
310 3932 348 4008 in
372 3933 500 4040 aliquo
527 3934 609 4012 loco
643 3935 794 4041 ioquo·
815 3934 1148 4041 solempniroretur
1177 3935 1488 4034 matrimonium,
1513 3932 1723 4023 secundum

307 4080 444 4165 puncta
472 4064 630 4155 ordinis,
657 4093 728 4141 nec
747 4093 826 4143 esse
851 4082 1008 4171 patruus
1027 4065 1183 4143 levando
1210 4064 1374 4172 aliquem
1403 4064 1450 4141 de
1475 4061 1589 4141 sacris
1614 4061 1724 4140 fonti·

169 4269 172 4274 .
307 4189 395 4279 bus,
419 4210 456 4269 et
469 4195 575 4301 quod
592 4223 670 4272 non
689 4195 843 4272 intraret
861 4195 1026 4302 aliquam
1043 4196 1206 4273 domum.
1218 4194 1257 4271 in
1277 4223 1354 4300 qua·
1373 4193 1511 4271 mulier
1524 4193 1673 4301 jaceret
1685 4194 1721 4268 in

306 4324 531 4426 puerperio,
544 4342 583 4402 et
599 4325 630 4401 si
647 4324 805 4402 heberet
819 4341 945 4403 motus
962 4325 1130 4403 carnales
1147 4342 1193 4402 et.
1203 4313 1553 4430 concupiscemiam'
1567 4323 1721 4400 commi·-

306 4452 436 4528 scendi
451 4481 490 4529 se
506 4482 593 4531 cum
613 4455 794 4544 muliere,
810 4445 1073 4533 commisceret
1088 4483 1130 4533 se
1147 4484 1239 4532 cum.
1251 4453 1539 4556 fratribnsdbcti
1553 4453 1719 4540 ordinis·;

281 4580 283 4587 ’
306 4605 381 4654 non
405 4597 535 4656 tamen
552 4585 685 4661 recolit
702 4583 735 4689 si
755 4583 847 4662 dixit
865 4583 1062 4692 sibi-quod
1082 4585 1183 4662 istud
1204 4603 1302 4669 essct
1320 4585 1368 4666 de
1388 4583 1537 4691 punctis
1556 4611 1631 4660 scu·
1645 4583 1720 4660 usi-

305 4704 375 4781 bus
403 4707 567 4798 ordinis;
596 4715 799 4818 requisitus
823 4712 853 4792 si
873 4716 1040 4821 predicta
1058 4716 1152 4793 dixit
1169 4716 1241 4792 sibi
1269 4717 1317 4794 ad
1334 4733 1502 4823 partem,
1527 4712 1717 4819 respondit

304 4835 409 4941 quod
425 4863 520 4926 non,
542 4838 619 4917 imo
638 4845 880 4946 presentibus·
894 4845 1072 4924 iratribus
1089 4831 1200 4952 supra
1217 4847 1418 4937 nominatis
1437 4872 1506 4951 per
1523 4872 1621 4923 eum.
