4080 6052
690 521 888 615 pancas
914 540 1008 612 nus
1035 539 1337 611 rnnrnrnas.
1580 492 1586 501 ¹
1649 550 1722 618 aas

305 714 405 771 cern,
423 688 511 790 quia
527 684 619 761 dixit
636 686 669 760 ei
685 684 789 789 qnod
805 684 876 760 hoc
893 701 973 759 erat
985 682 1032 758 de
1049 682 1198 787 punctis
1214 682 1377 773 ordinis3
1396 700 1434 758 et
1451 684 1605 789 insuper
1622 691 1725 789 quod

307 814 487 900 debebat,
515 816 726 890 secundum
751 815 848 890 dicta
875 831 1032 919 puncta,
1059 812 1226 888 eundem
1253 830 1485 918 receptorem
1509 817 1664 891 osculari
1690 821 1727 893 in

305 972 375 1020 ano
395 945 424 1019 si
453 945 557 1020 idem
582 963 754 1050 receptor
773 946 944 1034 volebat,
967 961 1192 1020 nontamen
1217 944 1384 1049 precepit
1405 945 1438 1019 ei
1466 947 1570 1049 quod
1590 947 1727 1023 laceret

304 1076 450 1152 dictum
467 1076 659 1163 osculum,
679 1104 748 1153 nec
767 1078 890 1182 ipsum
904 1075 1002 1151 fecit.
1021 1076 1269 1153 Postmodum
1288 1074 1381 1151 dixit
1401 1076 1434 1151 ei
1455 1076 1574 1181 quod,
1595 1106 1727 1154 secun-

305 1211 398 1288 dum
420 1213 519 1288 dicta
534 1230 686 1316 puncta,
707 1230 855 1318 poterat
873 1209 1050 1287 fratribus
1060 1209 1205 1285 ordinis
1215 1208 1413 1284 carnaliter
1425 1210 1674 1300 commisceri,
1690 1230 1726 1286 et

305 1343 374 1448 ipsi
396 1372 482 1420 cum
508 1372 572 1432 θος
601 1345 674 1421 hoc
691 1360 819 1419 tamen
848 1370 924 1419 non
956 1339 1140 1417 fecitnec
1164 1338 1238 1415 luit
1262 1340 1480 1445 requisitus,
1509 1368 1578 1415 nec
1606 1344 1726 1417 credit

303 1473 410 1578 quod
429 1475 466 1548 in
490 1473 623 1550 ordine
642 1475 765 1562 lieret,
784 1502 852 1548 nec
866 1472 972 1577 quod
987 1472 1123 1547 fierent
1138 1470 1212 1545 alie
1228 1470 1563 1574 dogmatizaciones
1578 1470 1723 1558 illicite,

304 1630 373 1678 nec
388 1605 491 1708 quod
508 1603 770 1678 conculcarent
785 1632 951 1691 crucem,
969 1629 1039 1675 nec
1053 1600 1158 1704 quod
1172 1598 1370 1674 adorarent
1385 1617 1524 1691 catum,
1540 1629 1608 1676 nec
1621 1604 1725 1707 quod

304 1750 428 1810 essent
447 1733 634 1809 increduli
653 1733 908 1810 ecclesiasticis
923 1730 1178 1818 sacramentis,
1195 1730 1334 1834 quibus
1351 1729 1428 1833 ipse
1444 1730 1638 1818 credebat,
1656 1760 1725 1807 nec

305 1863 409 1969 quod
435 1890 566 1940 eorum
599 1864 811 1940 sacerdotes
839 1878 968 1938 contra
996 1860 1156 1937 formam
1185 1858 1348 1935 Ecclesie
1378 1858 1626 1946 celebrarent,
1658 1866 1725 1937 ne'c

304 1994 410 2098 quod
447 2021 580 2071 eorum
611 1992 694 2068 laici
725 1993 962 2070 absolverent
992 1991 1050 2067 vel
1083 1990 1275 2067 absolvere
1306 2008 1460 2096 possent
1492 2020 1511 2066 a
1545 1994 1724 2096 peccatis,

304 2152 375 2200 nec
393 2124 498 2229 quod
516 2123 578 2199 alii
599 2127 672 2201 hoc
692 2123 906 2213 crederent,
924 2151 993 2199 nec
1010 2124 1114 2228 quod
1128 2122 1316 2198 diceretur
1330 2122 1395 2198 eis.
1409 2121 1542 2198 Statim
1561 2152 1629 2227 pro
1645 2154 1726 2229 pro·

303 2255 409 2331 fessis
428 2253 686 2342 habebantur,
708 2282 785 2331 non
796 2255 935 2361 juravit
954 2253 1126 2330 ordinem
1142 2278 1220 2328 non
1240 2251 1351 2328 exire.
1367 2252 1610 2329 Clandestine
1629 2258 1723 2330 reci-

303 2384 515 2489 piebantur,
537 2413 606 2462 nec
628 2386 749 2461 credit
769 2387 873 2490 quod
889 2385 1075 2461 haberent
1092 2382 1205 2491 ydola
1220 2381 1278 2460 vel
1298 2383 1514 2471 adorarent,
1538 2413 1607 2461 nec
1621 2386 1726 2490 quod

304 2515 459 2592 cordule
480 2543 566 2593 cum
592 2514 732 2620 quibus
756 2516 1013 2622 cingebantur,
1037 2542 1130 2620 quas
1150 2512 1390 2590 assumebant
1410 2514 1512 2590 unde
1531 2514 1722 2607 volebant,

303 2663 502 2751 tangerent
539 2647 658 2750 capita
689 2648 902 2753 ydolorum.
938 2644 1219 2750 Precipiebatur
1253 2645 1306 2720 eis
1342 2672 1411 2750 per
1452 2662 1724 2721 sacramentum

303 2775 406 2879 quod
423 2804 499 2852 non
513 2778 721 2853 revelarent
731 2795 872 2854 secreta
881 2775 1153 2882 capitulorum;
1168 2776 1198 2852 si
1215 2775 1456 2866 revelassent,
1476 2775 1727 2881 perdidissent

305 2905 487 2982 habitum.
516 2910 598 2984 Non
625 2907 697 2984 fuit
725 2908 796 2985 sibi
818 2908 1026 2985 inhibitum
1054 2908 1156 3012 quod
1183 2935 1260 2983 non
1281 2906 1461 2982 revelaret
1481 2907 1639 2983 modum
1659 2934 1723 2982 sue

303 3036 555 3140 recepcionis,
578 3066 648 3114 nec
669 3039 773 3144 quod
790 3067 867 3114 non
899 3039 1173 3114 confiterentur
1198 3037 1267 3113 nisi
1291 3036 1547 3112 sacerdotibus
1571 3037 1724 3114 ordinis.

304 3166 449 3241 Fratres
474 3168 633 3243 scientes
664 3198 808 3246 errores
832 3169 988 3245 luerunt
1014 3168 1262 3274 negligentes,
1280 3167 1367 3272 quia
1388 3194 1465 3245 non
1487 3187 1727 3244 correxerunt

305 3325 369 3371 eos
387 3326 457 3372 nec
472 3298 795 3376 denunciaverunt
815 3301 991 3376 Ecclesie.
1011 3298 1245 3376 Elemosinas
1266 3314 1303 3373 et
1323 3297 1614 3402 hospitalitatem
1634 3300 1722 3374 vidit

304 3428 569 3504 convenienter
588 3432 723 3506 servari
741 3448 778 3506 et
798 3432 879 3507 beri
905 3431 943 3506 in
970 3429 1148 3508 domibus
1168 3428 1320 3517 ordinis,
1332 3427 1372 3501 in
1389 3427 1527 3532 quibus
1547 3426 1618 3503 luit
1638 3458 1726 3504 con-

302 3574 483 3649 versatus,
499 3588 567 3636 nec
581 3560 723 3638 audivit
736 3562 877 3667 precipi
891 3563 997 3666 quod
1012 3587 1080 3665 per
1094 3558 1197 3634 nefas
1212 3557 1460 3661 acquirerent.
1477 3558 1607 3633 Credit
1623 3561 1725 3661 quod

303 3703 405 3761 totus
421 3685 514 3763 ordo
533 3707 713 3765 servasset
728 3692 830 3793 quod
848 3718 1006 3797 magnus
1020 3688 1195 3793 Magister
1213 3715 1300 3763 cum
1315 3704 1501 3763 conventu
1519 3688 1723 3799 statuisset,

305 3832 341 3891 et
357 3816 460 3920 quod
481 3845 584 3892 nunc
603 3818 756 3923 grandia
779 3818 966 3910 scandala,
993 3817 1155 3923 suspicio
1177 3835 1215 3893 et
1233 3817 1385 3893 infamia
1405 3818 1481 3894 sint
1498 3835 1621 3894 exorta
1641 3848 1728 3894 con-

304 3964 358 4021 tra
377 3945 564 4035 ordinem,
583 3964 621 4024 et
639 3950 745 4054 quod
759 3950 889 4027 illicita
904 3949 1109 4026 consessata
1122 3977 1190 4053 per
1206 3977 1294 4023 eum
1309 3966 1432 4025 essent
1447 3964 1534 4025 nota
1551 3948 1727 4025 fratribus

305 4075 464 4165 ordinis,
488 4095 618 4154 contra
638 4108 754 4184 quem
774 4110 932 4187 magnus
958 4080 1135 4188 Magister
1155 4098 1192 4156 et
1211 4079 1271 4155 alii
1296 4078 1475 4155 dicuntur
1494 4079 1640 4187 aliquos
1667 4107 1725 4155 er-

304 4235 426 4293 rores,
444 4211 561 4285 nescit
575 4240 686 4316 quos,
702 4210 816 4290 luisse
831 4212 1002 4289 confessi.
1019 4214 1100 4290 Non
1116 4210 1256 4289 obtulit
1270 4239 1309 4287 se
1326 4211 1548 4288 deffensioni
1564 4212 1722 4300 ordinis,

306 4354 343 4412 et
369 4337 440 4414 luit
463 4357 693 4444 protestatus
717 4344 821 4447 quod
848 4371 925 4420 nou
956 4343 1120 4420 intendit
1146 4342 1323 4418 recedere
1346 4371 1366 4416 a
1392 4342 1631 4448 deposicione
1658 4371 1726 4447 per

305 4497 392 4544 eum
422 4470 514 4546 lacta
539 4500 663 4548 coram
685 4474 786 4549 dicto
804 4475 959 4552 domino
979 4474 1259 4579 archiepiscopo
1285 4475 1473 4550 Remensi.
1501 4476 1611 4564 ltem,
1633 4475 1725 4550 dixit

305 4599 429 4702 quod,
448 4599 542 4676 infra
559 4630 728 4679 mensem
745 4632 764 4678 a
779 4607 997 4709 recepcione
1018 4634 1101 4694 sua,
1122 4604 1194 4681 suit
1210 4605 1258 4680 de
1279 4604 1457 4709 predictis
1478 4604 1616 4681 illicitis
1635 4633 1723 4682 con-

305 4728 423 4805 fessus
445 4730 549 4807 fratri
568 4736 773 4814 Laurencio
795 4736 1052 4843 d'Oysimonte
1074 4737 1121 4814 de
1140 4737 1273 4813 ordine
1289 4735 1445 4814 fratrum
1462 4737 1670 4825 Minorem,
1685 4739 1722 4812 in

305 4859 421 4936 domo
447 4864 670 4941 eorumdem
695 4865 851 4943 fratrum
877 4867 1069 4946 Minoruru
1090 4868 1137 4944 de
1164 4867 1318 4944 Abbatis
1337 4867 1452 4958 Villa,
1477 4869 1542 4974 qui
1567 4868 1724 4944 absolvit
1749 4918 1753 4926 ·
