4080 6052
312 541 385 612 sso
699 516 895 610 rnocns
920 536 1015 609 oss
1040 535 1343 608 TEMPLIERS.

311 710 398 758 eum
430 665 629 756 dimittere
658 677 849 783 propriam
882 675 1113 754 voiuntatem
1145 693 1300 782 propter
1328 651 1513 769 alienans
1535 690 1591 761 α
1621 672 1742 750 muln

312 812 405 888 dure
434 827 473 887 et
498 837 626 916 aspera
653 807 859 896 sustinere;
885 825 923 885 et
952 835 1041 884 cum
1063 805 1318 913 respondisset
1342 805 1451 911 quod
1475 805 1581 887 hane
1613 805 1740 882 omnia

310 941 529 1027 sustineret,
549 939 746 1045 pecierunt
760 939 807 1016 ab
823 965 869 1015 eo
888 937 918 1014 si
937 935 1101 1015 habebat
1116 936 1375 1013 infirmitatem
1389 936 1593 1026 latentem,
1609 936 1640 1012 si
1656 954 1737 1012 erat

312 1070 454 1146 servilis
486 1069 735 1160 condicionis,
766 1067 1027 1158 matrimonio,
1054 1066 1234 1175 religioni·
1255 1065 1361 1143 alteri
1383 1066 1441 1143 vel
1470 1066 1609 1167 debitis
1635 1063 1736 1143 obii-

311 1219 428 1306 gatus.
449 1201 537 1292 Quo
553 1199 807 1303 respondente
824 1198 929 1304 quod
949 1225 1045 1285 non,
1063 1197 1239 1275 dixerunt
1258 1197 1363 1303 quod
1382 1214 1534 1305 rogaret
1549 1196 1673 1274 Deum
1691 1214 1736 1273 ut

312 1331 491 1438 dirigeret
517 1358 624 1417 eum,
651 1348 689 1407 et
713 1330 949 1407 intraverunt
975 1327 1113 1407 dictam
1140 1327 1321 1435 capellam
1344 1328 1394 1405 ad
1413 1345 1670 1434 receptorem,
1703 1345 1739 1404 et

312 1461 559 1566 postmodum
579 1460 777 1537 redierunt
799 1459 992 1565 adipsum
1016 1474 1171 1547 testem,
1191 1459 1256 1564 qui
1278 1475 1512 1535 remanserat
1536 1476 1661 1546 extra,
1682 1459 1738 1535 in·

312 1609 502 1669 struentes
520 1619 606 1669 enm
627 1606 688 1680 ut,
715 1590 746 1667 si
766 1588 917 1667 volebat
935 1617 1016 1666 esse
1035 1588 1084 1666 de
1107 1589 1243 1666 ordine
1263 1570 1396 1667 eorum
1418 1605 1456 1665 et
1476 1589 1735 1693 perseverabat

313 1721 351 1797 in
363 1723 494 1799 eadem
506 1721 716 1813 voluntate,
732 1720 891 1799 intraret
910 1719 1047 1798 dictam
1065 1718 1247 1825 capeliam
1257 1737 1296 1797 et
1309 1735 1459 1825 peteret
1473 1747 1496 1794 a
1518 1719 1614 1795 dicto
1631 1747 1734 1796 rece-

313 1870 438 1957 ptore,
456 1852 561 1931 flexis
575 1850 755 1959 genibus,
775 1874 912 1957 panem
926 1867 965 1926 et
984 1862 1119 1956 aquam
1140 1849 1295 1928 ordinis.
1309 1850 1457 1927 Etcum
1477 1847 1553 1926 hoc
1572 1848 1726 1938 fecisset,

312 2002 348 2060 et
365 1985 487 2061 dictus
502 1999 675 2088 receptor
688 1981 947 2088 respondisset
961 1981 1066 2090 quod
1077 1983 1265 2089 grandem
1285 2008 1367 2058 rem
1383 1981 1558 2088 petebat,
1576 1999 1616 2058 et
1634 1982 1736 2088 quod

311 2114 409 2193 bene
423 2114 659 2202 deliberaret,
671 2113 847 2205 finaliter,
857 2112 1015 2220 prestito
1025 2143 1095 2221 per
1102 2114 1360 2220 jurameutum
1373 2111 1422 2190 ab
1432 2113 1516 2218 ipso
1527 2130 1626 2191 teste
1637 2113 1736 2220 quod

311 2245 350 2320 in
369 2272 413 2322 eo
430 2273 507 2324 non
522 2262 629 2321 erant
643 2245 811 2350 predicta
823 2243 1111 2351 impedimenta,
1128 2244 1218 2321 fecit
1233 2272 1320 2320 eum
1333 2271 1467 2320 vovere
1481 2261 1522 2320 et
1532 2244 1665 2351 jurare
1680 2273 1737 2320 su·

309 2403 375 2480 pra
394 2377 598 2482 quemdem
625 2375 767 2455 librum
787 2378 892 2482 quod
917 2393 1015 2470 esset
1040 2375 1225 2454 obediens
1252 2375 1432 2455 omnibus
1451 2374 1735 2481 preceptoribus

309 2506 376 2611 qui
395 2522 699 2611 proponerentur
714 2506 856 2595 eidem,
879 2522 918 2582 et
935 2507 1041 2612 quod
1061 2522 1222 2584 servaret
1249 2511 1472 2596 castitatem,
1496 2522 1536 2583 et
1559 2506 1669 2611 quod
1684 2506 1736 2582 vi·

309 2653 411 2713 veret
429 2636 511 2713 sine
528 2636 698 2742 proprio,
720 2654 759 2713 et
778 2636 884 2743 quod
906 2664 983 2713 non
1004 2654 1102 2715 esset
1123 2636 1163 2712 in
1181 2636 1266 2715 looo
1286 2635 1418 2742 inquo
1439 2636 1553 2714 fieret
1566 2635 1735 2742 prodicio

309 2767 368 2843 vel
384 2767 527 2845 sedicio
547 2767 698 2874 populi,
721 2766 780 2845 vel
805 2766 944 2873 aliquis
971 2763 1263 2845 exhederaretur
1289 2767 1445 2874 injuste,
1467 2785 1508 2844 et
1538 2767 1639 2874 quod
1662 2796 1731 2873 pro

309 2924 416 2998 posse
434 2926 505 2976 suo
520 2899 666 3006 juvaret
685 2898 733 2979 ad
750 2897 1024 3004 acquirendum
1039 2898 1195 2975 Terram
1215 2910 1397 2988 sanctam,
1415 2926 1493 3002 que
1511 2913 1586 2975 erat
1599 2896 1731 2975 amissa

310 3043 463 3129 propter
477 3045 625 3133 peccata
639 3045 778 3107 nostra.
800 3028 1051 3107 Postmodum
1070 3026 1252 3132 imposuit
1270 3027 1342 3106 sibi
1363 3027 1609 3120 mantellum,
1631 3028 1730 3107 dicto

311 3154 528 3261 presbytero
548 3157 696 3236 dicente
725 3158 908 3264 quasdam
926 3157 1120 3236 oraciones
1144 3176 1182 3235 et
1202 3187 1338 3264 aquam
1357 3159 1601 3237 benedictam
1625 3188 1732 3265 supra

310 3313 397 3360 eum
414 3304 650 3394 aspergente3
670 3306 707 3362 et
727 3304 897 3392 receptor
911 3306 949 3363 et
972 3288 1034 3365 alii
1059 3287 1189 3366 fratres
1209 3306 1370 3366 astantes
1390 3288 1546 3368 bierunt
1565 3317 1655 3366 eum
1674 3320 1732 3368 os·

310 3416 421 3491 culati
449 3418 489 3492 in
514 3446 591 3495 ore.
614 3419 761 3503 Deinde
786 3419 961 3507 instruxit
983 3447 1070 3494 eum
1099 3437 1194 3526 quot
1218 3420 1330 3498 Pater
1356 3437 1471 3500 noster
1490 3420 1631 3497 diceret
1658 3451 1728 3525 pro

307 3545 426 3633 horis,
451 3567 487 3623 et
512 3549 732 3655 qualiterse
759 3566 905 3655 regeret
933 3550 971 3624 in
992 3550 1137 3627 ordine.
1165 3551 1412 3628 Postmodum
1435 3550 1504 3627 fuit
1524 3549 1659 3627 ductus
1677 3552 1725 3626 ad

309 3678 576 3757 dormitorium
593 3681 642 3758 ad
652 3681 895 3763 induendum
910 3697 1029 3757 vestes
1043 3680 1198 3757 ordinis.
1218 3681 1369 3773 Quibus
1385 3681 1596 3787 assumptis,
1614 3682 1727 3785 panio

307 3829 391 3914 post
408 3810 600 3914 predictus
617 3810 731 3889 irater
751 3810 838 3890 Odo
855 3812 961 3888 duxit
982 3841 1070 3891 eum
1091 3813 1138 3888 ad
1160 3813 1364 3917 quemdam
1386 3812 1590 3918 pratellum
1615 3842 1728 3919 prope

307 3941 518 4032 ecclesiam,
546 3959 584 4018 et
605 3942 809 4020 ostendens
830 3943 863 4017 ei
881 3943 1084 4049 quamdam
1106 3972 1256 4020 crucem
1276 3945 1439 4052 ligneam
1466 3945 1506 4019 in
1533 3973 1609 4050 qua
1629 3944 1727 4021 uuila

307 4089 385 4147 erat
409 4103 558 4180 ymag0,
592 4075 734 4151 interea
765 4076 883 4150 nescit
906 4103 975 4179 per
999 4071 1117 4181 'quern
1149 4075 1326 4179 positam,
1359 4076 1529 4181 precepit
1562 4077 1596 4151 ei
1630 4076 1727 4182 quod

306 4223 457 4306 spueret
476 4234 588 4310 supra
607 4234 706 4295 eam,
729 4224 767 4282 et
784 4205 866 4310 ipso
887 4223 981 4284 teste
1001 4206 1256 4311 respondente
1274 4206 1378 4313 quod
1394 4206 1468 4283 hoc
1484 4207 1596 4283 nullo
1617 4208 1727 4285 modo

209 4430 213 4435 ‚
305 4331 457 4425 faceret,
481 4339 566 4444 quia
582 4339 742 4415 hocnon
759 4355 855 4414 esset
869 4337 1013 4432 bonum
1029 4366 1098 4414 nec
1119 4337 1272 4426 decens,
1296 4338 1420 4416 dictus
1434 4338 1522 4417 Odo
1537 4339 1727 4445 respondit

305 4467 408 4566 quod
425 4467 496 4544 boc
514 4468 713 4574 oportebat
729 4496 817 4544 eum
831 4468 969 4560 facere,
988 4485 1026 4546 et
1040 4487 1131 4547 tunc
1147 4469 1269 4547 dictus
1287 4469 1393 4548 testis
1406 4469 1511 4574 spuit
1525 4498 1606 4546 non
1622 4499 1726 4575 supra

304 4594 370 4668 sed
382 4594 488 4698 juxta
509 4627 604 4674 eam.
626 4599 774 4677 Deinde
796 4599 889 4677 dixit
909 4601 943 4676 ei
964 4601 1069 4706 quod
1091 4599 1292 4709 abnegaret
1311 4575 1456 4687 Deum3
1478 4617 1520 4676 et
1544 4603 1725 4707 cumipse

302 4723 405 4797 testis
430 4728 683 4830 respondisset
699 4733 803 4837 quod
827 4734 898 4809 hoc
919 4731 1025 4811 nullo
1052 4733 1167 4811 modo
1191 4730 1345 4817 faceret,
1376 4730 1500 4809 dictus
1529 4731 1620 4810 Odo
1641 4732 1725 4809 dixit

192 4864 196 4871 ’
302 4852 336 4927 ei
357 4855 460 4959 quod
490 4856 562 4932 hoc
583 4861 779 4960 oportebat
807 4892 893 4938 enm
923 4862 1059 4953 iacere,
1084 4880 1120 4939 et
1147 4880 1237 4940 tunc
1269 4862 1466 4969 abnegavit
1494 4892 1563 4939 ore
1591 4881 1630 4941 et
1653 4890 1722 4940 uon
