4080 6052
692 542 1004 634 procusum
1031 558 1337 632 rsurmsns.
1655 572 1720 639 171

308 707 391 813 pler
408 731 484 811 que
502 703 577 780 s’ils
596 700 655 778 dis
682 699 801 779 freres
819 698 916 776 losse
935 697 1007 774 tels
1026 725 1101 803 que
1121 724 1184 774 om
1204 698 1263 774 lor
1281 715 1360 774 met
1378 701 1506 791 desus,
1533 702 1638 779 loran
1659 707 1724 783 de-

308 836 417 912 livres
434 861 502 940 per
521 834 618 910 celas
634 831 769 939 guissa.
786 870 788 875 π
807 886 810 892 ,

362 1003 373 1031 ι
390 968 496 1057 Item,
515 991 720 1070 propossan
735 961 761 1036 li
778 960 835 1037 dit
847 960 964 1036 freres
979 986 1053 1065 que
1068 958 1103 1034 la
1116 958 1218 1065 glesa
1235 958 1313 1035 lors
1326 987 1366 1036 es
1382 960 1566 1036 entredita
1580 990 1601 1036 a
1616 983 1723 1067 grant

305 1112 396 1181 tort,
410 1122 480 1202 per
497 1123 570 1201 que
591 1120 751 1200 requero
769 1092 1007 1169 humelment
1024 1118 1044 1166 e
1064 1091 1196 1167 devota
1214 1117 1235 1164 a
1251 1118 1316 1166 vos
1331 1107 1455 1167 autres
1472 1093 1628 1170 senhors
1645 1110 1683 1168 et
1703 1123 1722 1168 a

307 1243 434 1303 nostre
460 1253 596 1333 segnor
615 1225 650 1301 le
679 1226 795 1328 Pape,
824 1250 898 1328 que
919 1221 953 1297 la
975 1221 1113 1297 derant
1130 1220 1207 1296 dita
1231 1220 1346 1325 gleisa
1372 1248 1431 1295 am
1451 1248 1508 1296 sas
1534 1222 1723 1300 drecturas

307 1356 365 1432 lor
384 1357 455 1432 sias
474 1356 640 1444 reduda,
660 1379 805 1430 comme
826 1351 964 1427 afizels
984 1350 1171 1428 Crestians
1190 1351 1321 1427 Nostre
1342 1351 1519 1427 Senchor.

364 1523 376 1552 ι
391 1488 497 1577 ltem,
514 1511 672 1591 requere
688 1483 716 1559 li
730 1483 786 1561 dit
801 1481 900 1558 frere
916 1511 936 1558 a
954 1509 1022 1558 vos
1038 1497 1162 1557 autres
1177 1479 1334 1557 senhors
1348 1477 1501 1555 licencia
1517 1499 1555 1558 et
1571 1501 1724 1586 oportu-

307 1616 400 1691 nitat
417 1616 464 1691 de
483 1615 589 1691 venir
603 1631 757 1690 avostre
772 1612 906 1689 concili
922 1612 960 1688 le
979 1612 1053 1689 cals
1068 1610 1179 1688 deses
1192 1609 1303 1698 tenir,
1320 1638 1391 1715 por
1403 1609 1540 1716 allegat
1553 1611 1612 1688 lor
1628 1615 1726 1689 dreit

305 1773 353 1821 sn
367 1746 442 1853 aysi
459 1774 563 1852 quon
585 1744 721 1822 devran
741 1745 781 1821 ni
800 1772 883 1820 raro
903 1770 1121 1849 requam.»

359 1876 509 1968 Quibus
529 1874 674 1951 cedulis
694 1875 800 1952 lectis
813 1891 852 1951 et
870 1900 938 1980 per
958 1875 1076 1950 dictos
1094 1873 1269 1950 dominos
1283 1873 1556 1949 commissarios
1575 1874 1723 1960 auditis,

306 2006 354 2079 ad
373 2005 497 2110 aliqua
521 2033 598 2109 que
619 2006 688 2109 ipsi
710 2005 806 2107 (trun
828 2022 928 2081 extra
954 2004 1107 2081 cedulas
1126 2033 1240 2109 quam
1261 2003 1299 2079 in
1325 2002 1469 2080 cedulis
1487 2031 1555 2080 seu
1575 2004 1724 2107 rotulis)

307 2134 478 2210 dixerant
491 2134 581 2210 dicti
596 2134 727 2211 fratres
743 2163 868 2211 coram
886 2136 956 2222 eis,
975 2135 1254 2240 responderimt
1271 2134 1343 2239 ipsi
1358 2134 1502 2210 domini
1518 2135 1725 2211 commissa·

307 2263 351 2336 rii
372 2263 477 2369 quod
494 2263 564 2367 ipsi
585 2292 649 2339 eos
669 2266 748 2368 capi
769 2292 846 2339 non
861 2262 1026 2340 fecerant
1045 2291 1115 2338 nec
1133 2263 1232 2339 bona
1252 2292 1404 2354 eorum,
1421 2280 1459 2338 et
1476 2264 1579 2368 quod
1595 2265 1665 2368 ipsi
1686 2265 1724 2338 in

306 2394 471 2498 prisione
502 2394 646 2470 domini
676 2395 773 2498 Pape
804 2410 841 2468 et
864 2392 964 2468 bona
994 2391 1137 2467 ordinis
1166 2392 1204 2465 in
1225 2421 1340 2466 manu
1359 2392 1477 2495 ipsius
1502 2409 1539 2467 et
1561 2393 1724 2467 Ecclesia

307 2524 527 2612 existebant3
554 2524 655 2600 unde
681 2552 758 2600 non
777 2540 967 2628 potterant
984 2523 1144 2599 liberare
1165 2550 1299 2599 eorum
1326 2549 1520 2627 personas,
1543 2551 1612 2598 nec
1627 2524 1726 2599 bona

307 2654 471 2756 predicta
491 2653 546 2729 eis
558 2653 773 2738 restituere,
794 2680 864 2729 nec
880 2652 1079 2729 debebant.

357 2785 467 2872 ltem,
484 2785 574 2890 quia
594 2783 769 2860 dicebant
788 2811 827 2859 se
845 2811 924 2860 non
939 2810 1018 2859 esse
1033 2781 1261 2868 diffamatos,
1276 2784 1554 2888 responderunt
1570 2783 1623 2858 eis
1641 2811 1726 2887 pre·

305 2912 367 2988 sati
385 2914 528 2989 domini
551 2915 793 2990 commissarii
815 2913 919 3020 quod
934 2913 1038 2990 inmo
1059 2939 1192 3018 magna
1212 2911 1364 2987 infamia
1381 2929 1508 2988 contra
1528 2940 1591 2988 eos
1605 2912 1727 2988 suerat

305 3060 343 3118 et
362 3060 457 3136 erat,
470 3061 515 3121 ut
535 3061 688 3148 apparet
705 3073 774 3149 per
792 3044 937 3121 bullam
959 3044 1103 3119 domini
1119 3043 1236 3120 nostri
1252 3044 1366 3148 Pape,
1385 3059 1421 3119 et
1440 3045 1544 3148 quod
1566 3042 1612 3119 de
1633 3043 1724 3119 inla-

306 3173 380 3249 mia
399 3175 617 3280 priusquam
631 3175 678 3251 de
694 3174 775 3252 aliis
791 3174 955 3251 articulis
966 3174 1157 3280 inquirere
1170 3173 1379 3261 debebant,
1395 3173 1604 3250 secundum
1617 3191 1725 3250 teno-

306 3332 385 3379 rem
407 3303 529 3381 littere
551 3301 769 3410 apostolice,
793 3307 846 3383 eis
866 3306 989 3382 misse.

360 3436 470 3525 Item,
489 3435 536 3511 ad
555 3437 627 3512 hoc
647 3436 752 3541 quod
768 3435 941 3512 dicebant
956 3435 1061 3542 quod
1077 3436 1256 3511 ordinarii
1276 3436 1333 3511 vel
1354 3435 1595 3541 inquisitores
1613 3461 1724 3538 geno-

304 3564 399 3640 rales
421 3565 586 3642 heretice
611 3566 799 3670 pravitatis
816 3580 911 3642 'non'
927 3581 1133 3670 potuerunt
1159 3565 1350 3671 inquirere
1375 3581 1501 3641 contra
1526 3591 1606 3650 eoS,
1636 3592 1722 3667 pro-

304 3712 387 3798 pter
405 3696 596 3802 priuilegia
619 3697 740 3773 ordini
761 3725 831 3774 suo
854 3724 1043 3782 concessa,
1061 3712 1099 3772 et
1113 3695 1199 3773 ideo
1216 3695 1466 3773 confessiones
1484 3695 1577 3771 facte
1598 3722 1722 3769 coram

305 3825 359 3898 eis
378 3850 456 3898 non
473 3822 647 3900 valebant
665 3854 734 3901 nec
762 3826 951 3904 debebant
974 3828 1013 3903 in
1033 3826 1161 3932 aliquo
1180 3826 1431 3932 prejudicare,
1448 3824 1724 3931 responderunt

306 3952 395 4026 dicti
431 3951 575 4027 domini
608 3955 849 4031 commissarii
884 3957 989 4061 quod
1021 3956 1059 4031 iu
1084 3956 1172 4062 jure
1202 3955 1432 4032 contrarium
1465 3971 1520 4031 est
1553 3969 1721 4042 cautum,

305 4097 489 4187 quantum
510 4080 558 4156 ad
577 4081 732 4157 crimina
751 4111 825 4188 que
845 4085 1009 4161 heresim
1029 4084 1239 4189 sapiebant,
1257 4100 1296 4160 et
1308 4084 1501 4190 potissime
1520 4082 1653 4188 prelati
1669 4083 1724 4158 in·

305 4213 522 4318 quisitores‚
543 4212 762 4289 auctoritate
792 4214 991 4319 apostolica
1016 4231 1053 4291 et
1075 4213 1263 4291 ordinaria
1289 4215 1505 4290 auctoritate
1527 4213 1624 4320 juris
1652 4215 1724 4290 hoc

306 4342 562 4448 approbantis,
586 4363 843 4449 processerant
866 4363 903 4422 et
926 4346 1130 4452 procedere
1154 4362 1376 4452 potuerunt,
1402 4346 1489 4422 licet
1516 4343 1562 4420 de
1590 4371 1723 4420 eorum

308 4475 540 4578 processibus
560 4503 637 4552 non
652 4494 782 4582 agatur
797 4477 845 4553 ad
863 4504 1029 4584 presens.

363 4605 474 4694 ltem,
500 4605 547 4680 ad
568 4604 608 4681 id
627 4609 731 4711 quod
757 4607 931 4685 dicebant
951 4608 998 4684 de
1019 4606 1152 4715 majori
1181 4607 1356 4713 Magistro
1382 4606 1526 4683 ordinis
1544 4605 1720 4710 predicti,

308 4733 583 4841 responderunt
603 4737 707 4843 quod
719 4738 822 4815 idem
842 4740 1017 4846 Magister
1030 4755 1179 4816 vocatus
1197 4765 1267 4844 per
1281 4766 1345 4815 eos
1359 4738 1502 4844 pluries
1514 4754 1552 4814 et
1565 4736 1724 4843 requisi-

310 4881 368 4944 tus
383 4895 429 4942 an
448 4866 561 4944 vellet
581 4868 783 4946 defendere
805 4872 949 4948 dictum
964 4869 1153 4960 ordinem,
1173 4869 1203 4946 si
1216 4869 1354 4948 vellent
1373 4870 1497 4976 ipsum
1512 4868 1721 4955 admittere,

1569 5025 1617 5064 Ὦ.
