4080 6052
520 566 567 640 54
904 538 1102 629 PROCES
1127 552 1220 626 DES
1246 550 1546 641 Tuurtlstts

512 705 675 793 diaconi,
699 697 1042 804 adinquirendum
1068 713 1197 774 contra
1213 690 1521 797 'Templariorum
1548 689 1723 781 ordinem
1751 697 1791 772 in
1818 727 1937 808 regno

511 840 540 912 F
542 833 666 913 cancie
694 858 763 936 per
785 831 916 907 sedem
939 826 1196 933 apostolicam,
1219 850 1406 898 unacum
1435 821 1638 899 venerabili
1660 823 1740 902 viro
1758 832 1938 937 magistro

511 963 719 1043 Guillelmo
742 960 878 1065 Agarni
909 957 1074 1063 Aqueusi
1101 953 1316 1062 preposito,
1333 952 1516 1059 legittime
1547 971 1738 1046 excusato,
1762 986 1850 1035 cum
1874 962 1939 1039 illa

513 1093 695 1179 clausula,
709 1090 825 1184 Quod
839 1091 869 1165 si
884 1116 961 1165 non
975 1114 1118 1175 omnes,
1133 1103 1202 1161 etc.
1219 1083 1401 1188 deputati,
1415 1100 1609 1160 vocassent
1620 1101 1659 1160 et
1670 1085 1845 1166 citassent
1854 1119 1940 1196 per.

516 1221 725 1328 liemptorie
747 1217 964 1294 auctoritate
986 1218 1040 1292 eis
1054 1214 1191 1292 tradite
1209 1212 1417 1319 potestatis,
1441 1239 1541 1289 anno
1560 1213 1716 1290 Domini
1736 1217 1938 1297 millesimo

515 1350 777 1430 trecentesimo
795 1374 915 1436 nono,
932 1346 1144 1423 viccessima
1157 1360 1283 1420 octava
1300 1341 1363 1418 die
1377 1342 1520 1418 mensis
1531 1342 1766 1435 Novembris,
1785 1374 1854 1452 per
1868 1379 1938 1455 pu.

512 1481 657 1556 blicum
688 1477 876 1556 citacionis
904 1503 1037 1553 eorum
1068 1474 1251 1564 edictum,
1281 1470 1470 1577 prelatum
1502 1470 1676 1549 ordinem
1705 1475 1939 1582 Templario-

514 1636 617 1694 rum,
634 1608 765 1684 fratres
785 1605 873 1682 dicti
893 1602 1055 1695 ordinis,
1073 1621 1112 1679 et
1123 1629 1256 1679 omnes
1275 1600 1483 1678 evocandos
1500 1628 1667 1706 quorum
1682 1603 1839 1684 interest
1856 1637 1939 1686 ero

515 1738 604 1827 cari,
633 1736 738 1841 quod
767 1735 888 1839 prima
911 1732 974 1810 die
999 1760 1077 1809 non
1095 1731 1225 1807 feriata
1250 1746 1338 1835 post
1366 1728 1505 1804 festum
1531 1727 1804 1811 Purificationis
1829 1735 1937 1814 beate

515 1865 631 1942 Maris
641 1864 804 1969 Virginis
813 1881 906 1940 tunc
920 1890 1098 1967 sequens,
1113 1876 1373 1964 comparerent
1385 1856 1615 1937 sufficienter
1625 1861 1788 1941 Parisios
1800 1866 1839 1941 iu
1854 1867 1939 1944 aula

516 1993 731 2099 episcopali,
744 1992 984 2096 horaprime,
996 2016 1120 2065 coram
1132 1989 1204 2079 eis,
1219 2004 1264 2064 ut
1277 1989 1639 2094 supercontentisin
1651 1990 1783 2069 litteris
1790 2013 1940 2098 aposto·

516 2122 612 2212 licis,
635 2120 778 2198 eisdem
798 2119 962 2196 dominis
980 2117 1243 2194 commissariis
1262 2115 1430 2208 directis,
1450 2118 1713 2223 procederent,
1733 2138 1778 2197 nt
1790 2123 1937 2228 justum

515 2268 627 2341 esset,
661 2251 910 2353 citassentque
934 2275 1068 2326 omnes
1092 2261 1130 2324 et
1153 2245 1320 2352 singulos
1344 2247 1503 2325 scientes
1526 2248 1717 2326 verimtem
1742 2248 1789 2328 de
1813 2254 1938 2331 crimi-

514 2379 633 2464 nibus,
650 2378 774 2455 eidem
794 2377 919 2454 ordini
938 2376 1139 2482 impositis,
1157 2393 1201 2452 ut
1220 2376 1364 2452 eisdem
1384 2375 1462 2464 die,
1481 2376 1575 2453 bora
1594 2395 1633 2454 et
1646 2378 1733 2456 loco
1748 2407 1940 2486 compare·

514 2525 598 2584 rent
617 2535 742 2585 coram
763 2507 833 2595 eis,
851 2506 1076 2612 perhibituri
1097 2532 1209 2610 supra
1228 2503 1406 2609 predictis
1423 2506 1682 2582 testimonium
1701 2508 1859 2599 veritati,
1881 2541 1940 2587 re-

513 2637 750 2741 quisivissent
790 2636 943 2739 insuper
981 2653 1020 2710 et
1055 2634 1294 2711 mandassent
1329 2634 1503 2711 dissice·
1525 2634 1711 2737 predictas
1741 2636 1939 2718 citaciones

515 2763 664 2868 publice
692 2779 730 2838 et
756 2763 999 2866 solempniter
1022 2790 1091 2867 per
1112 2791 1243 2839 omnes
1267 2761 1583 2867 archiepiscopos,
1608 2765 1804 2870 episcopos
1835 2773 1938 2876 regui

515 2891 688 2980 Francis,
705 2890 859 2966 vicarios
875 2920 940 2968 seu
958 2890 1134 2968 officiales
1157 2891 1395 2982 eorumdem,
1417 2892 1569 2968 eumad
1589 2920 1653 2970 eos
1667 2897 1936 2999 pervenissent,

515 3017 597 3092 sieri
624 3017 714 3123 legi,
745 3019 889 3094 recitari
915 3050 956 3097 ac
973 3020 1154 3125 publicari
1181 3022 1281 3098 clero
1305 3037 1343 3097 ct
1364 3021 1508 3127 populo
1530 3023 1570 3100 in
1599 3025 1874 3105 cathedralibus
1903 3048 1939 3105 et

500 3147 658 3251 magnis
677 3145 879 3253 collegiatis
901 3148 1073 3240 ecclesiis,
1098 3169 1136 3227 et
1155 3151 1266 3227 scolis
1284 3148 1351 3226 ubi
1369 3167 1426 3228 est
1442 3152 1614 3230 studium
1634 3157 1822 3261 generale,
1844 3177 1883 3235 et
1902 3159 1937 3233 in

515 3275 627 3351 curiis
641 3275 856 3354 officialium
871 3307 1027 3357 suorum
1038 3281 1227 3356 civitatum
1240 3294 1278 3356 et
1292 3279 1501 3358 diocesium
1515 3311 1680 3374 suarum,
1698 3303 1736 3360 et
1750 3288 1788 3361 in
1803 3289 1940 3391 princi-

418 3382 421 3387 ⁴
516 3404 664 3506 palibus
684 3405 860 3482 domibus
884 3409 1052 3514 ejusdem
1076 3409 1219 3484 ordinis
1242 3409 1281 3483 in
1301 3408 1411 3487 dictis
1433 3411 1513 3488 suis
1533 3413 1740 3489 civitatibus
1758 3431 1796 3488 et
1815 3416 1940 3492 dioco-

515 3531 620 3606 sibus
638 3534 862 3624 constitutis,
881 3565 921 3611 ac
937 3538 975 3612 in
992 3537 1083 3613 locis
1097 3539 1135 3612 in
1148 3536 1288 3642 quibus
1302 3537 1433 3615 fratres
1448 3538 1565 3644 ipsius
1580 3543 1720 3618 ordinis
1733 3543 1827 3646 capti
1843 3562 1941 3620 tene-

515 3660 653 3736 bantur
666 3662 702 3736 in
717 3663 780 3752 eis,
795 3682 832 3739 et
842 3665 945 3770 quod
957 3666 1045 3742 dicti
1061 3666 1340 3771 archiepiscopi,
1356 3668 1532 3774 episcopi,
1544 3670 1667 3744 vicarii
1685 3698 1750 3745 seu
1763 3669 1940 3750 officiales

516 3817 666 3879 eorum,
689 3792 719 3868 si
740 3794 803 3898 qui
821 3793 951 3871 fratres
968 3797 1056 3871 dicti
1073 3796 1217 3871 ordinis
1243 3794 1412 3873 dicerent
1432 3826 1471 3874 se
1489 3798 1583 3875 velle
1604 3798 1746 3875 dictum
1768 3802 1939 3878 ordinem

518 3919 749 4010 deffendere,
766 3950 830 3998 cos
845 3952 912 4027 per
927 3942 1056 4031 gentes
1072 3924 1190 4028 regias
1204 3941 1241 3999 et
1253 3928 1428 4003 custodes
1444 3954 1576 4005 eorum
1589 3929 1637 4004 ad
1650 3929 1750 4035 ipsos
1768 3930 1940 4009 dominos

516 4049 786 4127 commissarios
808 4053 904 4129 mitti
931 4053 1182 4159 requirerent,
1203 4081 1272 4157 per
1296 4056 1451 4132 eosdem
1471 4057 1645 4137 dominos
1670 4061 1941 4138 commissarios

516 4176 763 4256 certificarent
772 4183 819 4258 de
830 4183 903 4260 biis
913 4213 987 4292 que
997 4183 1161 4261 lacerent
1174 4184 1212 4259 in
1223 4184 1542 4291 predictis,prout
1554 4188 1794 4265 becetaliain
1806 4187 1940 4266 litteris

516 4305 737 4382 eorumdem
763 4312 1003 4391 dominorum
1025 4296 1385 4404 commissariorum,
1408 4316 1538 4421 sigillis
1561 4343 1693 4393 eornm
1719 4315 1941 4421 impenden-

480 4480 483 4486 -
513 4431 613 4509 tibus
633 4435 814 4541 sigillatis,
834 4470 945 4548 supra
961 4442 999 4516 in
1015 4471 1192 4546 processu
1206 4443 1428 4552 registratis,
1441 4471 1535 4549 quas
1548 4442 1702 4551 prelatis
1718 4445 1875 4537 eisdem,
1891 4452 1941 4524 vi-

514 4562 619 4637 variis
645 4581 682 4638 et
705 4565 925 4648 officialibus
945 4571 1171 4662 direxerant,
1193 4575 1342 4679 plenius
1362 4572 1612 4659 continentur.

459 4693 462 4699 ’
570 4690 739 4764 Tandem
760 4693 979 4776 adveniente
999 4701 1098 4805 dicto
1118 4704 1297 4792 termino,
1320 4703 1386 4811 qui
1404 4702 1478 4780 suit
1495 4704 1611 4781 tercia
1632 4704 1692 4781 die
1713 4709 1854 4784 mensis
1872 4711 1942 4783 Fe-

431 4929 434 4935 ,
515 4813 675 4905 bruarii,
703 4827 897 4900 memorati
926 4829 1069 4908 domini
1092 4832 1391 4941 archiepiscopus
1419 4833 1687 4925 Narbonensis,
1714 4837 1940 4930 baiocensis,
