4080 6052
673 531 871 624 procas
896 550 991 621 uss
1017 549 1315 623 rnurtrrns.
1627 546 1695 620 oar

287 687 467 765 lurabant
486 716 563 764 non
584 692 747 768 revelare
766 707 906 768 secreta
922 688 1172 795 capitulorum
1189 718 1258 765 nec
1279 689 1438 765 modum
1454 689 1698 792 recepcionis,

287 847 400 923 quem
420 818 680 928 intelligebant
700 821 772 898 sub
793 819 945 898 secretis
966 819 1228 925 capitulorum.
1254 821 1294 896 Si
1318 817 1562 901 revelassent,
1584 821 1701 895 credit

223 1031 232 1047 ⁴
286 948 389 1053 quod
404 948 656 1053 perdidissent
671 949 854 1026 habitum.
872 949 1160 1027 Concedebatur
1173 949 1226 1025 eis
1240 949 1345 1055 quod
1361 963 1512 1052 possent
1525 946 1701 1024 fratribus

285 1078 602 1171 predicatoribus,
628 1080 840 1161 Minoribus
863 1099 900 1156 et
920 1080 968 1156 de
991 1079 1095 1157 Valle
1121 1080 1328 1155 Scolarium
1352 1078 1539 1168 confiteri,
1556 1096 1593 1154 ct
1621 1079 1699 1183 ipse

285 1210 406 1297 testis,
431 1208 524 1284 iufra
544 1211 760 1314 quindecim
782 1211 903 1287 dies'a
922 1210 1141 1315 rocepcione
1162 1238 1247 1298 sua,
1268 1209 1339 1282 fuit
1358 1207 1405 1282 de
1425 1207 1604 1312 predictis
1632 1208 1700 1283 illi-

285 1339 367 1414 citis
387 1337 576 1415 consessus
595 1340 744 1417 cuidam
766 1338 975 1447 presbitero
995 1338 1171 1429 seculari,
1197 1341 1302 1446 cujus
1328 1365 1467 1413 nomen
1498 1355 1535 1413 et
1561 1365 1699 1445 cogno·

285 1496 373 1543 men
387 1470 547 1576 ignorat,
566 1467 738 1545 familiari
755 1485 845 1547 tunc
860 1469 1005 1546 domini
1017 1469 1178 1574 episcopi
1193 1467 1407 1553 Trecensis‚
1424 1465 1699 1569 predecessoris

282 1597 390 1673 istius
405 1599 470 1703 qui
486 1625 586 1672 nuuc
603 1615 676 1686 est,
692 1599 757 1702 qui
774 1597 931 1674 absolvit
942 1624 1032 1675 eum
1050 1597 1090 1670 in
1104 1597 1265 1701 quadam
1284 1624 1430 1671 camera
1450 1594 1536 1670 dicti
1555 1596 1698 1672 domini

285 1728 463 1831 episcopi,
482 1727 618 1802 domus
631 1756 697 1804 sue
715 1728 761 1803 de
776 1727 870 1833 Ayse
888 1727 929 1803 in
944 1724 1050 1814 Oeta,
1067 1726 1243 1830 imposita
1256 1725 1466 1829 penitencia
1483 1724 1588 1828 quod
1599 1728 1701 1831 jeju·

285 1872 389 1931 naret
413 1856 523 1933 certis
546 1856 681 1930 diebus
697 1855 905 1932 Venerinis.
932 1854 1063 1931 Credit
1089 1854 1196 1960 quod
1220 1852 1351 1930 fratres
1373 1855 1533 1931 scientes
1554 1884 1699 1931 errores

284 1986 515 2093 negligentes
533 1984 703 2076 luerunt,
724 1986 810 2091 quia
830 2014 907 2063 non
933 2003 1172 2062 correxerunt
1194 2014 1259 2063 eos
1283 2013 1352 2062 nec
1377 1986 1698 2063 denunciaverunt

282 2116 462 2203 Ecclesie3
480 2132 516 2190 et
529 2115 669 2191 audivit
686 2116 758 2191 dici
774 2116 874 2222 quod
890 2144 1048 2221 magnus
1058 2116 1231 2223 Magister
1242 2116 1306 2221 qui
1320 2143 1420 2191 nunc
1434 2132 1504 2204 est,
1522 2116 1561 2189 in
1573 2117 1697 2219 primo

283 2274 353 2323 suo
368 2247 529 2322 adventu
544 2245 588 2319 ad
606 2263 728 2349 partes
746 2246 848 2332 istas,
867 2246 1034 2351 precepit
1052 2244 1155 2319 fratri
1174 2245 1334 2320 lohanni
1356 2245 1403 2319 de
1425 2247 1555 2320 Turno
1574 2275 1698 2349 quon·
1781 2313 1784 2320 f

228 2456 237 2467 ,
285 2377 391 2462 dam,
411 2392 501 2453 tunc
524 2376 756 2452 thesaurario
776 2375 926 2480 Templi
949 2374 1186 2461 Parisiensis‚
1213 2375 1316 2480 quod
1340 2373 1581 2479 restringeret
1606 2375 1698 2449 elle-

283 2507 467 2595 mosinas3
487 2509 553 2584 sed
573 2525 657 2612 post
671 2534 858 2583 recessum
879 2506 967 2593 dicti
988 2506 1153 2613 Magistri
1169 2533 1245 2581 non
1265 2503 1338 2579 fuit
1355 2520 1539 2579 servatum
1553 2503 1695 2580 dictum

283 2640 511 2742 preceptumss
543 2635 694 2712 Audivit
715 2636 831 2712 eciam
853 2636 926 2711 dici
948 2635 1052 2743 quod
1071 2634 1184 2711 frater
1205 2634 1292 2711 Ger.
1314 2634 1361 2709 de
1378 2632 1582 2710 Villaribus
1607 2652 1698 2710 tunc

283 2783 479 2873 preceptor
498 2767 649 2842 Francia
674 2767 912 2842 mandaverat
935 2794 996 2842 eas
1015 2765 1206 2872 restringi;
1233 2766 1311 2870 ipse
1332 2782 1458 2840 tamen
1479 2765 1585 2841 testis
1604 2765 1698 2841 vidit

282 2925 345 2976 eas
361 2913 398 2971 et
418 2894 708 2999 hospitalitatem
728 2897 992 2973 convenienter
1006 2895 1088 2970 lieri
1105 2912 1142 2970 et
1157 2896 1291 2971 servari
1307 2897 1344 2969 in
1362 2894 1539 2970 domibus
1553 2895 1697 2970 ordinis

284 3027 323 3101 in
354 3023 490 3129 quibus
517 3023 636 3100 extitit
664 3043 932 3115 commoratus,
962 3043 1000 3103 et
1029 3025 1196 3131 precepit
1220 3024 1381 3101 subditis
1410 3024 1486 3100 suis
1510 3026 1613 3129 quod
1637 3052 1697 3099 eas

283 3156 381 3231 bene
397 3152 561 3230 lacerent
575 3170 612 3230 et
629 3173 825 3233 servarent.
846 3157 968 3246 Clam,
981 3157 1107 3264 januis
1125 3155 1274 3242 clausis,
1297 3182 1428 3230 eorum
1449 3153 1624 3258 capitulia
1641 3171 1697 3230 te-

284 3286 480 3362 nebantur.
494 3285 608 3378 Quod
619 3314 777 3393 magnus
787 3286 961 3395 Magister
971 3315 1057 3364 curn
1071 3302 1254 3363 conventu
1265 3282 1474 3372 ordinabat,
1485 3283 1697 3358 servabatur

283 3417 321 3490 in
343 3416 491 3506 ordine,
516 3434 644 3492 contra
667 3445 782 3521 quem
802 3446 903 3494 nunc
921 3417 1074 3525 grandia
1098 3414 1286 3503 scandala,
1308 3411 1471 3516 suspicio
1491 3429 1528 3487 et
1547 3412 1697 3486 infamia

283 3564 369 3621 sunt
388 3561 525 3621 exorta.
542 3545 756 3622 Confessata
768 3576 837 3652 per
852 3577 939 3623 eum
955 3546 1074 3622 credit
1088 3545 1191 3648 qnod
1208 3558 1331 3618 esseut
1344 3558 1433 3617 nota
1452 3538 1628 3616 fratribus
1642 3564 1697 3616 or-

285 3675 400 3763 dinis,
417 3691 544 3750 contra
559 3704 673 3779 quem
694 3675 836 3751 audivit
858 3675 930 3749 dici
952 3701 1129 3778 magnum
1151 3672 1369 3777 Magistrum
1388 3686 1426 3746 et
1440 3670 1532 3746 alios
1552 3671 1696 3776 aliquos

285 3830 445 3891 errores,
466 3801 583 3878 nescit
602 3831 714 3907 quos,
735 3802 848 3878 fuisse
868 3802 1065 3880 confessos.
1085 3801 1143 3878 ad
1159 3801 1301 3877 ordinis
1322 3799 1594 3877 deffensionem
1610 3831 1695 3877 cum
1784 3856 1791 3870 .

284 3934 365 4009 aliis
387 3962 426 4009 se
448 3930 653 4022 obtulerat,
673 3933 793 4009 nescit
811 3961 946 4039 quare,
969 3933 1036 4010 sed
1055 3933 1142 4039 quia
1162 3931 1312 4007 videbat
1331 3930 1423 4005 alios
1442 3959 1480 4007 se
1496 3931 1543 4006 ad
1559 3931 1695 4007 dictam

285 4062 556 4140 deffensionem
576 4062 787 4140 offerentes.

339 4192 555 4299 Requisitus
569 4194 599 4269 si
615 4193 667 4269 sic
680 4193 904 4298 deposuerat
917 4222 1048 4301 prece,
1064 4210 1254 4300 precepto,
1271 4194 1420 4284 timore,
1438 4221 1576 4281 amore,
1594 4196 1695 4280 odio,

283 4328 342 4403 vel
366 4328 526 4404 comodo
552 4326 749 4432 temporali
777 4328 907 4405 habito
934 4327 991 4403 vel
1025 4326 1222 4418 habendo,
1248 4325 1443 4431 respondit
1470 4325 1575 4431 quod
1604 4354 1695 4413 non,

284 4456 352 4533 sed
366 4485 435 4561 pro
449 4457 601 4533 veritate
617 4455 794 4548 dicenda3
809 4457 870 4533 cui
885 4456 957 4533 fuit
969 4456 1181 4562 injunctum
1197 4455 1301 4563 quod
1315 4482 1391 4531 non
1409 4455 1589 4531 revelaret
1604 4457 1699 4531 banc

285 4616 389 4664 suam
411 4589 689 4694 deposicionem
714 4617 912 4695 quousque
928 4587 1185 4666 attestaciones
1204 4586 1344 4662 suerint
1362 4586 1562 4691 publicato.

341 4851 516 4956 Magister
542 4850 755 4929 Anthonius
790 4850 864 4928 Sici
900 4851 947 4927 de
978 4846 1178 4936 Vercellis,
1213 4811 1413 4953 apostolica
1449 4866 1486 4925 et
1513 4846 1696 4953 imperiali

369 4987 474 5050 raocts
494 5008 546 5052 aas
566 5007 737 5051 reuertens.
750 5011 824 5048 -ι,
1491 4987 1527 5043 8ι
