4080 6052
693 512 890 605 rnuets
913 531 1010 603 ons
1037 515 1337 601 rennuens.
1674 537 1718 606 ῃ

311 668 793 777 eddefendendumipsnm
801 669 1040 758 ordinetnet
1053 669 1159 773 quod
1174 667 1300 771 ipsum
1312 665 1492 743 nolebant
1504 668 1721 760 defendere,

311 830 379 880 noe
393 789 616 879 fuerant‘sd·
628 798 841 905 tenemini,
851 826 938 875 tneo
950 797 1209 876 msndetums
1225 805 1425 903 quoquam
1435 804 1655 902 receperant
1674 805 1722 879 de

310 931 407 1011 dicte
426 928 1132 1010 tennione·taeiendn=verunnanen
1152 927 1376 1034 Henqpinus
1395 943 1434 1005 et
1453 927 1625 1007 Nioolaus
1644 938 1723 1036 pre

310 1061 398 1139 dieti
418 1061 611 1149 dixerunt,
619 1104 625 1121 -
632 1061 1085 1169 quod·fuortnt·.olirn-in
1095 1059 1530 1167 somnioquorumdam
1543 1061 1724 1166 :Templa-

308 1191 453 1269 riorum
469 1191 518 1269 d'e
532 1191 749 1269 commitatu
763 1193 949 1280 lienosis,
967 1191 1122 1273 etzmissi
1132 1190 1183 1269 ob
1196 1190 1275 1275 eis,.
1285 1204 1330 1267 ut
1343 1190 1723 1298 mvesngaoentquud

310 1320 420 1398 fieret
442 1320 603 1398 Parisius
628 1322 674 1400 de
698 1321 794 1398 facto
816 1323 984 1427 ipsorum
1009 1320 1312 1426 Templariorum
1340 1337 1378 1397 et
1396 1320 1507 1425 quod
1528 1321 1722 1399 refferrent

310 1450 552 1553 postmodum
574 1449 637 1527 eis.

363 1709 459 1788 Cum
479 1726 605 1789 autem
624 1695 827 1815 supmdipti
845 1722 991 1817 septeni
1013 1719 1224 1791 oonstenter
1248 1718 1470 1818 assererent,
1491 1712 1598 1815 quud
1613 1711 1722 1811 nole·

307 1837 397 1916 bant
411 1839 590 1917 ordinem
610 1839 813 1917 defendere
828 1842 1208 1945 supradictum,.firet
1219 1839 1383 1944 predicti
1391 1840 1724 1919 dominieomn'tis

306 1969 391 2047 sarii
406 1969 586 2046 offerrent
599 1969 655 2045 eis
667 1971 772 2072 qued
789 1969 904 2073 pareti
923 1985 1032 2047 erant
1042 1968 1354 2073 tenignenndire
1369 1968 1542 2062 eosdmn,
1562 1985 1600 2046 et
1617 1970 1722 2074 quod

307 2106 452 2188 secure,
474 2099 505 2175 si
525 2097 702 2202 volebant
719 2099 863 2179 dietum
879 2098 1055 2201 ordinem
1072 2097 1297 2205 defendere,
1310 2098 1439 2204 ipsum
1459 2078 1720 2183 defenderent,

308 2241 348 2301 et
358 2226 540 2332 quiequid
552 2227 695 2333 vellent·
707 2228 874 2305 dicerent
887 2257 959 2335 pro
972 2230 1105 2307 ordine
1120 2229 1349 2334 supradicto,
1364 2247 1403 2325 et
1422 2246 1547 2307 essent
1556 2254 1721 2334 persone

309 2354 516 2459 dequibus
535 2382 615 2430 non
632 2373 712 2429 eret
727 2357 931 2430 renisuri-'de
949 2359 1053 2459 quod
1068 2370 1138 2460 ‘pro
1159 2356 1376 2433 defensione
1396 2357 1483 2435 dieti
1504 2357 1648 2435 ordinis
1659 2366 1722 2433 've'-

306 2483 464 2569 nissent,
481 2482 770 2559 licenci'averunt
786 2509 851 2558 eos
869 2485 1100 2587 epresencia
1119 2482 1359 2566 eorumdem,
1377 2484 1542 2558 dieentes
1554 2486 1723 2586 predisto

305 2612 495 2720 preposito
514 2610 716 2701 Castelfe'ti
738 2611 965 2716 quedipsos
981 2609 1041 2686 vel
1061 2634 1307 2714 quoscunque
1327 2609 1420 2684 elios
1435 2609 1604 2688 volentes
1622 2641 1723 2690 ecee-

307 2741 395 2819 dere
417 2741 466 2818 sd
483 2740 714 2848 presenciam
741 2739 928 2817 dictorum
956 2737 1200 2815 dominorum
1224 2736 1564 2828 commissariomrn
1592 2760 1630 2818 et
1651 2773 1722 2848 pro

308 2871 523 2951 defensione
543 2873 632 2949 dicti
653 2869 972 2949 ordinisvel-afiis
992 2868 1148 2975 aliquod
1164 2894 1376 2973 proponere
1395 2896 1520 2947 coram
1544 2872 1613 2959 eis,
1635 2874 1721 2949 nuf-

306 3001 451 3079 latenus
470 3003 687 3108 impediret,
709 3030 779 3079 nee
797 3001 845 3078 ah
864 3001 946 3076 aliis
967 3000 1203 3105 permitteret
1220 2999 1508 3106 quomodolibet
1531 3001 1717 3108 impediri.

305 3130 353 3205 Et
367 3132 559 3234 predictus
578 3131 789 3236 prepositus
807 3129 996 3208 Castefleti
1020 3130 1111 3207 dixit
1129 3157 1168 3206 se
1188 3130 1398 3235 pariturum
1418 3131 1458 3205 in
1481 3131 1553 3210 hoc
1573 3133 1721 3208 manda·

305 3258 353 3334 tis
372 3285 520 3349 eorum,
543 3277 580 3338 et
605 3264 652 3340 de
675 3262 865 3339 voluntate
890 3279 928 3340 et
954 3288 1106 3341 nsensn
1128 3260 1272 3340 dornini
1294 3260 1487 3339 Guiflefrni
1513 3262 1560 3340 de
1579 3264 1717 3339 Marsili

305 3387 435 3469 militis
458 3392 585 3498 Regis,
608 3393 674 3499 qui
701 3423 722 3470 a
749 3393 857 3473 dietis
881 3393 1050 3471 dominis-
1068 3392 1340 3484 commissoriis¹
1359 3409 1514 3498 propter
1539 3392 1720 3497 premisse

304 3535 456 3598 vocotus
472 3539 512 3598 et
529 3522 568 3598 in
587 3523 781 3629 presencia
797 3551 939 3603 eorum.
950 3524 1174 3603 onustitntus
1199 3523 1306 3613 dixit,
1330 3523 1439 3628 qrrod
1457 3523 1536 3628 ipse
1565 3523 1720 3599 manda-

304 3666 405 3727 verat
423 3652 528 3756 quod
548 3652 670 3731 dictus
691 3654 902 3760 prepositus
917 3652 1106 3733 Castelleti
1124 3669 1271 3759 caperet
1290 3653 1472 3759 qrrosdsm
1486 3653 1719 3758 Tempfnios

304 3771 493 3897 fugium,
519 3808 586 3884 qur
574 3781 829 3863 dicebantur
850 3784 1061 3863 insedere
1045 3813 1092 3863 rn
1116 3784 1249 3862 habitu
1271 3783 1428 3860 senrdari
1448 3811 1517 3888 per
1540 3782 1715 3867 faritius,
1780 3876 1790 3895 .

306 3904 477 3981 sednon
501 3910 720 3987 nominatim
744 3912 932 4016 predictos
955 3924 1097 4018 septos,
1125 3929 1189 4000 ut¹
1186 3912 1281 3989 dicti
1307 3913 1451 3995 domini
1477 3911 1721 4017 commissarii

304 4031 361 4109 vel
382 4033 562 4111 ordinarii
581 4035 685 4113 de
651 4063 722 4127 ers,
740 4068 826 4115 eum
847 4042 945 4143 eapti
962 4057 1100 4129 essent,
1124 4042 1341 4117 ordinarent
1361 4040 1544 4145 quicquid
1559 4006 1714 4126 velient

306 4189 380 4240 non
402 4179 446 4240 ut
461 4163 540 4269 ipse
556 4163 869 4243 eorrmtoffieium
883 4168 1087 4272 impediret
1102 4167 1161 4245 sel
1181 4167 1315 4271 aliquis
1327 4196 1353 4243 n
1363 4167 1610 4246 Mennone
1599 4172 1715 4277 ipsius

307 4291 447 4371 ordinis
464 4293 682 4375 retraheret.
696 4293 866 4372 Libernri
876 4303 1127 4403 preceperunt
1139 4296 1386 4403 supradiotos‚
1402 4299 1576 4377 dixerunt
1588 4318 1714 4379 temen

307 4419 395 4499 dicti
414 4423 558 4503 domini
576 4423 835 4518 commissarii,
852 4428 958 4532 quod
976 4425 1211 4532 supradictus
1223 4430 1356 4505 Petrus
1367 4429 1427 4506 -de
1446 4431 1628 4538 Sorneym
1647 4433 1715 4538 qui

308 4549 449 4631 dixerat
466 4578 505 4629 se
523 4551 636 4633 fuisse
654 4555 855 4635 deordine
877 4557 1195 4664 Templnrierurn‚
1223 4561 1425 4637 dineretur
1446 4560 1501 4655 nd
1512 4561 1715 4639 dominum

308 4682 522 4788 episcopum
536 4685 798 4775 Parisiorum,
812 4698 860 4766 ut?
874 4689 960 4795 ipse.
973 4690 1021 4767 de
1041 4717 1093 4766 eo.
1107 4690 1297 4768 ordinaret
1314 4707 1366 4767 ut.
1377 4689 1712 4770 essetfaciendum.

360 4813 700 4929 Quibusperactis,
722 4818 892 4900 fecerunt
911 4848 981 4928 per
1001 4821 1143 4900 dietum
1163 4822 1383 4928 epentorem
1406 4823 1555 4930 publice
1572 4825 1716 4930 proris·-
