4080 6052
483 541 679 635 eaocts
704 560 800 634 nus
827 560 1127 635 cananeas.
1439 570 1511 640 sor

97 706 263 809 precepit
282 704 316 780 ei
341 705 446 809 quod
465 705 698 782 oscularetur
717 704 844 809 ipsum
858 703 1126 793 Guillelmum‚
1153 703 1317 783 vestibus
1336 708 1515 785 interme-

99 834 186 924 diis,
209 863 323 939 super
344 834 571 929 mamillam,
597 834 663 912 sed
689 833 922 911 nonreoolit
943 835 974 912 si
1002 862 1116 940 super
1145 835 1311 911 dextram
1340 837 1398 912 vel
1424 839 1514 913 sini-

97 983 232 1054 stram3
254 982 292 1041 et
311 963 384 1042 luit
399 994 488 1042 eum
505 965 693 1078 osculatus
709 964 752 1040 ‘in
778 964 878 1041 dicto
899 965 993 1042 looo.
1016 965 1073 1043 De
1087 963 1168 1041 aliis
1188 965 1328 1043 illicitis
1347 994 1424 1045 non
1444 967 1516 1043 suit

97 1094 167 1169 sibi
187 1094 337 1171 locutus
357 1096 453 1172 intra
473 1095 610 1172 dictam
642 1122 843 1183 cameram,
868 1124 943 1172 nee
967 1113 1046 1172 erat
1069 1095 1209 1172 ostium
1231 1096 1512 1186 dissecamus,

96 1224 248 1329 quando
262 1224 428 1330 predicta
446 1225 542 1301 dicta
558 1242 596 1301 et
609 1223 704 1302 lacta
717 1223 891 1311 fixerunt,
908 1225 1107 1314 demumr
1117 1253 1187 1300 nec
1207 1242 1313 1302 erant
1324 1244 1515 1329 presentes

96 1354 167 1430 nisi
182 1354 252 1459 ipsi
269 1355 357 1432 duo.
527 1358 530 1363 ’

151 1485 261 1570 hem,
288 1485 379 1560 dixit
400 1485 522 1592 quod,
548 1485 731 1561 mantello
755 1485 828 1561 sibi
853 1487 1046 1588 imposito,
1064 1514 1151 1561 cum
1172 1486 1220 1560 de
1248 1487 1345 1563 dicta
1376 1488 1515 1591 capella

97 1613 298 1690 duceretur
319 1613 367 1690 ad
390 1642 576 1690 cameram
602 1613 877 1718 supradictam·
892 1613 1274 1693 dictusGuittelmus
1294 1615 1460 1693 ostendit
1480 1618 1515 1692 ei

95 1744 296 1846 quamdam
317 1742 483 1819 tabulam
504 1744 643 1847 pictam
669 1742 905 1847 pendentem¹
924 1743 964 1817 in
990 1742 1087 1818 dicta
1109 1742 1252 1846 capella
1277 1773 1393 1847 prope
1421 1746 1517 1822 Cru-

95 1870 190 1946 cilixi
210 1872 439 1977 ymaginem,
459 1873 502 1946 in
523 1900 598 1976 qua
615 1869 745 1947 tabula
762 1887 841 1955 etat
855 1869 1000 1976 depicta
1018 1896 1151 1977 ymago
1170 1871 1352 1960 hominis,
1374 1891 1412 1948 et
1431 1902 1515 1978 pre·

96 2001 194 2104 cepit
218 2001 252 2077 ei
277 2001 382 2107 quod
409 1998 582 2077 adoraret
607 1997 753 2077 'dictam'
771 1999 1005 2104 ymaginem
1032 2016 1070 2076 et
1093 2000 1173 2103 ipse
1192 2001 1298 2078 testis
1315 2003 1516 2107 ,respondit

95 2130 337 2236 quodmodo
362 2132 535 2208 adoraret
554 2128 749 2208 Christum
769 2145 973 2208 creatorem
994 2158 1127 2221 suurn,
1148 2148 1186 2207 et
1204 2131 1372 2207 adoravit
1391 2132 1515 2209 Cruci-

95 2257 213 2336 fixum
235 2277 272 2337 et
290 2288 368 2337 non
388 2261 601 2370 ymaginem
619 2260 711 2337 dicti
727 2260 904 2338 hominis.
1283 2344 1288 2349 .

152 2390 367 2497 Requisitus
392 2393 422 2471 si
448 2392 518 2470 scit
535 2391 594 2468 vel
614 2390 734 2468 credit
752 2391 858 2497 quod
878 2391 977 2468 dicta
995 2419 1129 2497 ymago
1153 2393 1319 2505 hominis
1339 2411 1437 2470 esset
1456 2422 1513 2470 re·

95 2538 354 2626 presentatum
377 2522 544 2599 hominis
563 2521 653 2598 mali
672 2521 732 2598 vel
751 2521 860 2614 boni,
884 2520 1079 2627 respondit
1098 2550 1137 2598 se
1159 2522 1311 2599 credere
1333 2524 1438 2627 quod
1458 2551 1516 2599 re-

94 2664 326 2755 presentaret
352 2651 517 2759 aliquem
545 2670 738 2743 sanctum
764 2652 881 2730 nescit
905 2669 1031 2728 tamen
1053 2653 1143 2742 hoe,
1173 2679 1243 2729 nec
1267 2652 1388 2729 dictus
1407 2652 1515 2732 Guil-

95 2779 231 2858 lelmus
248 2781 447 2859 declaravit
466 2781 539 2860 sibi
557 2783 664 2890 cujus
682 2798 762 2858 erat
785 2809 931 2890 ymago.
954 2782 1169 2890 Requisitus
1191 2782 1352 2888 qualiter
1372 2800 1410 2858 et
1429 2813 1514 2860 cum

95 2910 197 3015 quali
217 2913 349 2990 habitu
369 2931 448 2991 erat
465 2912 611 3018 depicta
636 2913 735 2989 dicta
750 2940 903 3020 ymago,
932 2913 1129 3017 respondit
1148 2941 1186 2990 se
1207 2941 1285 2991 non
1305 2913 1512 3003 recordari,

94 3066 185 3115 veru
226 3058 381 3147 ptamen
399 3070 478 3119 non
499 3043 637 3120 eratin
657 3040 791 3118 habitu
817 3042 1035 3148 Templarii.

152 3172 366 3276 Requisitus
384 3173 413 3249 si
435 3173 532 3248 dicta
547 3198 681 3276 ymago
702 3171 823 3248 firerat
837 3173 874 3247 ei
887 3190 979 3247 tunc
998 3173 1118 3277 posita
1139 3172 1186 3248 de
1206 3197 1321 3258 novo,
1336 3188 1374 3245 et
1387 3172 1419 3247 si
1431 3188 1516 3274 post

97 3298 233 3375 dictam
245 3301 506 3405 recepcionem
525 3327 630 3375 suam
650 3301 832 3377 remansit
846 3300 897 3377 ihi
914 3301 1012 3377 dicta
1032 3301 1157 3377 tabula
1178 3297 1424 3404 sequentibus
1441 3300 1515 3375 die-

94 3427 184 3516 bus,
202 3430 397 3535 respondit
410 3458 451 3505 se
468 3429 623 3506 nescire.

150 3560 365 3667 Requisitus
380 3562 412 3638 si
432 3560 565 3638 hahuit
583 3559 748 3665 aliquam
767 3558 904 3635 malam
930 3557 1185 3661 suspicionem
1209 3557 1363 3662 quando
1386 3555 1460 3634 luit
1480 3560 1513 3633 ei

96 3689 237 3766 dictum
257 3691 361 3795 quod
382 3691 553 3766 adoraret
568 3689 705 3766 dictam
722 3687 950 3793 ymaginem,
973 3686 1168 3790 respondit
1185 3688 1291 3792 quod
1309 3714 1397 3763 non.
1500 3716 1501 3720 ¹

151 3819 368 3926 Requisitus
381 3820 411 3895 si
435 3819 576 3895 sciebat
597 3817 656 3894 vel
674 3815 852 3894 credebat
872 3816 981 3922 quod
1004 3816 1126 3894 dictus
1150 3817 1379 3897 Guillelmus
1402 3818 1512 3894 Fabri

94 3948 303 4054 preceperit
312 3947 383 4026 sibi
393 3949 559 4054 predicta
574 3947 703 4025 illicita
716 3948 856 4025 sciente
866 3946 923 4025 vel
934 3947 1136 4029 mandante
1152 3948 1251 4026 dicto
1266 3948 1510 4038 thesaurario,

95 4079 288 4183 respondit
304 4106 343 4156 se
363 4079 522 4173 nescire,
544 4079 770 4184 sedpocius.
791 4077 976 4157 credebat·
989 4078 1095 4186 quod
1119 4078 1242 4156 dictus
1260 4078 1513 4158 thesaurarius

95 4210 290 4285 nesciverit
308 4237 378 4287 nec
397 4210 637 4287 mandaverit
651 4210 733 4287 fieri
758 4209 924 4316 predicta
938 4238 1051 4319 quam
1068 4211 1309 4287 contrarium.
1372 4235 1374 4239 ⁴

150 4341 365 4448 Requisitus
390 4342 437 4419 de
464 4340 683 4420 nominihus
702 4340 860 4419 illorum
882 4369 976 4450 quos
1001 4343 1080 4448 ipse
1103 4359 1294 4447 receperat
1317 4341 1356 4417 in
1378 4341 1511 4419 ordine

95 4485 133 4544 et
159 4471 437 4549 circunstanciis
460 4473 724 4578 recepcionum
746 4501 901 4565 eorum,
930 4473 1021 4550 dixit
1044 4473 1169 4579 quod,
1191 4472 1347 4550 luerunt
1367 4472 1512 4549 circiter
1587 4461 1590 4465 ’

95 4624 171 4675 nnn
195 4601 303 4691 anni,
331 4603 472 4710 recepit
494 4604 535 4678 in
555 4628 687 4709 magna
706 4603 848 4710 capella
874 4604 1011 4682 domus
1029 4603 1180 4711 Templi
1202 4602 1436 4693 Parisiensis,
1463 4602 1510 4677 de
1554 4592 1558 4601 ¹

94 4728 272 4807 mandato
296 4731 389 4808 dicti
408 4731 530 4809 fratris
552 4733 733 4810 lobannis
760 4734 810 4811 de
826 4736 957 4811 Turno
983 4750 1074 4810 tunc
1092 4732 1334 4821 thesaurarii,
1360 4731 1510 4809 fratrem

95 4860 307 4939 iohannem
324 4863 361 4941 lo
370 4865 567 4943 'Vinhaeur
581 4866 821 4954 servientem,
838 4864 1054 4942 Parisiensis
1073 4864 1248 4954 diocesis,
1264 4893 1380 4971 quem
1392 4861 1510 4939 credit
