4080 6052
463 535 660 630 esoces
685 556 782 628 nus
808 555 1111 627 rumpemus.
1422 558 1496 628 215
1614 544 1616 549 ’

80 716 118 777 et
137 699 168 776 si
189 698 228 774 in
248 713 368 774 morte
388 697 563 803 inventus
582 697 714 776 fuisset
734 697 872 776 habere
891 696 1104 805 proprium,
1127 695 1304 772 caruisset
1328 694 1498 775 ecclesia-

80 831 169 908 stica
190 828 391 937 sepultura.

134 961 246 1047 Item,
262 958 355 1035 dixit
369 959 492 1066 quod,
507 978 593 1066 post
606 960 819 1066 predictum
827 959 1086 1065 juramentum
1100 985 1169 1063 per
1182 986 1271 1034 eum
1286 956 1497 1062 prestitum,
1624 980 1628 987 ·

77 1088 149 1168 luit
168 1089 293 1166 eidem
310 1106 459 1168 ostensa
475 1091 639 1197 quedam
657 1120 746 1167 crux
763 1090 886 1196 lignea
904 1106 942 1166 et
960 1090 1122 1195 petitum
1141 1087 1188 1163 ab
1207 1114 1252 1163 eo
1273 1088 1303 1165 si
1325 1087 1501 1165 credebat

78 1221 184 1329 quod
207 1222 281 1298 hoc
306 1239 404 1298 esset
425 1223 545 1314 Deus,
573 1240 721 1299 etcum
746 1223 825 1327 ipse
850 1221 1108 1326 respondisset
1131 1219 1237 1326 quod
1264 1235 1342 1295 erat
1366 1246 1500 1328 ymago

81 1349 265 1439 crucifixi,
288 1348 411 1427 fuitei
431 1351 573 1428 dictum
592 1351 697 1458 quod
710 1379 786 1427 non
799 1329 1065 1436 crederethoc,
1080 1350 1198 1424 immo
1217 1366 1295 1425 erat
1308 1349 1501 1459 quoddam

85 1479 267 1557 frustrum
286 1479 378 1586 ligni
399 1497 438 1556 et
455 1481 643 1559 Dominus
662 1498 790 1558 noster
810 1498 888 1557 erat
906 1481 945 1555 in
966 1478 1066 1554 celis.

136 1612 251 1700 Item,
273 1609 366 1688 dixit
384 1611 490 1718 quod
501 1629 587 1719 post
606 1611 786 1717 premissa
804 1610 878 1688 fuit
898 1609 968 1687 sibi
989 1624 1209 1714 preceptum
1229 1606 1334 1712 quod
1351 1625 1504 1715 spueret

80 1768 194 1846 super
214 1740 352 1818 dictam
372 1771 522 1819 crucem
543 1760 581 1819 et
599 1742 762 1848 pedibus
785 1740 1020 1818 conculcaret
1045 1739 1220 1828 eandem,
1245 1739 1381 1844 etipse
1402 1739 1504 1844 spuit

80 1897 193 1976 super
223 1898 322 1957 eam,
350 1871 419 1948 sed
437 1888 564 1947 tamen
584 1870 708 1948 noluit
737 1899 819 1948 eam
840 1869 1079 1955 conculcare,
1108 1867 1180 1943 nisi
1199 1867 1338 1972 pedem
1363 1868 1501 1955 crucis,

80 2018 234 2106 propter
254 2001 336 2109 ejus
355 2002 615 2079 reverenciam.

138 2132 248 2218 Item,
272 2130 364 2207 dixit
373 2112 488 2238 'quod
506 2149 592 2237 post
610 2132 790 2236 premissa
805 2132 882 2208 duo
900 2129 1030 2208 [ratres
1043 2145 1203 2208 astantes
1222 2129 1437 2206 levaverunt
1453 2159 1506 2207 re

82 2279 140 2338 tro
165 2277 285 2337 vestes
308 2260 412 2336 illius
434 2261 502 2367 qui
525 2277 717 2366 receperat
739 2289 827 2336 eum
853 2278 891 2337 et
914 2262 994 2365 ipse
1018 2251 1123 2338 testis
1148 2259 1221 2336 fuit
1240 2260 1428 2337 osculatus
1449 2261 1505 2337 di·

74 2408 186 2481 ,mum
212 2389 457 2497 recipientem
482 2390 521 2467 in
547 2390 652 2495 spina
677 2417 745 2477 sua
769 2389 810 2466 in
832 2389 956 2495 spacio
976 2389 1083 2495 quod
1107 2405 1165 2465 est
1183 2389 1282 2465 inter
1299 2389 1447 2495 bragale
1469 2407 1507 2467 et

84 2551 226 2600 zonam.
376 2514 386 2538 ’

139 2655 251 2744 Item,
273 2651 367 2729 dixit
385 2652 492 2759 quod
511 2669 597 2757 post
607 2652 787 2757 premissa
803 2651 1015 2728 docuerunt
1029 2678 1117 2727 eum
1138 2666 1277 2754 puncta
1296 2648 1504 2756 religionis,
1613 2678 1615 2683 ’

84 2800 121 2858 et
136 2798 386 2890 preceperunt
403 2782 437 2859 ei
455 2781 561 2889 quod
579 2783 720 2859 diceret
737 2782 939 2887 quinquies
961 2783 1070 2857 Pater
1093 2797 1221 2857 noster
1244 2781 1284 2857 in
1305 2808 1416 2856 mane
1437 2810 1504 2886 pro

83 2913 241 2990 mortuis
266 2930 304 2989 et
327 2912 551 2990 tantundem
574 2940 644 3018 pro
668 2913 758 2989 vivis
791 2928 828 2989 et
852 2939 897 2989 nx
921 2941 989 3018 pro
1016 2912 1092 2989 oris
1112 2911 1205 3002 diei,
1228 2927 1266 2986 et
1284 2910 1390 3016 quod
1411 2910 1505 3017 [pro]

83 3043 258 3149 quolibet
276 3041 387 3120 frene
408 3071 524 3149 quem
544 3041 735 3119 audebant
753 3041 892 3119 obiisse
912 3042 1126 3148 quinquies.

138 3172 254 3259 Item,
277 3171 371 3248 dixit
396 3173 501 3278 quod
525 3190 778 3279 preceperunt
811 3173 936 3250 eidem
968 3189 1005 3249 et
1034 3173 1206 3249 fecerunt
1233 3173 1359 3278 ipsum
1374 3172 1504 3280 jurare

83 3302 189 3409 quod
206 3330 283 3380 non
304 3303 421 3381 exiret
438 3304 648 3382 clausuram
673 3306 810 3382 domus
828 3305 900 3383 nisi
926 3332 994 3410 per
1016 3321 1156 3381 rectam
1180 3321 1343 3410 portam,
1366 3304 1504 3409 quiesi

83 3432 310 3509 contrarium
329 3433 484 3525 faceret,
505 3435 682 3541 perderet
699 3434 873 3511 habitum
892 3450 930 3511 et
943 3449 1153 3538 poneretur
1172 3433 1213 3509 in
1232 3461 1390 3510 carcere.

137 3564 249 3657 Item,
265 3564 358 3641 dixit
372 3567 477 3671 quod
491 3581 742 3672 preceperunt
756 3565 882 3644 eidem
898 3565 1004 3671 quod
1014 3563 1152 3641 faceret
1163 3563 1309 3670 jejunia
1324 3590 1398 3670 que
1417 3591 1504 3639 con·

83 3709 188 3769 sueta
207 3711 314 3770 erant
332 3694 414 3770 fieri
436 3696 476 3772 in
496 3696 642 3772 ordine.
659 3696 876 3801 Requisitus
896 3695 927 3772 si
942 3693 1113 3770 lecerunt
1133 3722 1223 3770 eum
1233 3693 1374 3801 jurare,
1396 3692 1454 3770 vel
1470 3694 1504 3768 ei

82 3839 333 3926 preceperunt
351 3823 422 3899 nisi
443 3823 508 3900 illa
528 3827 575 3902 de
600 3824 740 3932 quibus
764 3854 877 3933 supra
897 3825 1088 3931 deposuit,
1110 3824 1170 3900 vel
1196 3825 1227 3903 si
1248 3825 1506 3901 instmxerunt
1582 3898 1585 3903 ,

84 3979 174 4027 eum
199 3950 271 4027 nisi
296 3951 335 4025 in
360 3952 434 4029 hiis
460 3982 534 4059 que
560 3954 659 4031 dicta
682 3973 772 4032 sunt
793 3985 862 4062 per
888 3985 977 4032 eum
1002 3955 1042 4031 in
1063 3954 1162 4032 dicta
1181 3983 1248 4032 sua
1266 3954 1502 4059 recepcione,

82 4081 280 4186 respondit
299 4082 405 4187 quod
423 4111 511 4160 uon.
533 4083 750 4189 Requisitus
770 4085 817 4162 de
837 4103 1008 4190 tempore
1030 4101 1068 4161 et
1086 4084 1170 4162 loco
1190 4084 1418 4189 recepcionis
1438 4110 1504 4161 sue

83 4229 121 4288 et
141 4212 189 4287 de
211 4211 431 4290 nominibus
449 4213 720 4319 recipiencium
742 4231 780 4291 et
798 4215 1018 4305 astancium,
1043 4213 1241 4320 respondit
1260 4214 1366 4320 quod
1384 4213 1506 4291 luerat

83 4357 256 4445 receptus
275 4358 364 4419 sunt
382 4367 456 4421 xvu
480 4342 584 4432 anni,
607 4344 646 4420 in
671 4343 803 4450 Cipro,
832 4345 928 4421 circa
947 4343 1085 4422 festum
1105 4343 1304 4421 nativitatis
1325 4343 1425 4421 beati
1444 4345 1507 4421 Io-

83 4470 232 4559 hannis,
254 4499 275 4547 a
294 4470 407 4550 fratre
425 4473 622 4552 Baudoino
639 4477 687 4552 de
703 4474 829 4553 Ardan
848 4475 985 4565 milite,
1007 4493 1226 4584 preceptore
1247 4475 1384 4553 domus
1398 4476 1507 4551 Tem-

84 4599 154 4704 pli,
178 4601 332 4680 civitatis
349 4603 592 4697 Nicociensis,
612 4606 652 4681 in
671 4607 826 4684 ecclesia
846 4607 944 4684 dicte
965 4607 1118 4695 domus,
1133 4606 1373 4715 presentibus
1391 4605 1505 4684 [retro

86 4729 249 4809 Roberto
269 4731 478 4853 laboratore
499 4753 538 4813 et
556 4736 668 4814 fratre
688 4738 859 4815 Iohanne
879 4738 1061 4849 clavigero
1081 4739 1252 4847 ejusdem
1272 4738 1410 4857 domus
1430 4736 1505 4816 cle·

88 4857 174 4955 rico,
192 4863 241 4941 de
258 4890 423 4970 quorum
441 4866 729 4974 cognominibus
747 4867 841 4947 dixit
854 4896 894 4947 se
909 4896 987 4947 non
1004 4868 1211 4962 recordari,
1225 4868 1369 4977 pluries
1387 4869 1503 4946 eciam
1631 4872 1634 4878 ’
