4080 6052
691 542 886 636 rnocls
912 561 1008 634 nus
1033 561 1336 634 murmuras.
1648 569 1718 639 su

362 706 451 813 Post
463 708 549 795 hec,
566 703 628 781 die
644 705 751 780 Lune
767 703 1025 809 sequentique
1042 699 1115 777 fuit
1128 729 1164 780 xx
1185 703 1267 780 dies
1285 703 1375 780 dicti
1391 704 1531 779 mensis
1541 706 1721 795 Januarii,

305 851 561 912 convenerunt
578 834 736 940 predicti
757 833 903 910 domini
938 830 1237 938 archiepiscopus
1265 850 1303 910 et
1333 833 1394 909 alii
1421 834 1664 910 commissarii
1686 838 1723 910 in

304 964 447 1072 prefato
467 965 584 1042 domo
598 964 826 1054 Fiscanensi,
844 980 881 1041 et
899 962 972 1040 fuit
990 963 1177 1039 adductus
1189 965 1239 1040 ad
1256 964 1487 1070 presenciam
1503 966 1723 1042 corumdem

305 1095 549 1173 dominorum
567 1094 909 1172 commissariorum
929 1093 1043 1169 frater
1061 1092 1195 1170 Petrus
1211 1093 1257 1171 de
1275 1096 1524 1199 Poignencort
1544 1074 1722 1189 serviens,

306 1225 564 1323 Noviomensis
576 1225 745 1313 diocesis,
760 1225 987 1330 testissupra
993 1226 1152 1331 juratus,
1169 1241 1212 1301 ut
1223 1224 1430 1330 deponeret
1440 1225 1581 1301 dictum
1594 1254 1723 1314 suum,

253 1365 255 1371 ’
308 1383 384 1432 non
409 1355 595 1432 defferens
622 1355 845 1431 mantellum
872 1355 1016 1431 ordinis
1039 1382 1155 1464 quern
1179 1355 1330 1458 proprio
1352 1371 1459 1430 motu
1478 1380 1552 1461 'suo
1575 1356 1726 1433 dimise·

308 1502 364 1561 rat
384 1487 468 1592 quia
490 1501 735 1591 consumptus
753 1501 847 1571 erat,
870 1501 907 1561 et
930 1485 1011 1560 radi
1036 1483 1173 1559 fecerat
1201 1483 1272 1559 sibi
1302 1483 1458 1561 barbam
1482 1486 1631 1589 propria
1662 1514 1726 1562 vo-

307 1614 466 1706 luntate,
480 1632 518 1692 et
535 1632 614 1692 erat
628 1614 736 1692 etatis
747 1640 855 1695 xxxvl
869 1642 1053 1695 annorum
1067 1614 1124 1691 vel
1142 1614 1252 1701 circa,
1268 1632 1311 1691 ut
1323 1614 1430 1706 dixit,
1449 1631 1486 1689 et
1503 1613 1625 1690 lucrat
1639 1615 1727 1693 alias

306 1746 537 1823 examinatus
568 1745 761 1823 Ambianis
791 1746 831 1822 in
859 1745 955 1821 facto
983 1743 1302 1849 Templariorum‚
1334 1772 1402 1849 per
1426 1743 1625 1820 dominum
1656 1723 1744 1851 epi-⁸

308 1903 463 1981 scopum
474 1877 778 1968 Ambianensem,
793 1876 857 1982 qui
871 1903 972 1951 nunc
985 1891 1057 1965 est,
1073 1891 1111 1951 ct
1125 1874 1320 1950 absolutus
1336 1890 1375 1949 et
1383 1874 1643 1951 reconciliatus
1660 1904 1729 1981 per

309 2032 412 2081 eum.
431 2006 553 2082 Lectis
579 2022 705 2082 autem
728 2022 767 2081 et
786 2005 986 2110 diligenter
1008 2002 1078 2079 sibi
1105 2002 1279 2108 expositis
1304 2003 1483 2079 omnibus
1507 2020 1545 2078 et
1572 2005 1729 2110 singulis

312 2134 493 2225 articulis,
514 2134 710 2240 respondit
724 2135 772 2210 ad
787 2163 867 2226 eos,
883 2151 921 2210 et
933 2134 1057 2239 primo
1071 2134 1119 2209 ad
1132 2133 1277 2239 primos
1290 2151 1464 2239 quatuor,
1479 2136 1523 2209 ut
1537 2134 1725 2240 sequitur:

312 2264 452 2341 scilicet
470 2292 510 2341 se
530 2265 673 2341 nescire
695 2264 725 2341 si
751 2280 924 2340 contenta
944 2265 983 2338 in
1000 2264 1090 2367 ipsis
1110 2264 1274 2339 articulis
1295 2274 1420 2340 essent
1442 2291 1527 2340 vera
1551 2265 1610 2341 vel
1635 2294 1728 2353 non,

313 2395 400 2501 quia
429 2422 505 2471 non
530 2395 750 2473 interfuerat
773 2394 981 2499 recepcioni
1007 2393 1164 2498 alicujus
1188 2390 1340 2469 alterius
1363 2391 1499 2483 fratris,
1531 2421 1599 2469 nec
1633 2395 1730 2500 capi-

312 2525 402 2602 tulis
415 2552 562 2615 eorum,
575 2552 643 2601 nec
656 2524 755 2601 bene
771 2525 911 2600 sciebat
922 2524 1026 2630 quod
1045 2523 1216 2599 crederet
1231 2524 1277 2599 de
1293 2523 1487 2628 predictis3
1507 2523 1585 2628 ipse
1605 2540 1731 2600 tamen

312 2671 484 2758 receptus
515 2652 638 2730 suerat
671 2680 739 2759 per
770 2653 923 2729 fratrem
954 2652 1160 2729 Robertum
1194 2652 1242 2727 de
1274 2651 1444 2740 belvaco,
1479 2652 1731 2758 presbiterum

313 2782 522 2889 quondam,
543 2798 803 2887 preceptorem
828 2800 919 2859 tunc
940 2784 988 2858 de
1008 2782 1178 2872 Pontivo‚
1200 2810 1269 2887 per
1294 2781 1391 2858 duos
1414 2809 1532 2858 annos
1560 2782 1620 2861 vel
1638 2784 1731 2859 circa

313 2929 400 2988 ante
424 2914 638 3018 capcionem
656 2941 805 3003 eorum,
827 2913 866 2987 in
883 2912 1023 3018 capella
1047 2914 1185 2989 domus
1202 2911 1350 3016 Templi
1371 2912 1418 2987 de
1437 2911 1547 2988 Mont
1565 2913 1732 2990 Cucourt

314 3042 572 3119 Noviomensis
582 3043 752 3129 diocesis,
771 3044 865 3118 circa
877 3060 1003 3119 ortum
1020 3042 1119 3131 solis,
1131 3042 1368 3148 presentibus
1378 3024 1556 3118 fratribus
1568 3040 1731 3119 Roberto

316 3172 364 3248 de
397 3174 556 3278 semoy,
588 3174 788 3279 badulpho
823 3173 870 3249 de
903 3173 1043 3251 Grandi
1073 3173 1235 3263 Villarii,
1263 3174 1453 3251 lohannes
1479 3174 1525 3249 de
1551 3173 1733 3279 Ningran-

317 3302 418 3379 curia
444 3301 704 3391 servientibus,
732 3303 778 3379 de
800 3331 966 3409 quorum
987 3303 1060 3380 vita
1077 3303 1137 3380 vel
1157 3319 1278 3378 morte
1301 3330 1377 3379 non
1396 3302 1559 3380 habebat
1580 3303 1734 3380 certitu-

316 3431 469 3522 dinem,¹
481 3421 640 3510 in'hunc
653 3434 822 3510 modurn.
837 3435 928 3510 Nam
944 3434 1066 3510 dictus
1083 3451 1254 3539 receptor
1269 3434 1361 3510 dixit
1379 3435 1413 3509 ei
1434 3463 1476 3509 ex
1492 3461 1568 3539 quo
1586 3431 1734 3510 volebat

253 3653 262 3673 ι
316 3590 395 3639 esse
420 3561 532 3639 frater
552 3564 696 3640 ordinis
712 3563 877 3668 Templi,
892 3563 1054 3639 debebat
1069 3564 1234 3668 recipere
1254 3591 1391 3666 panem
1411 3579 1448 3638 et
1467 3591 1600 3667 aquam
1622 3561 1736 3637 Tem-

316 3690 367 3795 pli
397 3708 435 3766 ct
463 3693 586 3768 dicere
618 3693 724 3798 quod
750 3692 898 3769 volebat
926 3720 1007 3769 esse
1035 3720 1163 3769 servus
1182 3709 1219 3767 et
1238 3692 1379 3768 sclavus
1390 3692 1558 3779 'ordinis3
1589 3706 1733 3767 etcum

318 3820 391 3895 hoc
408 3818 560 3895 dixisset
574 3836 613 3895 et
625 3820 798 3925 peciisset
812 3837 882 3906 ter,
899 3820 1034 3896 ultima
1049 3820 1127 3895 vice
1141 3819 1262 3895 dictus
1279 3836 1451 3925 receptor
1466 3820 1560 3897 dixit
1577 3821 1612 3896 ei
1629 3819 1734 3924 quod

318 3948 502 4053 reciperet
521 3975 625 4034 eum,
646 3965 684 4024 et
711 3947 799 4024 lecit
825 3977 914 4025 eum
937 3950 1067 4056 jurare
1100 3976 1213 4053 super
1236 3948 1440 4053 quemdam
1464 3948 1605 4025 librum
1631 3948 1735 4054 quod

320 4077 493 4155 obediret
514 4076 691 4153 omnibus
716 4079 899 4184 preceptis
921 4079 1160 4184 superiorum
1182 4104 1339 4154 suorum
1364 4094 1402 4154 et
1422 4078 1600 4156 omnibus
1624 4105 1736 4184 supe·

319 4206 483 4284 rioribus
503 4208 562 4284 sui
581 4208 740 4294 ordinis,
764 4225 802 4283 et
822 4210 926 4314 quod
944 4226 1104 4285 servaret
1125 4208 1328 4285 castitatem
1349 4224 1387 4284 et
1403 4208 1541 4285 viveret
1556 4209 1635 4285 sine
1648 4230 1736 4314 pro-

320 4338 419 4442 pri03
444 4355 603 4445 postque
624 4339 791 4444 precepit
815 4340 848 4415 ei
870 4340 974 4446 quod
994 4341 1195 4447 abnegaret
1214 4340 1357 4426 Deum,
1375 4355 1413 4416 et
1436 4340 1514 4444 ipse
1538 4340 1644 4416 testis
1663 4338 1737 4416 luit

322 4466 426 4542 valde
439 4468 682 4573 stupefactus,
697 4483 736 4543 et
752 4467 844 4543 dixit
853 4468 953 4546 dicto
974 4469 1156 4576 receptori
1177 4468 1236 4544 bis
1255 4467 1314 4543 vel
1329 4485 1388 4544 ter
1402 4469 1596 4576 quomodo
1610 4487 1737 4581 posset

322 4597 396 4672 hoc
411 4596 548 4690 lacere,
572 4616 610 4676 et
629 4599 750 4676 dictus
764 4616 936 4705 receptor
954 4599 1151 4705 respondit
1170 4598 1203 4674 ei
1225 4598 1329 4704 quod
1341 4599 1413 4676 boc
1432 4599 1629 4704 oportebat
1648 4627 1735 4676 eum

322 4725 458 4814 lacere,
483 4729 571 4834 quia
590 4730 662 4805 hoc
681 4745 759 4804 erat
776 4728 823 4804 de
841 4730 991 4834 punctis
1012 4728 1171 4819 ordinis,
1193 4743 1231 4804 et
1246 4743 1337 4804 tunc
1356 4728 1551 4835 abnegavit
1574 4756 1639 4806 ore
1659 4754 1736 4806 non

324 4857 452 4946 corde,
467 4875 510 4934 ut
524 4858 635 4946 dixin
656 4857 901 4965 postmodum
919 4858 1085 4964 precepit
1107 4858 1142 4935 ei
1168 4857 1273 4964 quod
1296 4874 1449 4963 spueret
1471 4887 1586 4966 super
1607 4886 1738 4965 quam-

1560 4997 1610 5075 lx7.
1644 5030 1647 5035 ·
